4542 6842
673 911 718 976 td
1034 915 1238 971 counurmr
1262 916 1481 970 runcuronn
1589 881 1592 887 ’

671 1065 879 1141 suasionem
906 1059 1043 1156 Virgilii
1068 1059 1209 1134 dederit
1235 1059 1287 1134 eis
1312 1079 1473 1154 passum,
1489 1065 1527 1133 et
1552 1059 1721 1152 quaedam
1747 1079 1845 1154 prae-

671 1194 774 1281 cepta
789 1181 979 1258 servanda.
994 1181 1037 1253 Et
1050 1179 1170 1275 primo
1182 1179 1338 1254 ostendit
1351 1179 1538 1273 quomodo
1547 1181 1636 1254 Cato
1649 1179 1844 1273 respondet

671 1305 840 1382 secundae
853 1302 948 1398 parti
969 1300 1161 1397 petitionis,
1176 1301 1237 1374 ubi
1257 1300 1427 1396 Virgilius
1447 1300 1689 1394 requisiverat
1704 1321 1792 1375 eum
1807 1293 1843 1393 (¹)

670 1447 736 1522 per
755 1442 923 1500 amorem
942 1421 1095 1515 llartiae3
1114 1427 1152 1495 et
1171 1420 1256 1494 dicit
1279 1421 1441 1495 breviter
1461 1420 1560 1514 quod
1581 1421 1759 1514 quamdiu
1777 1420 1847 1494 luit

671 1567 810 1638 secum,
839 1542 924 1617 nibil
949 1541 1014 1615 sibi
1040 1551 1187 1636 gratum
1214 1540 1418 1636 denegarit.
1441 1540 1575 1614 Ordine
1599 1540 1649 1614 sic
1677 1541 1842 1614 literam:

672 1669 754 1740 disr'
767 1666 823 1738 etti
851 1665 982 1752 altura,
1012 1661 1147 1736 scilicet
1183 1661 1241 1735 ille
1270 1661 1382 1734 Cato:
1409 1663 1553 1733 Murrio
1572 1663 1721 1753 piaeque
1748 1667 1844 1733 tuoto

672 1790 746 1878 agli
776 1787 871 1858 occdi
900 1786 991 1874 miei,
1017 1803 1103 1856 cum
1130 1782 1206 1854 suis
1230 1781 1345 1855 oculis
1371 1781 1489 1875 castis,
1517 1790 1647 1855 mentre
1670 1785 1769 1854 cb’io
1791 1785 1846 1874 sui

673 1912 710 1982 dt
728 1928 812 2000 quo,
827 1905 929 1998 idest,
943 1903 1118 1998 quamdiu
1138 1902 1189 1974 lui
1207 1901 1242 1975 in
1262 1902 1322 1975 illo
1342 1902 1455 1976 limbo
1479 1902 1573 1976 inter
1599 1902 1767 1995 illustres,
1786 1903 1846 1973 cite

674 2034 800 2121 quante
811 2027 936 2117 qrozie
953 2027 1042 2096 volte
1058 2025 1107 2096 da
1127 2043 1182 2094 me
1198 2025 1259 2116 sei,
1277 2021 1340 2095 sed
1359 2029 1483 2115 postea
1500 2041 1726 2116 numquam3
1748 2020 1846 2096 unde

673 2147 780 2222 dicit:
807 2167 850 2217 or
876 2164 997 2216 morer
1022 2163 1094 2214 uon
1120 2144 1168 2214 mi
1187 2134 1260 2234 pud
1281 2138 1357 2234 pici,
1382 2142 1484 2236 idest,
1507 2162 1604 2216 nunc
1628 2163 1702 2216 nou
1728 2147 1847 2236 potest

673 2267 829 2361 amplius
854 2266 1002 2338 flectere
1029 2283 1088 2337 me
1115 2263 1295 2357 precibus,
1315 2265 1380 2356 poi
1408 2265 1467 2336 cle
1497 2265 1639 2336 diruere
1662 2266 1701 2335 dt
1725 2253 1762 2335 td
1786 2265 1849 2336 dot

674 2390 748 2460 mul
768 2389 886 2478 fiume,
903 2383 1005 2477 idest,
1026 2383 1063 2454 in
1084 2381 1227 2456 inierno
1244 2403 1310 2477 per
1328 2403 1440 2475 quem
1460 2390 1580 2457 totum
1599 2383 1732 2456 labitur
1750 2382 1846 2457 maia

672 2528 770 2601 aqua
783 2503 1010 2594 Acherontis,
1027 2523 1111 2597 quae
1130 2509 1250 2576 mutat
1267 2524 1401 2576 nomen
1421 2503 1457 2576 in
1474 2502 1625 2577 diversis
1642 2503 1741 2597 locis,
1763 2502 1848 2576 licet

675 2627 721 2700 sit
748 2632 889 2698 tantum
918 2644 991 2696 una
1017 2642 1132 2715 aqua:
1160 2642 1231 2717 ego
1256 2642 1346 2696 vero
1362 2631 1419 2696 sto
1435 2623 1527 2697 citra
1543 2644 1679 2716 aquam
1698 2629 1846 2697 contra-

676 2747 769 2822 riam
797 2745 846 2817 illi
871 2765 955 2839 quac
982 2750 1037 2818 est
1061 2743 1298 2836 innominata,
1316 2751 1353 2817 et
1372 2743 1532 2840 assignat
1551 2764 1702 2817 causam
1729 2763 1847 2836 quare

677 2887 750 2946 non
776 2863 886 2960 possit
916 2863 1056 2938 moveri
1082 2863 1228 2936 dicens:
1251 2885 1318 2956 per
1343 2867 1456 2955 quettu
1480 2867 1578 2954 teque
1607 2866 1666 2935 cle
1692 2866 1785 2955 sotto
1806 2867 1847 2956 su

675 2987 817 3078 quondo
841 3005 895 3056 me
919 2987 1049 3056 n'ucct'
1069 2987 1189 3076 suoru.
1220 2985 1265 3056 Et
1290 2983 1347 3057 bic
1371 2991 1459 3059 nota
1484 2985 1581 3078 quod
1612 2991 1719 3079 poeta
1744 2983 1848 3080 lingit

675 3105 774 3201 quod
800 3105 888 3179 Cato
914 3103 1024 3178 luerit
1048 3103 1253 3176 abstractus
1282 3104 1329 3177 de
1363 3104 1476 3178 limbo
1501 3125 1566 3198 per
1591 3104 1788 3198 Christum,
1809 3109 1848 3177 et

677 3227 873 3300 translatus
898 3224 945 3298 ad
970 3222 1173 3297 custodiam
1200 3223 1310 3296 buius
1335 3225 1558 3319 purgatorii,
1583 3231 1620 3298 et
1645 3231 1734 3298 tunc
1751 3224 1846 3298 lacta

676 3355 731 3422 est
756 3367 851 3420 nova
874 3345 946 3437 lex,
967 3343 1065 3438 quod
1092 3343 1319 3437 quicumque
1339 3344 1491 3419 intraret
1517 3344 1714 3437 infernum,
1736 3365 1848 3416 num-

675 3489 788 3562 quam
807 3472 933 3561 postea
951 3465 1080 3559 exiret,
1102 3485 1187 3557 quae
1207 3465 1266 3538 lex
1285 3485 1358 3538 non
1375 3465 1477 3559 prius
1494 3471 1585 3559 erat,
1603 3464 1688 3559 quia
1708 3465 1849 3558 antiqui

675 3595 797 3685 patres
815 3592 1053 3682 speraverant
1069 3585 1129 3674 diu
1151 3585 1309 3660 evadere
1325 3605 1511 3660 acarcere
1528 3585 1608 3680 illo;
1626 3585 1708 3660 ideo
1725 3586 1848 3660 anima
1962 3583 1964 3587 ’

676 3709 848 3789 damnata
875 3727 947 3780 non
972 3711 1092 3800 potest
1116 3705 1273 3799 amplius
1298 3724 1450 3779 morere
1470 3705 1631 3779 animam
1658 3706 1846 3780 salvatam.

675 3829 743 3902 Alii
768 3834 894 3902 tamen
920 3832 1108 3920 exponunt
1133 3824 1231 3919 quod
1258 3826 1347 3898 Cato
1372 3825 1408 3897 in
1434 3825 1508 3899 vita
1539 3824 1662 3898 omnia
1693 3824 1848 3898 iaciebat

676 3969 805 4024 amore
830 3947 975 4021 virtutis
1000 3953 1037 4020 et
1068 3945 1288 4038 honestatis3
1319 3945 1383 4020 sed
1415 3966 1514 4019 nunc
1539 3946 1722 4042 cognoscit
1748 3946 1847 4040 quod

677 4068 825 4142 felicitas
851 4088 924 4140 non
949 4065 1110 4140 consistit
1139 4065 1175 4138 in
1207 4065 1344 4138 virtute
1373 4066 1431 4139 vel
1462 4065 1661 4159 honestate,
1695 4065 1778 4141 licet
1803 4066 1848 4140 sit

676 4190 735 4264 via
760 4189 806 4264 ad
832 4187 1050 4262 felicitatem.
1077 4186 1143 4259 Alii
1161 4185 1287 4259 dicunt
1304 4186 1402 4279 quod
1425 4205 1521 4260 nova
1539 4186 1598 4260 lex
1616 4185 1709 4260 lacta
1726 4192 1782 4261 est
1795 4177 1847 4280 (¹),

676 4309 812 4384 scilicet
844 4307 1064 4404 evangelica,
1101 4327 1187 4400 quae
1222 4306 1301 4379 vult
1333 4305 1432 4400 quod
1464 4312 1585 4380 morte
1622 4306 1667 4378 sit
1703 4306 1846 4380 linitum

538 4463 541 4470 ·
678 4429 967 4522 matrimonium,
993 4426 1042 4500 ita
1069 4426 1168 4519 quod
1194 4425 1223 4498 si
1248 4424 1337 4499 Cato
1362 4431 1577 4520 resurgeret
1597 4426 1703 4500 bodie
1729 4433 1849 4521 posset

676 4552 814 4625 ducere
838 4549 948 4623 aliam
976 4567 1147 4637 uxorem,
1172 4545 1337 4620 similiter
1362 4544 1487 4619 Martia
1512 4545 1627 4619 alium
1653 4546 1786 4620 virum.
1806 4547 1850 4619 Et

677 4674 727 4747 sic
753 4670 914 4746 dicentes
939 4674 1127 4764 exponunt
1152 4667 1252 4741 illam
1266 4666 1421 4760 literam,
1440 4674 1570 4739 mentre
1593 4670 1655 4740 cite
1679 4671 1782 4762 su'di
1797 4658 1849 4758 ld,

677 4792 813 4867 scilicet
838 4791 875 4865 in
892 4789 1031 4863 mundo
1048 4788 1175 4862 vivens
1192 4808 1278 4862 cum
1297 4808 1353 4879 ea,
1371 4797 1409 4862 et
1426 4793 1514 4861 tunc
1531 4787 1598 4862 leci
1615 4788 1681 4862 sibi
1699 4809 1849 4864 omnem

739 5043 767 5104 t')
784 5049 838 5106 ¹¹⁷,
855 5043 939 5094 ilium·
1126 5043 1154 5106 (¹)
1171 5043 1201 5093 E.
1216 5046 1257 5092 eu
1271 5041 1427 5106 evangelica,
1443 5055 1502 5106 que
1519 5041 1584 5093 rull.
