<?xml version="1.0" encoding="UTF-8"?>
<!DOCTYPE html PUBLIC "-//W3C//DTD XHTML 1.0 Transitional//EN"
    "http://www.w3.org/TR/xhtml1/DTD/xhtml1-transitional.dtd">
<html xmlns="http://www.w3.org/1999/xhtml" xml:lang="en" lang="en">
 <head>
  <title>
</title>
<meta http-equiv="Content-Type" content="text/html;charset=utf-8" />
  <meta name='ocr-system' content='tesseract 3.04.00' />
  <meta name='ocr-capabilities' content='ocr_page ocr_carea ocr_par ocr_line ocrx_word'/>
</head>
<body>
  <div class='ocr_page' id='page_1' title='image "./comentumsuperda01unkngoog_0223.png"; bbox 0 0 4542 6842; ppageno 0'>
   <div class='ocr_carea' id='block_1_1' title="bbox 791 947 1546 1015">
    <p class='ocr_par' dir='ltr' id='par_1_1' title="bbox 791 947 1546 1015">
     <span class='ocr_line' id='line_1_1' title="bbox 791 947 1546 1015; baseline -0.001 -1"><span class='ocrx_word' id='word_1_1' title='bbox 791 960 929 1015; x_wconf 78' lang='lat' dir='ltr'>CANTUS</span> <span class='ocrx_word' id='word_1_2' title='bbox 954 958 1135 1015; x_wconf 80' lang='lat' dir='ltr'><strong>SEPTIMUS·</strong></span> <span class='ocrx_word' id='word_1_3' title='bbox 1478 947 1546 1014; x_wconf 83' lang='grc'><strong>199</strong></span> 
     </span>
    </p>
   </div>
   <div class='ocr_carea' id='block_1_2' title="bbox 376 1104 1563 3121">
    <p class='ocr_par' dir='ltr' id='par_1_2' title="bbox 376 1104 1563 3121">
     <span class='ocr_line' id='line_1_2' title="bbox 378 1104 1563 1204; baseline -0.003 -22"><span class='ocrx_word' id='word_1_4' title='bbox 378 1107 513 1183; x_wconf 87' lang='lat' dir='ltr'><strong>scilieet</strong></span> <span class='ocrx_word' id='word_1_5' title='bbox 537 1113 686 1204; x_wconf 88' lang='lat' dir='ltr'><strong>peccata</strong></span> <span class='ocrx_word' id='word_1_6' title='bbox 712 1125 795 1181; x_wconf 90' lang='lat' dir='ltr'><strong>mea</strong></span> <span class='ocrx_word' id='word_1_7' title='bbox 821 1126 895 1180; x_wconf 93' lang='lat' dir='ltr'><strong>non</strong></span> <span class='ocrx_word' id='word_1_8' title='bbox 919 1104 1178 1181; x_wconf 89' lang='lat' dir='ltr'><strong>demersissent</strong></span> <span class='ocrx_word' id='word_1_9' title='bbox 1199 1124 1261 1179; x_wconf 90' lang='lat' dir='ltr'><strong>me</strong></span> <span class='ocrx_word' id='word_1_10' title='bbox 1285 1105 1323 1178; x_wconf 92' lang='lat' dir='ltr'><strong>in</strong></span> <span class='ocrx_word' id='word_1_11' title='bbox 1347 1104 1563 1199; x_wconf 59' lang='lat' dir='ltr'><strong>internum5&#39;</strong></span> 
     </span>
     <span class='ocr_line' id='line_1_3' title="bbox 379 1224 1552 1324; baseline -0.003 -23"><span class='ocrx_word' id='word_1_12' title='bbox 379 1248 541 1323; x_wconf 86' lang='lat' dir='ltr'><strong>qnorum</strong></span> <span class='ocrx_word' id='word_1_13' title='bbox 570 1227 822 1324; x_wconf 88' lang='lat' dir='ltr'><strong>poenituissem</strong></span> <span class='ocrx_word' id='word_1_14' title='bbox 852 1226 893 1300; x_wconf 88' lang='lat' dir='ltr'><strong>si</strong></span> <span class='ocrx_word' id='word_1_15' title='bbox 911 1225 1121 1301; x_wconf 85' lang='lat' dir='ltr'>habuissem</span> <span class='ocrx_word' id='word_1_16' title='bbox 1154 1224 1275 1320; x_wconf 85' lang='lat' dir='ltr'><strong>fidem,</strong></span> <span class='ocrx_word' id='word_1_17' title='bbox 1296 1246 1357 1299; x_wconf 75' lang='lat' dir='ltr'><strong>aaa</strong></span> <span class='ocrx_word' id='word_1_18' title='bbox 1383 1248 1450 1319; x_wconf 81' lang='lat' dir='ltr'><strong>per</strong></span> <span class='ocrx_word' id='word_1_19' title='bbox 1479 1248 1552 1299; x_wconf 81' lang='lat' dir='ltr'><strong>oon</strong></span> 
     </span>
     <span class='ocr_line' id='line_1_4' title="bbox 376 1342 1551 1444; baseline 0.001 -23"><span class='ocrx_word' id='word_1_20' title='bbox 376 1352 472 1442; x_wconf 84' lang='lat' dir='ltr'><strong>sore,</strong></span> <span class='ocrx_word' id='word_1_21' title='bbox 485 1342 678 1441; x_wconf 84' lang='lat' dir='ltr'><strong>scilicet(¹),</strong></span> <span class='ocrx_word' id='word_1_22' title='bbox 692 1366 804 1442; x_wconf 83' lang='lat' dir='ltr'><strong>opera</strong></span> <span class='ocrx_word' id='word_1_23' title='bbox 817 1345 1175 1421; x_wconf 79' lang='lat' dir='ltr'><strong>meritoria-Loco.</strong></span> <span class='ocrx_word' id='word_1_24' title='bbox 1185 1346 1251 1420; x_wconf 89' lang='lat' dir='ltr'><strong>Hic</strong></span> <span class='ocrx_word' id='word_1_25' title='bbox 1264 1346 1446 1444; x_wconf 84' lang='lat' dir='ltr'><strong>Virgilius,</strong></span> <span class='ocrx_word' id='word_1_26' title='bbox 1455 1346 1551 1422; x_wconf 88' lang='lat' dir='ltr'><strong>dicto</strong></span> 
     </span>
     <span class='ocr_line' id='line_1_5' title="bbox 380 1465 1551 1563; baseline 0 -22"><span class='ocrx_word' id='word_1_27' title='bbox 380 1467 566 1563; x_wconf 88' lang='lat' dir='ltr'><strong>quomodo</strong></span> <span class='ocrx_word' id='word_1_28' title='bbox 593 1466 757 1541; x_wconf 81' lang='lat' dir='ltr'><strong>transivit</strong></span> <span class='ocrx_word' id='word_1_29' title='bbox 781 1486 847 1561; x_wconf 88' lang='lat' dir='ltr'><strong>per</strong></span> <span class='ocrx_word' id='word_1_30' title='bbox 872 1465 995 1539; x_wconf 91' lang='lat' dir='ltr'><strong>omnia</strong></span> <span class='ocrx_word' id='word_1_31' title='bbox 1021 1466 1101 1541; x_wconf 91' lang='lat' dir='ltr'><strong>loca</strong></span> <span class='ocrx_word' id='word_1_32' title='bbox 1126 1465 1271 1560; x_wconf 83' lang='lat' dir='ltr'><strong>interni,</strong></span> <span class='ocrx_word' id='word_1_33' title='bbox 1292 1466 1407 1563; x_wconf 88' lang='lat' dir='ltr'><strong>tangit</strong></span> <span class='ocrx_word' id='word_1_34' title='bbox 1427 1467 1551 1541; x_wconf 90' lang='lat' dir='ltr'><strong>locum</strong></span> 
     </span>
     <span class='ocr_line' id='line_1_6' title="bbox 380 1585 1549 1683; baseline 0 -21"><span class='ocrx_word' id='word_1_35' title='bbox 380 1608 457 1662; x_wconf 86' lang='lat' dir='ltr'><strong>suae</strong></span> <span class='ocrx_word' id='word_1_36' title='bbox 478 1586 685 1675; x_wconf 58' lang='lat' dir='ltr'><strong>residentia,</strong></span> <span class='ocrx_word' id='word_1_37' title='bbox 709 1587 746 1662; x_wconf 92' lang='lat' dir='ltr'><strong>in</strong></span> <span class='ocrx_word' id='word_1_38' title='bbox 768 1586 921 1680; x_wconf 81' lang='lat' dir='ltr'><strong>inferno,</strong></span> <span class='ocrx_word' id='word_1_39' title='bbox 942 1585 1083 1660; x_wconf 83' lang='lat' dir='ltr'><strong>dicens:</strong></span> <span class='ocrx_word' id='word_1_40' title='bbox 1103 1590 1208 1677; x_wconf 85' lang='lat' dir='ltr'><strong>Loco,</strong></span> <span class='ocrx_word' id='word_1_41' title='bbox 1230 1586 1377 1683; x_wconf 86' lang='lat' dir='ltr'><strong>scilicet,</strong></span> <span class='ocrx_word' id='word_1_42' title='bbox 1403 1588 1549 1683; x_wconf 84' lang='lat' dir='ltr'><strong>limbus,</strong></span> 
     </span>
     <span class='ocr_line' id='line_1_7' title="bbox 380 1698 1548 1807; baseline -0.001 -24"><span class='ocrx_word' id='word_1_43' title='bbox 380 1702 401 1783; x_wconf 75' lang='grc' dir='ltr'><em>ἐ</em></span> <span class='ocrx_word' id='word_1_44' title='bbox 423 1698 460 1782; x_wconf 78' lang='grc' dir='ltr'><strong>ἰὰ</strong></span> <span class='ocrx_word' id='word_1_45' title='bbox 483 1704 557 1807; x_wconf 75' lang='lat' dir='ltr'><strong>girl,</strong></span> <span class='ocrx_word' id='word_1_46' title='bbox 583 1708 728 1802; x_wconf 87' lang='lat' dir='ltr'><strong>scilicet,</strong></span> <span class='ocrx_word' id='word_1_47' title='bbox 755 1706 792 1779; x_wconf 90' lang='lat' dir='ltr'><strong>in</strong></span> <span class='ocrx_word' id='word_1_48' title='bbox 817 1706 970 1800; x_wconf 82' lang='lat' dir='ltr'><strong>interno,</strong></span> <span class='ocrx_word' id='word_1_49' title='bbox 992 1726 1064 1779; x_wconf 83' lang='lat' dir='ltr'><strong>non</strong></span> <span class='ocrx_word' id='word_1_50' title='bbox 1085 1709 1185 1779; x_wconf 68' lang='lat' dir='ltr'><strong>triste</strong></span> <span class='ocrx_word' id='word_1_51' title='bbox 1210 1709 1260 1780; x_wconf 78' lang='lat' dir='ltr'><strong>da</strong></span> <span class='ocrx_word' id='word_1_52' title='bbox 1284 1701 1436 1800; x_wconf 69' lang='lat' dir='ltr'><strong>martti,</strong></span> <span class='ocrx_word' id='word_1_53' title='bbox 1461 1709 1548 1803; x_wconf 91' lang='lat' dir='ltr'><strong>quia</strong></span> 
     </span>
     <span class='ocr_line' id='line_1_8' title="bbox 379 1825 1550 1921; baseline 0 -19"><span class='ocrx_word' id='word_1_54' title='bbox 379 1827 429 1902; x_wconf 90' lang='lat' dir='ltr'><strong>ibi</strong></span> <span class='ocrx_word' id='word_1_55' title='bbox 450 1850 524 1904; x_wconf 93' lang='lat' dir='ltr'><strong>non</strong></span> <span class='ocrx_word' id='word_1_56' title='bbox 541 1828 721 1903; x_wconf 87' lang='lat' dir='ltr'><strong>habemus</strong></span> <span class='ocrx_word' id='word_1_57' title='bbox 737 1846 884 1921; x_wconf 88' lang='lat' dir='ltr'><strong>poenam</strong></span> <span class='ocrx_word' id='word_1_58' title='bbox 903 1846 1043 1919; x_wconf 86' lang='lat' dir='ltr'><strong>sensus,</strong></span> <span class='ocrx_word' id='word_1_59' title='bbox 1061 1825 1124 1900; x_wconf 89' lang='lat' dir='ltr'><strong>sed</strong></span> <span class='ocrx_word' id='word_1_60' title='bbox 1142 1846 1289 1919; x_wconf 85' lang='lat' dir='ltr'><strong>poenam</strong></span> <span class='ocrx_word' id='word_1_61' title='bbox 1308 1826 1445 1921; x_wconf 86' lang='lat' dir='ltr'><strong>damni,</strong></span> <span class='ocrx_word' id='word_1_62' title='bbox 1462 1827 1550 1921; x_wconf 84' lang='lat' dir='ltr'><strong>quia</strong></span> 
     </span>
     <span class='ocr_line' id='line_1_9' title="bbox 380 1945 1551 2043; baseline -0.002 -20"><span class='ocrx_word' id='word_1_63' title='bbox 380 1970 510 2023; x_wconf 90' lang='lat' dir='ltr'><strong>sumus</strong></span> <span class='ocrx_word' id='word_1_64' title='bbox 535 1947 666 2043; x_wconf 85' lang='lat' dir='ltr'><strong>privati</strong></span> <span class='ocrx_word' id='word_1_65' title='bbox 691 1945 829 2021; x_wconf 79' lang='lat' dir='ltr'><strong>visione</strong></span> <span class='ocrx_word' id='word_1_66' title='bbox 855 1945 940 2040; x_wconf 85' lang='lat' dir='ltr'><strong>Dei3</strong></span> <span class='ocrx_word' id='word_1_67' title='bbox 960 1947 1058 2022; x_wconf 90' lang='lat' dir='ltr'><strong>unde</strong></span> <span class='ocrx_word' id='word_1_68' title='bbox 1082 1945 1185 2021; x_wconf 87' lang='lat' dir='ltr'><strong>dicit:</strong></span> <span class='ocrx_word' id='word_1_69' title='bbox 1212 1950 1371 2020; x_wconf 83' lang='lat' dir='ltr'><strong>museto</strong></span> <span class='ocrx_word' id='word_1_70' title='bbox 1395 1950 1434 2022; x_wconf 77' lang='lat' dir='ltr'><strong>dt</strong></span> <span class='ocrx_word' id='word_1_71' title='bbox 1458 1955 1551 2021; x_wconf 67' lang='lat' dir='ltr'><strong>wne-</strong></span> 
     </span>
     <span class='ocr_line' id='line_1_10' title="bbox 379 2065 1551 2164; baseline 0.001 -23"><span class='ocrx_word' id='word_1_72' title='bbox 379 2069 454 2159; x_wconf 80' lang='lat' dir='ltr'><strong>lrre,</strong></span> <span class='ocrx_word' id='word_1_73' title='bbox 481 2067 584 2161; x_wconf 76' lang='lat' dir='ltr'><strong>idest,</strong></span> <span class='ocrx_word' id='word_1_74' title='bbox 610 2065 842 2140; x_wconf 85' lang='lat' dir='ltr'><strong>solummodo</strong></span> <span class='ocrx_word' id='word_1_75' title='bbox 869 2066 978 2140; x_wconf 86' lang='lat' dir='ltr'><strong>tristis</strong></span> <span class='ocrx_word' id='word_1_76' title='bbox 1005 2067 1184 2142; x_wconf 88' lang='lat' dir='ltr'><strong>tenebris:</strong></span> <span class='ocrx_word' id='word_1_77' title='bbox 1201 2066 1265 2141; x_wconf 89' lang='lat' dir='ltr'><strong>sed</strong></span> <span class='ocrx_word' id='word_1_78' title='bbox 1290 2077 1419 2144; x_wconf 92' lang='lat' dir='ltr'><strong>contra</strong></span> <span class='ocrx_word' id='word_1_79' title='bbox 1444 2075 1551 2164; x_wconf 86' lang='lat' dir='ltr'><strong>poeta</strong></span> 
     </span>
     <span class='ocr_line' id='line_1_11' title="bbox 379 2185 1552 2282; baseline 0.001 -20"><span class='ocrx_word' id='word_1_80' title='bbox 379 2186 551 2263; x_wconf 81' lang='lat' dir='ltr'><strong>describit</strong></span> <span class='ocrx_word' id='word_1_81' title='bbox 575 2187 672 2260; x_wconf 88' lang='lat' dir='ltr'><strong>huno</strong></span> <span class='ocrx_word' id='word_1_82' title='bbox 699 2186 821 2259; x_wconf 90' lang='lat' dir='ltr'><strong>locum</strong></span> <span class='ocrx_word' id='word_1_83' title='bbox 846 2186 907 2260; x_wconf 92' lang='lat' dir='ltr'><strong>llll</strong></span> <span class='ocrx_word' id='word_1_84' title='bbox 933 2186 1089 2282; x_wconf 85' lang='lat' dir='ltr'><strong>capitulo</strong></span> <span class='ocrx_word' id='word_1_85' title='bbox 1115 2187 1249 2262; x_wconf 77' lang='lat' dir='ltr'><strong>Inferni</strong></span> <span class='ocrx_word' id='word_1_86' title='bbox 1270 2185 1499 2262; x_wconf 88' lang='lat' dir='ltr'><strong>luminosum</strong></span> <span class='ocrx_word' id='word_1_87' title='bbox 1514 2195 1552 2263; x_wconf 88' lang='lat' dir='ltr'><strong>et</strong></span> 
     </span>
     <span class='ocr_line' id='line_1_12' title="bbox 379 2305 1551 2404; baseline -0.001 -20"><span class='ocrx_word' id='word_1_88' title='bbox 379 2310 538 2401; x_wconf 57' lang='lat' dir='ltr'><strong>clarung</strong></span> <span class='ocrx_word' id='word_1_89' title='bbox 568 2306 627 2381; x_wconf 84' lang='lat' dir='ltr'><strong>hio</strong></span> <span class='ocrx_word' id='word_1_90' title='bbox 653 2325 743 2381; x_wconf 88' lang='lat' dir='ltr'><strong>rero</strong></span> <span class='ocrx_word' id='word_1_91' title='bbox 773 2305 858 2381; x_wconf 89' lang='lat' dir='ltr'><strong>dicit</strong></span> <span class='ocrx_word' id='word_1_92' title='bbox 888 2306 1008 2401; x_wconf 87' lang='lat' dir='ltr'><strong>ipsum</strong></span> <span class='ocrx_word' id='word_1_93' title='bbox 1038 2308 1286 2383; x_wconf 87' lang='lat' dir='ltr'><strong>tenebrosum.</strong></span> <span class='ocrx_word' id='word_1_94' title='bbox 1319 2308 1395 2383; x_wconf 86' lang='lat' dir='ltr'><strong>Dici</strong></span> <span class='ocrx_word' id='word_1_95' title='bbox 1422 2314 1551 2404; x_wconf 86' lang='lat' dir='ltr'><strong>potest,</strong></span> 
     </span>
     <span class='ocr_line' id='line_1_13' title="bbox 381 2425 1552 2523; baseline -0.002 -20"><span class='ocrx_word' id='word_1_96' title='bbox 381 2428 479 2523; x_wconf 87' lang='lat' dir='ltr'><strong>quod</strong></span> <span class='ocrx_word' id='word_1_97' title='bbox 512 2432 727 2523; x_wconf 75' lang='lat' dir='ltr'><strong>pneuma</strong></span> <span class='ocrx_word' id='word_1_98' title='bbox 757 2425 921 2521; x_wconf 90' lang='lat' dir='ltr'><strong>loquitur</strong></span> <span class='ocrx_word' id='word_1_99' title='bbox 953 2427 1011 2502; x_wconf 91' lang='lat' dir='ltr'><strong>hic</strong></span> <span class='ocrx_word' id='word_1_100' title='bbox 1049 2426 1283 2523; x_wconf 78' lang='lat' dir='ltr'><strong>singulariter</strong></span> <span class='ocrx_word' id='word_1_101' title='bbox 1313 2429 1360 2503; x_wconf 87' lang='lat' dir='ltr'><strong>de</strong></span> <span class='ocrx_word' id='word_1_102' title='bbox 1389 2429 1470 2503; x_wconf 90' lang='lat' dir='ltr'><strong>loco</strong></span> <span class='ocrx_word' id='word_1_103' title='bbox 1496 2428 1552 2502; x_wconf 83' lang='lat' dir='ltr'><strong>ri-</strong></span> 
     </span>
     <span class='ocr_line' id='line_1_14' title="bbox 381 2543 1550 2643; baseline -0.001 -20"><span class='ocrx_word' id='word_1_104' title='bbox 381 2568 510 2631; x_wconf 87' lang='lat' dir='ltr'><strong>rorum</strong></span> <span class='ocrx_word' id='word_1_105' title='bbox 536 2546 731 2620; x_wconf 80' lang='lat' dir='ltr'><strong>illustrium</strong></span> <span class='ocrx_word' id='word_1_106' title='bbox 759 2552 913 2639; x_wconf 84' lang='lat' dir='ltr'><strong>semoto,</strong></span> <span class='ocrx_word' id='word_1_107' title='bbox 931 2546 994 2621; x_wconf 91' lang='lat' dir='ltr'><strong>sed</strong></span> <span class='ocrx_word' id='word_1_108' title='bbox 1012 2547 1058 2623; x_wconf 90' lang='lat' dir='ltr'><strong>de</strong></span> <span class='ocrx_word' id='word_1_109' title='bbox 1083 2552 1160 2622; x_wconf 92' lang='lat' dir='ltr'><strong>toto</strong></span> <span class='ocrx_word' id='word_1_110' title='bbox 1180 2548 1325 2622; x_wconf 89' lang='lat' dir='ltr'><strong>circulo</strong></span> <span class='ocrx_word' id='word_1_111' title='bbox 1345 2548 1464 2643; x_wconf 78' lang='lat' dir='ltr'><strong>lirnbi3</strong></span> <span class='ocrx_word' id='word_1_112' title='bbox 1491 2543 1550 2624; x_wconf 86' lang='lat' dir='ltr'><strong>vel</strong></span> 
     </span>
     <span class='ocr_line' id='line_1_15' title="bbox 380 2665 1552 2760; baseline 0.003 -17"><span class='ocrx_word' id='word_1_113' title='bbox 380 2668 437 2743; x_wconf 90' lang='lat' dir='ltr'><strong>dic</strong></span> <span class='ocrx_word' id='word_1_114' title='bbox 462 2672 501 2743; x_wconf 92' lang='lat' dir='ltr'><strong>et</strong></span> <span class='ocrx_word' id='word_1_115' title='bbox 525 2665 657 2740; x_wconf 86' lang='lat' dir='ltr'><strong>melius</strong></span> <span class='ocrx_word' id='word_1_116' title='bbox 682 2666 781 2760; x_wconf 90' lang='lat' dir='ltr'><strong>quod</strong></span> <span class='ocrx_word' id='word_1_117' title='bbox 806 2665 928 2740; x_wconf 88' lang='lat' dir='ltr'><strong>omnis</strong></span> <span class='ocrx_word' id='word_1_118' title='bbox 955 2666 1014 2741; x_wconf 92' lang='lat' dir='ltr'><strong>illa</strong></span> <span class='ocrx_word' id='word_1_119' title='bbox 1040 2668 1104 2741; x_wconf 82' lang='lat' dir='ltr'><strong>lux</strong></span> <span class='ocrx_word' id='word_1_120' title='bbox 1130 2666 1387 2742; x_wconf 89' lang='lat' dir='ltr'><strong>damnatorum</strong></span> <span class='ocrx_word' id='word_1_121' title='bbox 1414 2675 1470 2743; x_wconf 91' lang='lat' dir='ltr'><strong>est</strong></span> <span class='ocrx_word' id='word_1_122' title='bbox 1495 2678 1552 2760; x_wconf 75' lang='lat' dir='ltr'><strong>te-</strong></span> 
     </span>
     <span class='ocr_line' id='line_1_16' title="bbox 382 2786 1552 2883; baseline 0.002 -22"><span class='ocrx_word' id='word_1_123' title='bbox 382 2788 498 2863; x_wconf 89' lang='lat' dir='ltr'><strong>nebra</strong></span> <span class='ocrx_word' id='word_1_124' title='bbox 524 2793 691 2881; x_wconf 87' lang='lat' dir='ltr'><strong>respectu</strong></span> <span class='ocrx_word' id='word_1_125' title='bbox 718 2786 808 2861; x_wconf 93' lang='lat' dir='ltr'><strong>lucis</strong></span> <span class='ocrx_word' id='word_1_126' title='bbox 838 2786 1114 2882; x_wconf 84' lang='lat' dir='ltr'><strong>salvandornm3</strong></span> <span class='ocrx_word' id='word_1_127' title='bbox 1141 2794 1180 2861; x_wconf 86' lang='lat' dir='ltr'><strong>et</strong></span> <span class='ocrx_word' id='word_1_128' title='bbox 1209 2786 1370 2862; x_wconf 90' lang='lat' dir='ltr'><strong>declarat</strong></span> <span class='ocrx_word' id='word_1_129' title='bbox 1395 2788 1552 2883; x_wconf 91' lang='lat' dir='ltr'><strong>qualita-</strong></span> 
     </span>
     <span class='ocr_line' id='line_1_17' title="bbox 381 2905 1552 3001; baseline -0.003 -18"><span class='ocrx_word' id='word_1_130' title='bbox 381 2914 457 2983; x_wconf 88' lang='lat' dir='ltr'><strong>tem</strong></span> <span class='ocrx_word' id='word_1_131' title='bbox 490 2906 586 2981; x_wconf 92' lang='lat' dir='ltr'><strong>illius</strong></span> <span class='ocrx_word' id='word_1_132' title='bbox 615 2905 696 3001; x_wconf 86' lang='lat' dir='ltr'><strong>loci,</strong></span> <span class='ocrx_word' id='word_1_133' title='bbox 722 2905 868 2981; x_wconf 89' lang='lat' dir='ltr'><strong>dicens:</strong></span> <span class='ocrx_word' id='word_1_134' title='bbox 899 2928 962 2980; x_wconf 86' lang='lat' dir='ltr'><strong>ove</strong></span> <span class='ocrx_word' id='word_1_135' title='bbox 994 2909 1009 2979; x_wconf 83' lang='lat' dir='ltr'><strong>l</strong></span> <span class='ocrx_word' id='word_1_136' title='bbox 1036 2908 1178 2980; x_wconf 80' lang='lat' dir='ltr'><strong>lamenti</strong></span> <span class='ocrx_word' id='word_1_137' title='bbox 1208 2927 1280 2979; x_wconf 81' lang='lat' dir='ltr'><strong>oon</strong></span> <span class='ocrx_word' id='word_1_138' title='bbox 1311 2928 1424 2980; x_wconf 83' lang='lat' dir='ltr'><strong>sonan</strong></span> <span class='ocrx_word' id='word_1_139' title='bbox 1456 2928 1552 2981; x_wconf 81' lang='lat' dir='ltr'><strong>corne</strong></span> 
     </span>
     <span class='ocr_line' id='line_1_18' title="bbox 380 3025 1552 3121; baseline 0 -21"><span class='ocrx_word' id='word_1_140' title='bbox 380 3030 467 3119; x_wconf 63' lang='lat' dir='ltr'><strong>gerat</strong></span> <span class='ocrx_word' id='word_1_141' title='bbox 477 3053 493 3121; x_wconf 89' lang='lat'><em>;</em></span> <span class='ocrx_word' id='word_1_142' title='bbox 520 3027 606 3121; x_wconf 89' lang='lat' dir='ltr'><strong>quia</strong></span> <span class='ocrx_word' id='word_1_143' title='bbox 631 3027 678 3103; x_wconf 88' lang='lat' dir='ltr'><strong>ad</strong></span> <span class='ocrx_word' id='word_1_144' title='bbox 704 3046 852 3121; x_wconf 86' lang='lat' dir='ltr'><strong>poenam</strong></span> <span class='ocrx_word' id='word_1_145' title='bbox 885 3025 1053 3121; x_wconf 88' lang='lat' dir='ltr'><strong>seqnitur</strong></span> <span class='ocrx_word' id='word_1_146' title='bbox 1090 3027 1194 3101; x_wconf 93' lang='lat' dir='ltr'><strong>dolor</strong></span> <span class='ocrx_word' id='word_1_147' title='bbox 1219 3033 1257 3101; x_wconf 91' lang='lat' dir='ltr'><strong>et</strong></span> <span class='ocrx_word' id='word_1_148' title='bbox 1281 3027 1458 3121; x_wconf 85' lang='lat' dir='ltr'><strong>planctus,</strong></span> <span class='ocrx_word' id='word_1_149' title='bbox 1492 3049 1552 3100; x_wconf 88' lang='lat' dir='ltr'><strong>ma</strong></span> 
     </span>
    </p>
   </div>
   <div class='ocr_carea' id='block_1_3' title="bbox 245 3145 1551 3242">
    <p class='ocr_par' dir='ltr' id='par_1_3' title="bbox 245 3145 1551 3242">
     <span class='ocr_line' id='line_1_19' title="bbox 245 3145 1551 3242; baseline 0.002 -22"><span class='ocrx_word' id='word_1_150' title='bbox 245 3166 250 3174; x_wconf 90' lang='lat'><strong>·</strong></span> <span class='ocrx_word' id='word_1_151' title='bbox 380 3168 447 3220; x_wconf 80' lang='lat' dir='ltr'><strong>son</strong></span> <span class='ocrx_word' id='word_1_152' title='bbox 471 3150 612 3240; x_wconf 69' lang='lat' dir='ltr'><strong>sospiti,</strong></span> <span class='ocrx_word' id='word_1_153' title='bbox 635 3146 721 3241; x_wconf 90' lang='lat' dir='ltr'><strong>quia</strong></span> <span class='ocrx_word' id='word_1_154' title='bbox 746 3146 792 3221; x_wconf 93' lang='lat' dir='ltr'><strong>ad</strong></span> <span class='ocrx_word' id='word_1_155' title='bbox 817 3145 1038 3221; x_wconf 86' lang='lat' dir='ltr'><strong>desiderium</strong></span> <span class='ocrx_word' id='word_1_156' title='bbox 1065 3146 1233 3241; x_wconf 86' lang='lat' dir='ltr'><strong>sequitur</strong></span> <span class='ocrx_word' id='word_1_157' title='bbox 1258 3147 1473 3242; x_wconf 83' lang='lat' dir='ltr'><strong>suspirium3</strong></span> <span class='ocrx_word' id='word_1_158' title='bbox 1494 3148 1551 3222; x_wconf 88' lang='lat' dir='ltr'><strong>isti</strong></span> 
     </span>
    </p>
   </div>
   <div class='ocr_carea' id='block_1_4' title="bbox 381 3265 1593 4568">
    <p class='ocr_par' dir='ltr' id='par_1_4' title="bbox 381 3265 1593 4568">
     <span class='ocr_line' id='line_1_20' title="bbox 382 3265 1554 3364; baseline 0 -21"><span class='ocrx_word' id='word_1_159' title='bbox 382 3287 472 3364; x_wconf 89' lang='lat' dir='ltr'><strong>ergo</strong></span> <span class='ocrx_word' id='word_1_160' title='bbox 498 3267 680 3362; x_wconf 89' lang='lat' dir='ltr'><strong>suspirant</strong></span> <span class='ocrx_word' id='word_1_161' title='bbox 705 3265 830 3341; x_wconf 83' lang='lat' dir='ltr'><strong>videre</strong></span> <span class='ocrx_word' id='word_1_162' title='bbox 855 3266 986 3339; x_wconf 83' lang='lat' dir='ltr'><strong>ileum.</strong></span> <span class='ocrx_word' id='word_1_163' title='bbox 1019 3268 1062 3341; x_wconf 85' lang='lat' dir='ltr'><strong>Et</strong></span> <span class='ocrx_word' id='word_1_164' title='bbox 1089 3266 1210 3341; x_wconf 84' lang='lat' dir='ltr'><strong>subdit</strong></span> <span class='ocrx_word' id='word_1_165' title='bbox 1240 3266 1411 3364; x_wconf 82' lang='lat' dir='ltr'><strong>Virgilius</strong></span> <span class='ocrx_word' id='word_1_166' title='bbox 1436 3269 1554 3343; x_wconf 88' lang='lat' dir='ltr'><strong>socic-</strong></span> 
     </span>
     <span class='ocr_line' id='line_1_21' title="bbox 382 3385 1553 3485; baseline 0.001 -23"><span class='ocrx_word' id='word_1_167' title='bbox 382 3393 495 3463; x_wconf 86' lang='lat' dir='ltr'><strong>tatem</strong></span> <span class='ocrx_word' id='word_1_168' title='bbox 522 3407 636 3481; x_wconf 88' lang='lat' dir='ltr'><strong>quarn</strong></span> <span class='ocrx_word' id='word_1_169' title='bbox 662 3386 773 3460; x_wconf 90' lang='lat' dir='ltr'><strong>habet</strong></span> <span class='ocrx_word' id='word_1_170' title='bbox 797 3385 835 3459; x_wconf 93' lang='lat' dir='ltr'><strong>in</strong></span> <span class='ocrx_word' id='word_1_171' title='bbox 859 3385 955 3461; x_wconf 88' lang='lat' dir='ltr'><strong>dicto</strong></span> <span class='ocrx_word' id='word_1_172' title='bbox 981 3385 1073 3479; x_wconf 86' lang='lat' dir='ltr'><strong>loco,</strong></span> <span class='ocrx_word' id='word_1_173' title='bbox 1092 3405 1140 3460; x_wconf 92' lang='lat' dir='ltr'><strong>ne</strong></span> <span class='ocrx_word' id='word_1_174' title='bbox 1160 3386 1255 3460; x_wconf 82' lang='lat' dir='ltr'><strong>sorte</strong></span> <span class='ocrx_word' id='word_1_175' title='bbox 1280 3385 1466 3461; x_wconf 64' lang='lat' dir='ltr'><strong>sordens</strong></span> <span class='ocrx_word' id='word_1_176' title='bbox 1482 3410 1553 3485; x_wconf 85' lang='lat' dir='ltr'><strong>pu-</strong></span> 
     </span>
     <span class='ocr_line' id='line_1_22' title="bbox 381 3504 1593 3603; baseline 0.001 -21"><span class='ocrx_word' id='word_1_177' title='bbox 381 3512 477 3583; x_wconf 89' lang='lat' dir='ltr'><strong>taret</strong></span> <span class='ocrx_word' id='word_1_178' title='bbox 503 3506 621 3603; x_wconf 90' lang='lat' dir='ltr'><strong>ipsum</strong></span> <span class='ocrx_word' id='word_1_179' title='bbox 647 3512 746 3579; x_wconf 88' lang='lat' dir='ltr'><strong>stare</strong></span> <span class='ocrx_word' id='word_1_180' title='bbox 771 3504 987 3599; x_wconf 58' lang='lat' dir='ltr'><strong>solitarium3</strong></span> <span class='ocrx_word' id='word_1_181' title='bbox 1014 3506 1107 3579; x_wconf 91' lang='lat' dir='ltr'><strong>sicut</strong></span> <span class='ocrx_word' id='word_1_182' title='bbox 1132 3513 1171 3580; x_wconf 91' lang='lat' dir='ltr'><strong>et</strong></span> <span class='ocrx_word' id='word_1_183' title='bbox 1195 3506 1272 3601; x_wconf 85' lang='lat' dir='ltr'><strong>ipse</strong></span> <span class='ocrx_word' id='word_1_184' title='bbox 1295 3511 1390 3600; x_wconf 83' lang='lat' dir='ltr'><strong>stat3</strong></span> <span class='ocrx_word' id='word_1_185' title='bbox 1414 3514 1452 3583; x_wconf 84' lang='lat' dir='ltr'><strong>et</strong></span> <span class='ocrx_word' id='word_1_186' title='bbox 1474 3508 1554 3583; x_wconf 86' lang='lat' dir='ltr'><strong>vult</strong></span> <span class='ocrx_word' id='word_1_187' title='bbox 1587 3554 1593 3572; x_wconf 54' lang='grc' dir='ltr'><em>ι</em></span> 
     </span>
     <span class='ocr_line' id='line_1_23' title="bbox 381 3625 1554 3725; baseline 0.001 -22"><span class='ocrx_word' id='word_1_188' title='bbox 381 3627 504 3703; x_wconf 90' lang='lat' dir='ltr'><strong>dicere</strong></span> <span class='ocrx_word' id='word_1_189' title='bbox 528 3627 690 3701; x_wconf 87' lang='lat' dir='ltr'><strong>breviter</strong></span> <span class='ocrx_word' id='word_1_190' title='bbox 707 3627 805 3720; x_wconf 90' lang='lat' dir='ltr'><strong>quod</strong></span> <span class='ocrx_word' id='word_1_191' title='bbox 831 3626 868 3699; x_wconf 90' lang='lat' dir='ltr'><strong>in</strong></span> <span class='ocrx_word' id='word_1_192' title='bbox 893 3625 1006 3700; x_wconf 87' lang='lat' dir='ltr'><strong>lirnbo</strong></span> <span class='ocrx_word' id='word_1_193' title='bbox 1032 3626 1093 3699; x_wconf 95' lang='lat' dir='ltr'><strong>illo</strong></span> <span class='ocrx_word' id='word_1_194' title='bbox 1116 3634 1201 3700; x_wconf 92' lang='lat' dir='ltr'><strong>sunt</strong></span> <span class='ocrx_word' id='word_1_195' title='bbox 1218 3626 1293 3702; x_wconf 86' lang='lat' dir='ltr'><strong>duo</strong></span> <span class='ocrx_word' id='word_1_196' title='bbox 1308 3648 1446 3724; x_wconf 87' lang='lat' dir='ltr'><strong>genera</strong></span> <span class='ocrx_word' id='word_1_197' title='bbox 1467 3648 1554 3725; x_wconf 87' lang='lat' dir='ltr'><strong>per-</strong></span> 
     </span>
     <span class='ocr_line' id='line_1_24' title="bbox 382 3744 1553 3845; baseline 0.002 -22"><span class='ocrx_word' id='word_1_198' title='bbox 382 3768 570 3842; x_wconf 88' lang='lat' dir='ltr'><strong>sonarum,</strong></span> <span class='ocrx_word' id='word_1_199' title='bbox 596 3746 742 3839; x_wconf 84' lang='lat' dir='ltr'><strong>scilicet,</strong></span> <span class='ocrx_word' id='word_1_200' title='bbox 761 3746 902 3841; x_wconf 86' lang='lat' dir='ltr'><strong>parvuli</strong></span> <span class='ocrx_word' id='word_1_201' title='bbox 926 3744 1148 3839; x_wconf 87' lang='lat' dir='ltr'><strong>innocentes,</strong></span> <span class='ocrx_word' id='word_1_202' title='bbox 1165 3752 1203 3820; x_wconf 88' lang='lat' dir='ltr'><strong>et</strong></span> <span class='ocrx_word' id='word_1_203' title='bbox 1223 3746 1291 3821; x_wconf 88' lang='lat' dir='ltr'><strong>riri</strong></span> <span class='ocrx_word' id='word_1_204' title='bbox 1317 3747 1470 3823; x_wconf 89' lang='lat' dir='ltr'><strong>virtuosi</strong></span> <span class='ocrx_word' id='word_1_205' title='bbox 1488 3771 1553 3845; x_wconf 88' lang='lat' dir='ltr'><strong>pa-</strong></span> 
     </span>
     <span class='ocr_line' id='line_1_25' title="bbox 381 3858 1554 3965; baseline 0.001 -22"><span class='ocrx_word' id='word_1_206' title='bbox 381 3867 477 3965; x_wconf 88' lang='lat' dir='ltr'><strong>gani.</strong></span> <span class='ocrx_word' id='word_1_207' title='bbox 505 3867 596 3943; x_wconf 84' lang='lat' dir='ltr'><strong>llicit</strong></span> <span class='ocrx_word' id='word_1_208' title='bbox 622 3886 712 3965; x_wconf 91' lang='lat' dir='ltr'><strong>crgo</strong></span> <span class='ocrx_word' id='word_1_209' title='bbox 736 3867 831 3942; x_wconf 86' lang='lat' dir='ltr'><strong>hene</strong></span> <span class='ocrx_word' id='word_1_210' title='bbox 846 3858 909 3959; x_wconf 58' lang='grc' dir='ltr'><strong>(ἢκ</strong></span> <span class='ocrx_word' id='word_1_211' title='bbox 936 3870 1030 3958; x_wconf 68' lang='lat' dir='ltr'><strong>quvi</strong></span> <span class='ocrx_word' id='word_1_212' title='bbox 1052 3873 1106 3940; x_wconf 78' lang='lat' dir='ltr'><strong>ato</strong></span> <span class='ocrx_word' id='word_1_213' title='bbox 1129 3869 1166 3939; x_wconf 82' lang='lat' dir='ltr'><strong>io</strong></span> <span class='ocrx_word' id='word_1_214' title='bbox 1196 3870 1252 3939; x_wconf 82' lang='lat' dir='ltr'><strong>cot</strong></span> <span class='ocrx_word' id='word_1_215' title='bbox 1276 3872 1420 3960; x_wconf 72' lang='lat' dir='ltr'><strong>parvul</strong></span> <span class='ocrx_word' id='word_1_216' title='bbox 1449 3874 1554 3945; x_wconf 82' lang='lat' dir='ltr'><strong>iano-</strong></span> 
     </span>
     <span class='ocr_line' id='line_1_26' title="bbox 382 3985 1553 4083; baseline 0.001 -20"><span class='ocrx_word' id='word_1_217' title='bbox 382 3992 482 4081; x_wconf 83' lang='lat' dir='ltr'><strong>centi,</strong></span> <span class='ocrx_word' id='word_1_218' title='bbox 500 3988 564 4083; x_wconf 85' lang='lat' dir='ltr'><strong>qui</strong></span> <span class='ocrx_word' id='word_1_219' title='bbox 585 4008 658 4062; x_wconf 90' lang='lat' dir='ltr'><strong>non</strong></span> <span class='ocrx_word' id='word_1_220' title='bbox 683 3994 930 4083; x_wconf 86' lang='lat' dir='ltr'><strong>peccaverunt</strong></span> <span class='ocrx_word' id='word_1_221' title='bbox 949 3985 1153 4081; x_wconf 85' lang='lat' dir='ltr'><strong>actualiter,</strong></span> <span class='ocrx_word' id='word_1_222' title='bbox 1174 3988 1261 4081; x_wconf 86' lang='lat' dir='ltr'><strong>quia</strong></span> <span class='ocrx_word' id='word_1_223' title='bbox 1279 4009 1353 4063; x_wconf 94' lang='lat' dir='ltr'><strong>non</strong></span> <span class='ocrx_word' id='word_1_224' title='bbox 1370 3990 1553 4066; x_wconf 89' lang='lat' dir='ltr'><strong>habebant</strong></span> 
     </span>
     <span class='ocr_line' id='line_1_27' title="bbox 382 4108 1554 4204; baseline -0.001 -19"><span class='ocrx_word' id='word_1_225' title='bbox 382 4108 503 4185; x_wconf 84' lang='lat' dir='ltr'><strong>adhuc</strong></span> <span class='ocrx_word' id='word_1_226' title='bbox 528 4108 757 4201; x_wconf 86' lang='lat' dir='ltr'><strong>electionem,</strong></span> <span class='ocrx_word' id='word_1_227' title='bbox 775 4110 885 4181; x_wconf 69' lang='lat' dir='ltr'><strong>mna</strong></span> <span class='ocrx_word' id='word_1_228' title='bbox 900 4110 962 4181; x_wconf 81' lang='lat' dir='ltr'><strong>dot</strong></span> <span class='ocrx_word' id='word_1_229' title='bbox 982 4110 1076 4181; x_wconf 78' lang='lat' dir='ltr'><strong>dent</strong></span> <span class='ocrx_word' id='word_1_230' title='bbox 1090 4109 1183 4179; x_wconf 79' lang='lat' dir='ltr'><strong>dello</strong></span> <span class='ocrx_word' id='word_1_231' title='bbox 1202 4113 1326 4199; x_wconf 77' lang='lat' dir='ltr'><strong>utorte,</strong></span> <span class='ocrx_word' id='word_1_232' title='bbox 1343 4108 1445 4204; x_wconf 85' lang='lat' dir='ltr'><strong>idest,</strong></span> <span class='ocrx_word' id='word_1_233' title='bbox 1466 4132 1554 4184; x_wconf 89' lang='lat' dir='ltr'><strong>cru-</strong></span> 
     </span>
     <span class='ocr_line' id='line_1_28' title="bbox 382 4228 1552 4325; baseline -0.001 -21"><span class='ocrx_word' id='word_1_234' title='bbox 382 4230 513 4305; x_wconf 91' lang='lat' dir='ltr'><strong>deliter</strong></span> <span class='ocrx_word' id='word_1_235' title='bbox 537 4228 713 4325; x_wconf 87' lang='lat' dir='ltr'><strong>praeventi</strong></span> <span class='ocrx_word' id='word_1_236' title='bbox 731 4228 768 4301; x_wconf 88' lang='lat' dir='ltr'><strong>in</strong></span> <span class='ocrx_word' id='word_1_237' title='bbox 786 4236 912 4303; x_wconf 88' lang='lat' dir='ltr'><strong>tenera</strong></span> <span class='ocrx_word' id='word_1_238' title='bbox 930 4232 1076 4301; x_wconf 69' lang='lat' dir='ltr'><strong>aentea</strong></span> <span class='ocrx_word' id='word_1_239' title='bbox 1098 4234 1219 4301; x_wconf 87' lang='lat' dir='ltr'><strong>morte</strong></span> <span class='ocrx_word' id='word_1_240' title='bbox 1239 4228 1390 4323; x_wconf 90' lang='lat' dir='ltr'><strong>acerba;</strong></span> <span class='ocrx_word' id='word_1_241' title='bbox 1413 4236 1449 4304; x_wconf 87' lang='lat' dir='ltr'><strong>et</strong></span> <span class='ocrx_word' id='word_1_242' title='bbox 1465 4231 1552 4305; x_wconf 86' lang='lat' dir='ltr'><strong>audi</strong></span> 
     </span>
     <span class='ocr_line' id='line_1_29' title="bbox 383 4346 1553 4444; baseline 0 -20"><span class='ocrx_word' id='word_1_243' title='bbox 383 4349 593 4444; x_wconf 88' lang='lat' dir='ltr'><strong>quomodo:</strong></span> <span class='ocrx_word' id='word_1_244' title='bbox 620 4354 747 4421; x_wconf 79' lang='lat' dir='ltr'><strong>ovante</strong></span> <span class='ocrx_word' id='word_1_245' title='bbox 771 4348 831 4420; x_wconf 71' lang='lat' dir='ltr'><strong>elce</strong></span> <span class='ocrx_word' id='word_1_246' title='bbox 852 4352 968 4442; x_wconf 73' lang='lat' dir='ltr'><strong>fossor</strong></span> <span class='ocrx_word' id='word_1_247' title='bbox 996 4349 1113 4438; x_wconf 77' lang='lat' dir='ltr'><strong>cocali,</strong></span> <span class='ocrx_word' id='word_1_248' title='bbox 1140 4346 1242 4441; x_wconf 89' lang='lat' dir='ltr'><strong>idest,</strong></span> <span class='ocrx_word' id='word_1_249' title='bbox 1267 4354 1467 4443; x_wconf 87' lang='lat' dir='ltr'><strong>antequam</strong></span> <span class='ocrx_word' id='word_1_250' title='bbox 1494 4371 1553 4425; x_wconf 90' lang='lat' dir='ltr'><strong>es-</strong></span> 
     </span>
     <span class='ocr_line' id='line_1_30' title="bbox 384 4466 1552 4568; baseline 0.001 -23"><span class='ocrx_word' id='word_1_251' title='bbox 384 4476 464 4567; x_wconf 88' lang='lat' dir='ltr'><strong>sent</strong></span> <span class='ocrx_word' id='word_1_252' title='bbox 498 4468 653 4562; x_wconf 85' lang='lat' dir='ltr'><strong>liberati,</strong></span> <span class='ocrx_word' id='word_1_253' title='bbox 678 4471 762 4543; x_wconf 85' lang='lat' dir='ltr'><strong>doll’</strong></span> <span class='ocrx_word' id='word_1_254' title='bbox 776 4488 908 4541; x_wconf 79' lang='lat' dir='ltr'><strong>amona</strong></span> <span class='ocrx_word' id='word_1_255' title='bbox 933 4470 1047 4558; x_wconf 81' lang='lat' dir='ltr'><strong>colpe,</strong></span> <span class='ocrx_word' id='word_1_256' title='bbox 1080 4466 1184 4561; x_wconf 88' lang='lat' dir='ltr'><strong>idest,</strong></span> <span class='ocrx_word' id='word_1_257' title='bbox 1210 4488 1233 4541; x_wconf 88' lang='lat' dir='ltr'><strong>a</strong></span> <span class='ocrx_word' id='word_1_258' title='bbox 1266 4476 1416 4563; x_wconf 88' lang='lat' dir='ltr'><strong>peccato</strong></span> <span class='ocrx_word' id='word_1_259' title='bbox 1440 4472 1552 4568; x_wconf 89' lang='lat' dir='ltr'><strong>origi-</strong></span> 
     </span>
    </p>
   </div>
   <div class='ocr_carea' id='block_1_5' title="bbox 382 4586 1555 4926">
    <p class='ocr_par' dir='ltr' id='par_1_5' title="bbox 382 4586 1555 4926">
     <span class='ocr_line' id='line_1_31' title="bbox 384 4586 1553 4699; baseline 0.002 -34"><span class='ocrx_word' id='word_1_260' title='bbox 384 4590 467 4665; x_wconf 91' lang='lat' dir='ltr'><strong>nali.</strong></span> <span class='ocrx_word' id='word_1_261' title='bbox 486 4589 530 4663; x_wconf 87' lang='lat' dir='ltr'><strong>Et</strong></span> <span class='ocrx_word' id='word_1_262' title='bbox 550 4589 608 4664; x_wconf 91' lang='lat' dir='ltr'><strong>hic</strong></span> <span class='ocrx_word' id='word_1_263' title='bbox 634 4596 720 4663; x_wconf 90' lang='lat' dir='ltr'><strong>nota</strong></span> <span class='ocrx_word' id='word_1_264' title='bbox 738 4587 836 4683; x_wconf 89' lang='lat' dir='ltr'><strong>quod</strong></span> <span class='ocrx_word' id='word_1_265' title='bbox 853 4592 1045 4683; x_wconf 83' lang='lat' dir='ltr'><strong>peccatum</strong></span> <span class='ocrx_word' id='word_1_266' title='bbox 1062 4586 1240 4683; x_wconf 82' lang='lat' dir='ltr'><strong>originale</strong></span> <span class='ocrx_word' id='word_1_267' title='bbox 1257 4594 1313 4663; x_wconf 88' lang='lat' dir='ltr'><strong>cst</strong></span> <span class='ocrx_word' id='word_1_268' title='bbox 1329 4587 1389 4663; x_wconf 88' lang='lat' dir='ltr'><strong>illa</strong></span> <span class='ocrx_word' id='word_1_269' title='bbox 1407 4591 1553 4699; x_wconf 88' lang='lat' dir='ltr'><strong>macula</strong></span> 
     </span>
     <span class='ocr_line' id='line_1_32' title="bbox 382 4706 1555 4806; baseline 0.001 -21"><span class='ocrx_word' id='word_1_270' title='bbox 382 4731 496 4805; x_wconf 84' lang='lat' dir='ltr'><strong>quam</strong></span> <span class='ocrx_word' id='word_1_271' title='bbox 531 4710 650 4805; x_wconf 87' lang='lat' dir='ltr'><strong>primo</strong></span> <span class='ocrx_word' id='word_1_272' title='bbox 684 4708 864 4785; x_wconf 88' lang='lat' dir='ltr'><strong>contrahit</strong></span> <span class='ocrx_word' id='word_1_273' title='bbox 896 4707 1034 4802; x_wconf 87' lang='lat' dir='ltr'><strong>anima,</strong></span> <span class='ocrx_word' id='word_1_274' title='bbox 1067 4706 1214 4801; x_wconf 81' lang='lat' dir='ltr'><strong>quando</strong></span> <span class='ocrx_word' id='word_1_275' title='bbox 1249 4709 1376 4782; x_wconf 90' lang='lat' dir='ltr'><strong>unitur</strong></span> <span class='ocrx_word' id='word_1_276' title='bbox 1410 4713 1555 4806; x_wconf 85' lang='lat' dir='ltr'><strong>corpori</strong></span> 
     </span>
     <span class='ocr_line' id='line_1_33' title="bbox 384 4821 1554 4926; baseline 0.001 -20"><span class='ocrx_word' id='word_1_277' title='bbox 384 4852 429 4907; x_wconf 90' lang='lat' dir='ltr'><strong>ex</strong></span> <span class='ocrx_word' id='word_1_278' title='bbox 447 4821 484 4923; x_wconf 79' lang='lat'><strong>(³)</strong></span> <span class='ocrx_word' id='word_1_279' title='bbox 510 4829 633 4905; x_wconf 89' lang='lat' dir='ltr'><strong>anima</strong></span> <span class='ocrx_word' id='word_1_280' title='bbox 659 4837 831 4924; x_wconf 89' lang='lat' dir='ltr'><strong>corrupta</strong></span> <span class='ocrx_word' id='word_1_281' title='bbox 851 4848 917 4922; x_wconf 86' lang='lat' dir='ltr'><strong>per</strong></span> <span class='ocrx_word' id='word_1_282' title='bbox 938 4832 1130 4921; x_wconf 87' lang='lat' dir='ltr'><strong>peecatum</strong></span> <span class='ocrx_word' id='word_1_283' title='bbox 1152 4828 1260 4922; x_wconf 88' lang='lat' dir='ltr'><strong>primi</strong></span> <span class='ocrx_word' id='word_1_284' title='bbox 1282 4830 1452 4925; x_wconf 85' lang='lat' dir='ltr'><strong>parentis,</strong></span> <span class='ocrx_word' id='word_1_285' title='bbox 1479 4853 1554 4926; x_wconf 91' lang='lat' dir='ltr'><strong>quo</strong></span> 
     </span>
    </p>
   </div>
   <div class='ocr_carea' id='block_1_6' title="bbox 384 4998 490 5009">
    <p class='ocr_par' dir='ltr' id='par_1_6' title="bbox 384 4998 490 5009">
     <span class='ocr_line' id='line_1_34' title="bbox 384 4998 490 5009; baseline 0 -2"><span class='ocrx_word' id='word_1_286' title='bbox 384 4998 490 5009; x_wconf 81' lang='lat'>....—..-</span> 
     </span>
    </p>
   </div>
   <div class='ocr_carea' id='block_1_7' title="bbox 446 5077 1554 5145">
    <p class='ocr_par' dir='ltr' id='par_1_7' title="bbox 446 5077 1554 5145">
     <span class='ocr_line' id='line_1_35' title="bbox 446 5077 1554 5145; baseline 0.004 -16"><span class='ocrx_word' id='word_1_287' title='bbox 446 5080 474 5143; x_wconf 81' lang='lat'><strong>(¹)</strong></span> <span class='ocrx_word' id='word_1_288' title='bbox 488 5079 514 5129; x_wconf 87' lang='lat' dir='ltr'><strong>S.</strong></span> <span class='ocrx_word' id='word_1_289' title='bbox 530 5080 636 5143; x_wconf 75' lang='lat' dir='ltr'><strong>scilicet,</strong></span> <span class='ocrx_word' id='word_1_290' title='bbox 654 5081 794 5132; x_wconf 78' lang='lat' dir='ltr'><strong>meritoria.</strong></span> <span class='ocrx_word' id='word_1_291' title='bbox 873 5078 901 5143; x_wconf 79' lang='lat'><strong>(¹)</strong></span> <span class='ocrx_word' id='word_1_292' title='bbox 918 5078 948 5129; x_wconf 80' lang='grc' dir='ltr'><strong>Ε.</strong></span> <span class='ocrx_word' id='word_1_293' title='bbox 966 5078 1087 5130; x_wconf 80' lang='lat' dir='ltr'><strong>breviter.</strong></span> <span class='ocrx_word' id='word_1_294' title='bbox 1161 5077 1190 5141; x_wconf 72' lang='lat'><strong>(⁸)</strong></span> <span class='ocrx_word' id='word_1_295' title='bbox 1207 5082 1262 5140; x_wconf 84' lang='grc'><strong>117,</strong></span> <span class='ocrx_word' id='word_1_296' title='bbox 1279 5092 1311 5129; x_wconf 83' lang='lat' dir='ltr'><strong>ex</strong></span> <span class='ocrx_word' id='word_1_297' title='bbox 1327 5092 1406 5131; x_wconf 80' lang='lat' dir='ltr'><strong>carne</strong></span> <span class='ocrx_word' id='word_1_298' title='bbox 1422 5088 1554 5145; x_wconf 80' lang='lat' dir='ltr'><strong>corrupta.</strong></span> 
     </span>
    </p>
   </div>
   <div class='ocr_carea' id='block_1_8' title="bbox 0 0 2280 6836">
    <p class='ocr_par' dir='ltr' id='par_1_8' title="bbox 0 0 2280 6836">
     <span class='ocr_line' id='line_1_36' title="bbox 0 0 2280 6836; baseline 0 0"><span class='ocrx_word' id='word_1_299' title='bbox 0 0 2280 6836; x_wconf 95' lang='lat' dir='ltr'><strong> </strong></span> 
     </span>
    </p>
   </div>
  </div>
 </body>
</html>
