4542 6842
728 1000 869 1058 caurus
893 1003 1052 1060 DEGlMUs
1077 1006 1243 1060 rsnrrus.
1500 993 1571 1060 359

395 1153 500 1226 Nunc
524 1151 571 1226 ad
597 1150 738 1226 literam
765 1157 873 1244 poeta
898 1149 1096 1244 praemittit,
1121 1151 1222 1245 qood
1249 1151 1417 1249 Virgilius
1444 1151 1571 1227 lecerit

396 1292 485 1348 eum
510 1277 692 1348 attentum
718 1269 765 1346 ad
791 1271 884 1346 hane
909 1273 1076 1366 pulcram
1113 1273 1307 1348 materiam
1338 1281 1570 1368 sequentem,

397 1391 543 1467 dicens:
571 1397 634 1465 llo
655 1395 745 1485 ficca
770 1393 820 1482 pti
843 1395 950 1484 occdi,
980 1391 1082 1485 idest,
1113 1393 1399 1488 speculationem
1425 1395 1569 1470 intelle·

397 1512 570 1606 clualem,
589 1513 653 1586 dea
666 1514 747 1605 fise,
764 1511 866 1604 idest,
886 1518 1038 1606 attente,
1057 1534 1126 1605 per
1150 1516 1284 1606 tmio,
1300 1515 1389 1609 qnia
1412 1515 1499 1588 nilril
1516 1515 1574 1589 ri-

396 1631 476 1708 deri
501 1638 619 1728 potest
645 1632 711 1708 nisi
738 1653 803 1728 per
829 1631 992 1708 medium
1017 1633 1126 1729 aeris,
1153 1638 1312 1708 eoedroi
1334 1643 1446 1728 pente,
1467 1637 1572 1732 idest,

270 1745 274 1752 ’
397 1772 516 1848 genus
542 1751 762 1845 invidorum,
793 1755 926 1826 sederet
952 1755 1101 1826 immori
1125 1775 1150 1826 α
1180 1757 1253 1844 noi,
1285 1754 1346 1829 ubi
1361 1747 1399 1848 (¹)
1432 1756 1572 1831 solebat

400 1873 454 1948 ire
479 1878 516 1947 et
533 1872 721 1967 inquirere
738 1891 884 1967 semper
902 1893 996 1946 nova
1014 1871 1061 1947 de
1078 1873 1234 1948 lorlnnis
1251 1874 1455 1968 hominum,
1474 1894 1573 1949 nunc
1646 1890 1650 1898 ·

399 1999 542 2066 cessant
567 2013 591 2068 a
616 1991 677 2066 tall
703 1991 953 2088 inquisitione,
980 2014 999 2066 c
1023 1996 1163 2066 ιιάιοιιιι
1187 1990 1209 2067 θ’
1231 1998 1357 2085 assisa,
1378 1995 1482 2088 idest,
1508 2015 1575 2090 ap·

400 2112 578 2206 podialns,
603 2115 709 2204 leupo
735 2115 772 2186 lo
795 2120 925 2204 modo,
952 2112 1056 2206 idest,
1074 2135 1204 2189 versus
1231 2115 1288 2190 vel
1313 2136 1428 2210 prope
1454 2117 1571 2211 ripam

400 2232 543 2306 montis.
571 2232 615 2306 Et
639 2231 795 2308 ostendit
821 2233 1007 2326 quomodo
1030 2233 1197 2329 paruerit
1214 2241 1396 2330 praecepto
1422 2235 1573 2331 Virgilii,

398 2349 541 2426 dicens:
567 2353 685 2426 ellora
697 2347 760 2444 piri
776 2354 835 2425 cde
846 2355 969 2444 primo
984 2355 1035 2444 pli
1050 2355 1147 2426 occdi
1165 2356 1297 2445 apersi,
1318 2352 1421 2447 idest,
1439 2374 1572 2448 specu·

399 2471 572 2547 lationem
607 2473 804 2548 mentalem
838 2473 973 2548 melius
1006 2473 1165 2568 disposui
1196 2475 1243 2550 ad
1275 2474 1571 2571 cognoscendum

401 2594 499 2687 istos,
523 2594 727 2685 poordo'mi
750 2595 886 2684 iocari,
910 2600 953 2668 ut
977 2593 1121 2668 dixerat
1147 2593 1330 2692 Virgilius,
1355 2617 1374 2669 e
1399 2599 1472 2668 vidi
1498 2615 1575 2668 om·

400 2717 553 2788 drocen
577 2717 700 2805 monti,
721 2711 825 2807 idest,
841 2713 983 2788 animas
1008 2734 1095 2789 cum
1119 2715 1311 2809 mantellis,
1333 2735 1405 2788 nou
1430 2717 1573 2806 avae,

402 2835 477 2909 imo
502 2833 715 2925 conformia,
742 2835 781 2906 ol
804 2835 902 2906 color
925 2835 1017 2906 dello
1028 2836 1160 2926 pietro
1178 2833 1297 2928 *quia
1318 2842 1424 2910 erant
1440 2833 1574 2909 eoloris

401 2953 499 3030 liridi
524 2954 619 3028 sicut
648 2961 763 3048 petra.
789 2953 866 3027 Alia
892 2953 997 3030 litera
1029 2953 1162 3028 habel:
1193 2974 1259 3028 con
1287 2959 1398 3029 martti
1422 2957 1572 3029 alcedo
1714 3035 1719 3046 ,

403 3077 502 3148 dalla
521 3081 627 3167 pena
650 3095 722 3147 non
746 3071 908 3147 diomsi*
922 3065 981 3167 (²);
1002 3072 1065 3148 sed
1092 3073 1192 3168 prior
1217 3073 1322 3150 litera
1347 3073 1492 3149 uidetur
1510 3093 1574 3148 ve-

403 3194 492 3289 rior,
517 3194 600 3270 licet
625 3214 699 3267 non
723 3193 867 3268 diversa
893 3194 930 3267 in
959 3193 1150 3268 sententia.
1164 3199 1259 3268 —E
1278 3197 1349 3286 poi.
1376 3194 1442 3268 llic
1465 3202 1574 3290 poeta

402 3314 573 3390 describit
598 3315 801 3390 orationem
829 3314 1050 3408 invidorum,
1074 3313 1218 3390 dicens:
1240 3319 1351 3407 Epoi
1365 3318 1427 3388 cde
1439 3317 1576 3408 summo

402 3457 450 3512 uo
475 3445 566 3528 poco
597 3431 662 3528 piri
691 3438 825 3524 ovanti,
852 3434 968 3531 magis
1000 3435 1193 3530 propinqui
1224 3434 1304 3529 illis,
1328 3437 1399 3509 odd
1423 3437 1577 3526 mittor:

402 3559 536 3648 Numa,
562 3554 738 3630 advocata
772 3561 1021 3649 peccatorum,
1054 3551 1123 3628 dra
1148 3577 1215 3649 per
1243 3560 1328 3649 aoi,·
1358 3563 1396 3630 et
1427 3555 1479 3630 ita
1506 3576 1576 3630 au-

402 3676 561 3770 diebam,
585 3678 716 3767 pridar
747 3677 901 3767 Melete,
934 3674 1036 3767 idest,
1063 3695 1086 3748 ο
1114 3676 1248 3771 angele
1279 3675 1444 3770 Michael,
1467 3675 1574 3749 truti-

403 3803 511 3870 nator
535 3793 758 3889 animarum,
785 3817 804 3866 e
830 3797 924 3886 Pisr,
949 3794 1051 3887 idest,
1077 3815 1099 3868 o
1125 3802 1251 3870 sancte
1277 3797 1397 3889 Petre,
1415 3795 1576 3891 claviger

405 3915 508 4014 regni
533 3915 726 4009 coelorum,
752 3937 819 3989 coo
843 3919 918 3990 tutti
940 3919 954 3988 ι’
977 3918 1094 4010 sonll;
1119 3917 1265 4011 supple,
1286 3923 1392 3991 orate
1414 3937 1483 4011 pro
1509 3935 1577 3990 no-

405 4036 470 4110 bis.
497 4035 541 4110 ut
566 4035 623 4110 hic
649 4044 747 4131 nola,
764 4036 864 4132 quod
880 4035 936 4109 isti
963 4034 1073 4110 invidi
1091 4056 1191 4111 nnnc
1207 4035 1346 4111 laeiunt
1370 4035 1573 4111 orationem

406 4156 628 4232 contrariam
651 4157 712 4251 illi,
731 4178 843 4251 quarn
864 4156 1029 4232 solebant
1049 4155 1173 4232 lacere
1196 4166 1284 4232 ante
1308 4156 1575 4251 penitentiam,

405 4275 499 4351 sicut
524 4275 674 4372 lingitur
700 4276 913 4351 labularlter
939 4276 1038 4371 qnod
1069 4274 1159 4350 dum
1192 4275 1341 4370 quidam
1371 4276 1515 4351 invidus
1540 4284 1579 4351 et

404 4395 498 4469 alius
523 4415 659 4470 avarus
684 4401 834 4470 orarent
860 4395 897 4470 in
922 4395 1059 4490 templo
1084 4395 1194 4489 lovis,
1215 4395 1420 4471 Mercurius
1443 4395 1576 4469 missus

407 4514 474 4588 luit
498 4515 544 4590 ad
570 4535 634 4589 eos
660 4515 725 4608 qui
744 4514 893 4608 diceret,
912 4515 1010 4609 qnod
1028 4514 1063 4589 id
1081 4515 1181 4609 quod
1200 4536 1299 4590 unos
1315 4523 1467 4611 peteret,
1484 4517 1578 4590 alter

406 4634 588 4731 reciperet
611 4634 857 4730 duplicatum,
884 4641 973 4709 tunc
998 4635 1142 4711 invidus
1166 4635 1383 4731 perveniens
1396 4627 1434 4728 (³)
1454 4635 1580 4731 petivit

406 4765 448 4830 nt
473 4756 540 4831 sibi
565 4763 763 4832 erueretur
782 4777 878 4831 unus
898 4757 1042 4850 oculuS,
1060 4763 1102 4830 ul
1118 4777 1234 4831 avaro
1250 4763 1474 4832 eruerentur
1491 4756 1576 4829 dno,

469 4987 497 5050 (¹)
514 4988 544 5037 E.
561 5002 576 5038 o
594 4993 647 5046 lll,
664 4989 709 5037 nbi
725 4989 851 5039 solebant.

469 5060 496 5126 (¹)
513 5063 550 5113 Le
566 5064 655 5126 parole
671 5063 710 5114 l'ra
727 5067 735 5116 l
751 5065 802 5115 due
818 5065 950 5116 asterischi
967 5078 1013 5114 son
1029 5064 1141 5128 supplite
1156 5065 1225 5129 dagli
1241 5066 1301 5116 altri
1319 5065 1370 5114 dne
1385 5063 1481 5114 Codici.

471 5138 498 5202 (⁸)
514 5139 545 5190 E·
562 5141 729 5204 preveniens.
