4542 6842
807 1004 946 1063 CANTUS
970 1009 1134 1063 TERTIUS.
1488 998 1555 1065 101

384 1153 532 1229 dicens:
563 1173 673 1227 sacza
698 1159 819 1227 costra
843 1155 1014 1228 diruenda
1037 1158 1073 1229 io
1097 1156 1133 1228 ci
1157 1158 1328 1247 confesso,
1354 1154 1457 1249 idest,
1485 1176 1558 1229 non

386 1281 549 1370 rogatus,
584 1294 658 1347 uon
696 1273 905 1368 requisitus,
937 1277 997 1348 cite
1027 1281 1145 1368 questo
1174 1269 1195 1349 ε’
1226 1297 1336 1368 corpo
1366 1296 1474 1351 oman
1499 1277 1560 1349 cite

385 1397 443 1469 coi
466 1396 593 1485 ocdete,
619 1393 724 1488 quasi
748 1393 868 1469 dicat:
895 1394 963 1470 iste
987 1396 1108 1470 socius
1125 1416 1233 1471 meus
1255 1402 1310 1471 est
1327 1397 1454 1471 vivens
1471 1416 1559 1471 cum

387 1533 555 1609 corpore,
575 1534 645 1605 per
674 1516 730 1587 coi
753 1516 781 1588 il
807 1518 898 1590 lum
922 1518 981 1590 del
1001 1520 1074 1590 sole
1096 1520 1134 1591 in
1159 1524 1263 1605 terro
1283 1514 1303 1591 e'
1323 1522 1429 1611 sesso,
1456 1516 1559 1610 idest,

386 1634 568 1727 divisum3
595 1640 632 1708 et
647 1624 683 1726 (¹)
716 1633 822 1709 ideo:
852 1656 925 1709 non
959 1638 1008 1709 ot
1026 1639 1279 1729 mcraoipliote,
1312 1636 1395 1711 licet
1430 1656 1489 1711 res
1515 1636 1561 1709 sit

389 1753 496 1829 valde
521 1752 707 1849 mirabilis,
734 1774 819 1849 quae
843 1775 1034 1849 nunquam
1060 1756 1150 1830 alias
1170 1756 1249 1850 luit,
1267 1756 1353 1850 quia
1375 1755 1442 1831 iste
1462 1756 1561 1830 veuit

387 1894 436 1949 er
461 1873 606 1969 speciali
630 1874 748 1969 gratia
772 1873 857 1949 data
883 1873 948 1948 sibi
973 1896 997 1949 a
1022 1877 1118 1970 lleo;
1147 1875 1243 1951 uude
1265 1875 1371 1951 dicit:
1399 1896 1458 1948 mo
1484 1896 1561 1949 cre-

387 1996 462 2068 dcte
493 1994 554 2067 cte
585 2014 701 2085 cerco,
731 1993 799 2069 iste
830 1994 949 2090 rivus,
980 1998 1019 2069 di
1046 1996 1246 2070 ronercdior
1278 2002 1397 2088 questa
1425 2002 1562 2089 parete,

388 2114 490 2207 idest,
517 2112 777 2189 transcendere
802 2113 912 2187 istum
946 2121 1110 2190 montem
1141 2117 1256 2190 altum
1293 2120 1329 2189 et
1355 2120 1497 2191 rectum
1524 2116 1562 2189 in

388 2234 542 2310 modum
568 2233 677 2307 muri.
704 2233 747 2306 lit
773 2233 928 2309 finaliter
953 2243 1059 2330 poeta
1084 2235 1251 2331 ostendit,
1279 2235 1377 2331 quod
1403 2236 1466 2328 illi,
1492 2237 1562 2309 hoc

388 2356 525 2448 audito,
543 2354 665 2429 statim
683 2353 890 2429 docuerunt
907 2356 1005 2430 viam
1023 2378 1090 2451 pro
1110 2348 1146 2449 (¹)
1167 2378 1240 2451 qua
1261 2356 1432 2453 Virgilius
1456 2354 1563 2431 adiu-

388 2480 494 2551 verat
507 2464 545 2565 (⁸)
572 2494 636 2548 eos
663 2494 686 2547 a
711 2474 912 2569 principi03
943 2476 1042 2551 unde
1072 2476 1321 2552 continuative
1351 2476 1459 2551 dicit:
1492 2467 1563 2549 cosi

389 2598 418 2670 ii
440 2601 608 2686 mqestro,
632 2595 772 2689 supple,
799 2594 970 2691 Virgilius
994 2595 1107 2669 dixit:
1133 2618 1153 2669 c
1177 2600 1290 2697 quella
1311 2603 1409 2688 pente
1433 2598 1563 2687 depncq

390 2714 528 2791 scilicet
551 2712 788 2809 perveniendi
812 2714 1008 2808 aliquando
1033 2715 1080 2790 ad
1096 2716 1366 2813 purgatorium,
1388 2716 1473 2810 quia
1491 2716 1564 2789 sal-

389 2841 467 2910 tem
492 2834 662 2929 poenituit
686 2834 723 2908 in
749 2842 880 2929 morte,
906 2839 1021 2910 doses
1046 2843 1196 2928 wmate,
1220 2835 1415 2911 ostendens
1439 2838 1562 2911 locum

392 2955 574 3049 introitus,
599 2958 728 3029 intrate
743 2958 891 3029 immori
906 2960 1056 3049 demque,
1073 2957 1161 3050 quia
1180 2964 1355 3051 tanquam
1381 2956 1565 3053 digniores

308 3162 311 3167 ⁸
373 3074 532 3151 debetis
557 3076 777 3171 precedere,
803 3076 890 3170 quia
914 3076 983 3151 iste
1007 3076 1113 3151 rivus
1138 3076 1294 3172 providit
1326 3064 1393 3151 sibi
1423 3077 1565 3151 meliori

394 3204 561 3292 tempore
586 3218 699 3291 quam
725 3218 792 3273 nos
806 3185 844 3291 (⁸)
865 3197 976 3292 tardi3
1003 3204 1041 3273 et
1060 3198 1167 3273 dicit:
1194 3200 1249 3271 coi
1264 3200 1360 3271 dorsi
1374 3200 1418 3271 de
1434 3201 1465 3271 le
1482 3218 1565 3271 man

389 3322 539 3413 secondo
569 3320 729 3410 inscqno,
767 3318 902 3394 scilicet
927 3319 1178 3414 sequentibus,
1213 3324 1400 3413 portantes
1433 3338 1566 3391 manus

391 3438 484 3513 altas
521 3445 663 3515 erectas
700 3457 863 3530 sursum,
893 3439 1125 3515 ostendentes
1158 3438 1256 3512 riam
1289 3437 1566 3511 venientibusa

394 3558 514 3655 longe
540 3559 584 3633 lit
609 3579 699 3635 vere
723 3558 895 3655 Virgilius
919 3564 957 3633 et
981 3560 1115 3633 Dantes
1140 3578 1227 3633 cum
1252 3557 1391 3633 deutris
1411 3558 1486 3631 suis
1511 3558 1567 3634 le-

391 3685 523 3754 cerunt
548 3679 647 3755 riam
673 3679 797 3754 multis
821 3679 868 3754 ad
893 3679 1080 3754 virtutem.

466 3803 512 3871 Et
533 3818 582 3873 an
606 3801 645 3873 di
667 3802 757 3874 loro.
783 3800 854 3873 ista
879 3805 935 3873 est
968 3797 1075 3873 tertia
1104 3804 1143 3873 et
1174 3797 1303 3872 ultima
1336 3819 1421 3892 pars
1456 3798 1566 3873 huius

393 3917 491 3993 tertii
515 3918 674 4013 capituli,
708 3918 746 3993 in
775 3940 850 4012 qua
879 3924 987 4014 poeta
1017 3917 1214 3992 introducit
1245 3908 1363 3991 unum
1397 3916 1565 4013 spiritum

395 4037 614 4112 modernum
642 4037 822 4113 illustrem
847 4038 912 4133 qui
935 4038 1004 4113 luit
1029 4038 1192 4112 maxime
1216 4036 1367 4113 inlestus
1392 4039 1565 4115 ecclesie.

396 4157 440 4231 lit
464 4158 585 4253 primo
610 4159 797 4253 praemittit
821 4160 1025 4234 orationem
1052 4158 1147 4232 illius
1170 4158 1217 4233 ad
1234 4178 1275 4233 se
1290 4158 1433 4233 dicens:
1461 4164 1506 4233 m
1519 4180 1569 4235 nn

394 4283 433 4355 di
448 4284 538 4355 loro.
559 4281 625 4355 llic
642 4289 724 4356 erat
741 4302 807 4357 rer
824 4281 1043 4374 Manlredus,
1057 4281 1132 4356 dux
1148 4272 1185 4374 (⁶)
1205 4280 1449 4376 principaliter
1465 4280 1568 4355 istius

394 4407 505 4477 sectae
527 4400 750 4495 animarum,
767 4394 986 4493 incomincid,
1006 4402 1146 4497 supple,
1167 4400 1290 4476 dicere
1313 4399 1421 4473 mihi:
1447 4402 1569 4473 ction-

393 4539 459 4614 qroe
483 4527 520 4594 tu
542 4523 604 4612 sie,
631 4520 734 4616 idest,
760 4522 987 4615 quicumque
1013 4528 1054 4595 tu
1079 4521 1139 4615 sis,
1165 4520 1202 4594 in
1232 4541 1307 4614 quo
1338 4526 1480 4595 tantum
1508 4542 1569 4597 re-

394 4642 495 4717 lucet
517 4640 636 4737 gratia
661 4642 739 4736 Dei,
765 4642 864 4736 quod
889 4641 996 4715 rivus
1013 4640 1115 4715 vadis
1130 4638 1307 4715 velociter
1323 4639 1370 4715 ad
1391 4646 1567 4735 montem,

392 4756 465 4837 cosi
489 4764 672 4855 cudendo,
698 4762 845 4856 scilicet7
875 4781 924 4839 ne
954 4761 1085 4856 perdas
1116 4766 1274 4856 tempus,
1302 4763 1396 4852 colpt
1424 4764 1452 4834 il
1481 4764 1567 4852 viro,

394 4884 480 4980 quia
501 4884 579 4979 jam
606 4889 713 4977 poeta
739 4882 909 4959 vertebat
924 4882 993 4957 sibi
1010 4888 1158 4979 tergum
1176 4882 1412 4958 retrocedens
1428 4870 1478 4976 (⁶),
1493 4902 1569 4975 pon

460 5066 488 5131 (¹)
505 5072 559 5128 11¹1,
576 5074 604 5119 et
618 5070 689 5121 dicit.
788 5069 887 5131 (Ἣίτ,
903 5082 952 5133 per
966 5084 1055 5133 quum.
1282 5066 1309 5131 (⁸)
1326 5068 1356 5119 Ε.
1373 5068 1495 5119 adiverat.

459 5144 488 5208 (⁸)
503 5145 534 5196 B.
551 5158 605 5199 rot.
788 5147 816 5210 (⁸)
831 5146 863 5197 It.
878 5159 894 5197 e
910 5150 966 5207 tlt,
982 5146 1035 5197 dux
1051 5145 1209 5209 principalis.
1284 5143 1311 5207 (⁶)
1327 5144 1358 5194 lt
1374 5144 1506 5196 recedens
