4542 6842
731 990 869 1046 causus
894 992 1052 1048 uucmus
1076 951 1254 1060 ausurus.
1512 986 1579 1053 391

410 1140 452 1211 et
472 1155 546 1210 non
570 1134 725 1230 appellat
750 1155 837 1210 eum
864 1137 1013 1212 nomine
1028 1138 1188 1234 proprio,
1207 1140 1293 1232 quia
1311 1140 1387 1235 ipse
1413 1143 1582 1216 uoluerat

408 1273 449 1328 se
473 1254 676 1348 nominare,
703 1261 744 1329 ut
769 1255 885 1350 patuit
910 1277 1045 1352 supra:
1073 1261 1251 1350 puaod'io
1275 1261 1465 1333 riorembro
1485 1266 1581 1352 [lpo-

408 1377 457 1454 lt'o
483 1377 639 1469 d'Azzo,·
657 1375 725 1450 iste
749 1376 818 1449 luit
843 1377 900 1450 vir
927 1378 1055 1452 nobilis
1079 1385 1117 1454 et
1141 1379 1288 1454 curialis
1313 1378 1360 1454 de
1384 1379 1579 1475 Ubaldinis,

384 1495 609 1570 clarissima
635 1495 746 1590 stirpe
772 1497 809 1571 in
833 1497 1083 1593 Romaudiola,
1110 1500 1173 1593 qui
1199 1500 1351 1576 luerunt
1369 1500 1431 1574 diu
1453 1507 1582 1597 poten-

409 1620 464 1690 tes
489 1615 526 1688 iu
551 1615 692 1710 alpibus
718 1617 808 1691 eitra
832 1616 1063 1712 Apenninum
1090 1625 1127 1694 et
1155 1620 1262 1712 ultra,
1287 1639 1402 1715 prope
1430 1620 1582 1696 Floren-

410 1733 510 1830 tiam,
536 1736 630 1810 sicut
654 1742 691 1811 et
715 1737 867 1812 comites
892 1736 1087 1833 Guidones,
1114 1739 1161 1813 de
1183 1739 1317 1833 quibus
1336 1741 1415 1834 jam
1441 1741 1578 1815 dictum

409 1860 464 1928 est
488 1875 620 1950 supra3
647 1862 685 1931 et
708 1855 815 1931 dicit:
842 1859 901 1930 obe
933 1861 1051 1932 vivetoe
1086 1876 1194 1932 nosco
1215 1851 1266 1953 (¹),
1304 1859 1452 1956 scilicet,
1486 1867 1581 1935 tem·

408 1992 500 2068 pore
536 1979 661 2049 nostro
698 1976 813 2069 bono,
852 1997 927 2071 quo
965 1977 1001 2050 iu
1039 1977 1279 2053 Romandiola
1311 1979 1459 2075 vigebat
1487 2000 1577 2055 vera

408 2093 573 2170 nobilitas
608 2102 645 2169 et
684 2097 798 2201 multa
830 2097 992 2192 civilitas,
1023 2119 1090 2172 coa
1126 2102 1239 2174 Gmllo
1272 2103 1320 2172 da
1351 2105 1475 2173 Proto.
1508 2101 1579 2175 lste

407 2211 525 2288 Goido
550 2214 617 2289 luit
642 2213 736 2289 allus
768 2216 824 2290 vir
853 2217 991 2312 probus
1022 2218 1068 2293 de
1101 2239 1175 2292 uua
1209 2219 1305 2313 villa,
1332 2240 1417 2313 quae
1446 2220 1580 2294 dicitur

409 2335 526 2428 Prata,
553 2334 590 2408 in
616 2335 753 2410 eisdem
780 2336 955 2431 partibus
981 2338 1094 2411 bomo
1120 2337 1244 2435 magni
1270 2339 1416 2433 valoris,
1436 2340 1499 2434 qui
1525 2340 1580 2414 la-

408 2455 597 2530 miliariter
634 2455 777 2530 vixerat
813 2477 899 2532 cum
938 2457 1007 2532 isto
1044 2458 1090 2532 de
1127 2458 1322 2553 Ubaldinis,
1357 2465 1401 2533 ut
1437 2460 1581 2535 dicetur

406 2575 546 2670 plenius
571 2575 609 2648 iu
634 2575 793 2670 capitulo
806 2577 929 2650 XXIV.
952 2579 1013 2652 Est
1038 2579 1149 2654 etiam
1167 2581 1238 2654 alia
1256 2581 1339 2654 villa
1360 2581 1397 2654 in
1415 2582 1579 2656 Roman-

406 2695 502 2770 diola
526 2696 622 2770 iuter
646 2696 858 2772 Faventiam
891 2705 929 2773 et
958 2700 1183 2794 Ravennam,
1210 2701 1309 2776 unde
1334 2702 1482 2795 quidam
1511 2723 1579 2776 vo-

372 2883 375 2890 .
407 2815 488 2891 luo't
511 2815 623 2891 luisse
648 2817 758 2891 istum
784 2817 999 2894 Guidonem.
1030 2819 1101 2894 Sed
1132 2821 1231 2916 prior
1263 2822 1440 2917 expositio
1469 2815 1578 2915 este)

408 2936 525 3032 magis
542 2957 714 3031 consona,
728 2937 815 3031 quia
831 2945 937 3033 poeta
951 2939 1133 3036 colligavit
1148 2941 1257 3014 istum
1271 2940 1476 3016 Gnidouem
1491 2963 1579 3016 cum

407 3055 468 3130 illo
492 3056 539 3131 de
564 3055 756 3131 Ubaldinis.
771 3062 1002 3150 -Fertempo
1032 3063 1193 3152 lipposa
1220 3061 1286 3135 Hic
1309 3061 1428 3136 Guido
1458 3063 1581 3136 nomi·

408 3176 608 3251 natalium
635 3177 916 3251 romandiolum.
935 3179 1005 3254 iste
1022 3179 1089 3253 luit
1109 3180 1166 3254 vir
1190 3180 1319 3255 nobilis
1344 3189 1381 3256 ct
1405 3181 1507 3256 dives
1531 3182 1578 3256 de

406 3296 582 3391 Arimino,
603 3295 709 3371 cuius
728 3296 862 3372 domus
878 3305 959 3373 erat
984 3300 1208 3375 domicilium
1233 3300 1467 3395 liberalitatis,
1486 3301 1575 3375 nulli

408 3417 560 3492 honesto
585 3417 728 3512 clausa3
748 3420 1036 3494 conversabatur
1052 3421 1135 3494 laete
1152 3443 1237 3495 cum
1258 3421 1429 3496 omuibus
1446 3422 1592 3517 bonis,

405 3535 496 3612 ideo
512 3537 647 3611 Dentes
672 3536 844 3612 describit
866 3539 984 3633 ipsum
1015 3560 1038 3613 a
1071 3540 1247 3615 socictate
1277 3561 1356 3633 sua,
1382 3562 1467 3635 quae
1492 3547 1574 3616 erat

353 3705 356 3712 Δ
406 3663 480 3733 tota
498 3656 696 3732 laudabilis.
715 3657 1121 3755 oieitergo:1octertpo
1144 3664 1304 3751 ltpnoso.
1327 3659 1454 3756 Audio,
1472 3661 1573 3756 quod

407 3779 474 3855 iste
506 3778 664 3854 babebat
697 3779 961 3874 pulcerrimum
992 3787 1102 3875 caput
1130 3781 1345 3877 capillorum
1373 3783 1576 3875 ssavorum3

407 3901 488 3976 ideo
515 3920 581 3995 per
605 3897 841 3994 antiphrasim
877 3900 929 3975 sic
957 3901 1074 3974 dictus
1105 3909 1173 3995 est,
1204 3925 1223 3975 e
1252 3923 1319 3976 sua
1351 3903 1506 3993 bripota,
1530 3902 1579 4000 de

407 4019 589 4093 Arimino:
616 4025 654 4092 et
679 4018 736 4092 bic
762 4025 859 4112 uota,
880 4019 979 4114 quod
1000 4019 1205 4096 Ariminum
1231 4027 1286 4096 cst
1313 4023 1440 4096 nobilis
1457 4027 1494 4096 ct
1510 4043 1579 4096 au·

407 4139 506 4232 tiqua
533 4137 658 4211 civitas
684 4139 933 4214 Romandiolae
958 4161 1070 4236 super
1091 4143 1186 4217 mari
1212 4143 1371 4236 adriaco,
1390 4141 1576 4236 quondam

406 4257 634 4332 fidelissimus
659 4263 787 4353 portus
813 4279 1065 4353 romanorum,
1085 4267 1126 4334 ut
1150 4281 1246 4356 saepe
1271 4266 1370 4357 patet
1394 4260 1490 4355 apud
1517 4261 1578 4333 li-

406 4379 533 4471 vium3
559 4377 686 4452 habuit
720 4380 918 4472 theatrum,
954 4381 1016 4454 ubi
1046 4380 1154 4454 bodie
1186 4380 1319 4457 dicitur
1350 4380 1509 4473 Forum3
1540 4386 1579 4453 et

404 4518 535 4572 arcum
570 4497 849 4592 triumphalem,
884 4499 948 4593 qui
983 4498 1104 4574 adhuc
1140 4505 1308 4594 apparet,
1347 4505 1385 4574 et
1428 4505 1577 4595 pontem

404 4618 681 4714 pulcerrimum.
708 4659 757 4674 -
785 4623 837 4691 La
866 4641 951 4692 casa
985 4624 1218 4694 Trcoersara.
1250 4621 1316 4695 llic
1344 4619 1461 4695 Guido
1503 4640 1576 4695 non

404 4744 596 4814 contentus
622 4738 829 4814 nominasse
854 4759 964 4834 supra
987 4740 1105 4812 solum
1125 4739 1277 4813 Petrum
1295 4740 1574 4814 Traversarium

407 4885 513 4894 -ι-

468 4961 495 5025 (¹)
512 4965 557 5014 tlt
573 4975 589 5012 e
605 4962 636 5012 E.
652 4975 731 5020 vacco,
749 4961 855 5024 scilicet,
868 4967 985 5026 tempore
1000 4966 1088 5014 restro
1104 4963 1173 5014 bono
1188 4963 1292 5027 quomo
1308 4964 1334 5013 iu
1350 4962 1521 5015 Romaudiola
1537 4965 1578 5015 ri-

405 5039 482 5106 gebat
499 5051 559 5089 rere
574 5039 693 5089 nobilitas
708 5044 736 5090 et
752 5039 834 5090 multa
851 5039 991 5090 curialitas.

468 5112 496 5177 (Ἰ
513 5115 539 5166 S.
556 5115 657 5166 udatur
672 5115 755 5180 magis
770 5128 890 5167 musone.
