4542 6842
643 938 714 1005 27⁰
1002 946 1207 1003 cousnnmr
1231 946 1449 1003 nunoxronn

644 1112 725 1168 esse
751 1092 868 1189 magis
893 1097 1084 1187 promptus
1109 1091 1156 1165 ad
1180 1090 1445 1167 absolvendum
1464 1083 1500 1180 (¹)
1527 1110 1639 1183 quam
1673 1090 1719 1165 ad
1750 1111 1816 1166 ne-

643 1211 806 1309 gandum
832 1192 1110 1301 absolutionem.
1138 1211 1223 1286 ideo
1247 1210 1386 1305 optime
1409 1209 1495 1285 dicit
1515 1208 1815 1306 chrysostomus:

641 1334 682 1405 Si
717 1336 811 1405 Deus
849 1332 1028 1424 deniquae,
1067 1352 1179 1424 quare
1214 1332 1382 1407 sacedon
1418 1332 1490 1403 cius
1526 1337 1717 1403 ausurus?
1753 1331 1814 1406 ubi

644 1451 740 1525 enim
768 1450 1026 1546 paterfamilias
1051 1458 1107 1527 est
1132 1451 1258 1547 largus
1274 1450 1501 1544 dispensator
1517 1469 1592 1523 nou
1609 1448 1718 1525 debet
1735 1470 1816 1525 esse

643 1576 752 1647 tenax
767 1564 816 1665 (²).
843 1572 959 1647 Debet
983 1592 1073 1668 ergo
1091 1571 1256 1667 recipere
1271 1591 1295 1645 a
1312 1577 1506 1666 peccatore
1522 1568 1611 1644 illud
1630 1570 1730 1663 quod
1749 1591 1815 1667 po

645 1697 715 1767 test
741 1693 799 1768 vel
826 1694 915 1789 vult,
934 1698 971 1767 et
988 1713 1060 1767 non
1087 1711 1310 1788 exasperare
1326 1711 1413 1766 enm
1435 1690 1637 1767 dummodo
1658 1711 1731 1765 non
1748 1711 1813 1767 ve·

601 1904 606 1915 υ
644 1812 720 1887 niat
744 1833 829 1887 cum
857 1812 1046 1909 superbia;
1075 1811 1172 1887 unde
1196 1810 1304 1887 dicit:
1325 1832 1400 1903 pur
1423 1812 1483 1883 cde
1508 1813 1545 1883 lo
1567 1817 1666 1902 pente
1683 1813 1720 1883 oi
1730 1814 1816 1903 pedi

643 1935 692 2005 mi
709 1935 738 2007 ε’
751 1936 887 2025 mont,
905 1933 1007 2028 idest,
1027 1938 1233 2027 prosternat
1248 1952 1289 2007 se
1305 1930 1493 2007 humiliter
1510 1941 1636 2025 petens
1653 1930 1812 2005 veniam.

643 2092 692 2107 -
705 2055 779 2127 Pol.
799 2053 864 2127 ilic
880 2060 987 2148 poeta
1009 2051 1124 2148 tangit
1140 2052 1367 2148 apertionem
1386 2058 1501 2145 portae
1519 2058 1556 2127 et
1576 2050 1816 2125 introductio·

643 2192 727 2247 nem
754 2192 859 2247 suam
886 2192 972 2249 cum
999 2172 1149 2247 consilio
1173 2170 1314 2268 angeli3
1332 2171 1430 2247 unde
1451 2170 1556 2245 dicit:
1575 2174 1655 2261 rot,
1672 2170 1733 2245 ille
1749 2191 1816 2247 an-

643 2292 758 2389 gelus,
780 2295 882 2385 pinse
907 2294 1035 2367 loscio
1060 2295 1134 2365 olla
1145 2299 1256 2384 portu
1271 2298 1430 2383 ruarmo,
1447 2288 1594 2384 scilicet,
1612 2310 1742 2365 versus
1758 2291 1817 2367 in-

643 2412 817 2487 teriorem
837 2434 921 2508 quae
938 2419 1071 2509 purgat
1088 2417 1248 2507 peccata,
1269 2414 1436 2485 dmmdm
1453 2414 1592 2501 introte,
1616 2409 1703 2504 quia
1714 2412 1817 2506 juste

644 2531 774 2627 petisti,
792 2552 832 2607 es
857 2532 988 2629 dignus
1014 2530 1281 2625 misericordia3
1298 2552 1358 2603 mo
1375 2532 1526 2625 soccionr'
1549 2532 1692 2622 accorti,
1710 2530 1816 2623 quasi
1928 2527 1930 2531 ’

642 2650 760 2727 dicat:
789 2651 902 2727 reddo
926 2672 991 2726 vos
1016 2658 1155 2747 cautos,
1173 2653 1234 2725 cle
1257 2652 1296 2725 di
1314 2654 1400 2745 litor
1419 2656 1526 2723 torno
1545 2650 1600 2723 ca·
1613 2651 1762 2723 ’emeca
1785 2654 1818 2725 si

642 2780 765 2865 mutu,
799 2772 901 2867 idest,
938 2773 1165 2867 quicumque
1198 2778 1340 2847 temere
1374 2769 1519 2865 respicit
1553 2768 1618 2843 sibl
1653 2791 1676 2845 a
1709 2776 1815 2867 tergo

646 2892 876 2967 exclauditur
890 2884 927 2985 (³)
955 2900 1060 2968 extra
1086 2899 1229 2988 portam
1261 2897 1415 2967 sacratae
1439 2888 1603 2983 civitatis
1629 2892 1733 2983 quasi
1759 2891 1815 2966 di·

644 3019 726 3087 cat:
761 3013 825 3108 qui
858 3012 1035 3088 relabitur
1068 3013 1103 3085 in
1136 3018 1297 3107 peccata,
1330 3010 1474 3085 elicitur
1505 3010 1552 3085 de
1586 3010 1813 3107 purgatorio,

623 3135 730 3229 quia
755 3134 874 3209 omnis
900 3134 1058 3209 recidiva
1083 3134 1244 3210 deterior
1269 3139 1324 3210 est
1349 3152 1417 3207 sua
1438 3131 1570 3207 radice.
1590 3131 1633 3204 Et
1653 3131 1712 3207 bic
1729 3139 1814 3209 nota

644 3255 743 3350 qnod
768 3255 835 3329 iste
859 3255 1012 3351 angelus
1030 3275 1102 3329 non
1124 3254 1276 3350 imponit
1292 3253 1412 3329 autori
1431 3253 1539 3327 aliam
1560 3252 1813 3347 poenitentiam

644 3370 878 3451 certam·'nisi
903 3375 1017 3467 illam,
1034 3397 1148 3470 quam
1168 3376 1332 3449 Christus
1357 3372 1530 3469 imposuit
1555 3372 1701 3447 mulieri
1726 3392 1814 3449 cum

643 3482 755 3569 dixit:
782 3498 887 3587 Vade,
904 3498 1102 3589 etamplius
1127 3498 1201 3569 ooli
1219 3516 1381 3589 peccare,
1401 3493 1485 3569 licet
1507 3491 1576 3568 ieta
1602 3492 1713 3569 luerit
1738 3514 1818 3567 ma-

646 3616 743 3691 xima
770 3614 1001 3711 poenitentia3
1027 3621 1146 3711 potest
1175 3615 1286 3689 etiam
1312 3613 1394 3708 dici,
1420 3612 1519 3707 quod
1552 3613 1724 3708 imposuit
1748 3612 1815 3689 sibi

646 3736 895 3834 penitentiam
923 3734 1070 3830 quando
1095 3734 1223 3811 indixit
1236 3723 1273 3828 (⁴)
1304 3734 1370 3809 sibi
1404 3754 1516 3829 supra
1548 3734 1648 3829 quod
1678 3734 1819 3811 lavaret

646 3858 706 3935 illa
740 3862 881 3953 septem
912 3856 1068 3931 vulnera
1099 3876 1186 3930 cum
1213 3855 1384 3953 lacrymis
1415 3855 1714 3951 compunctionis.
1727 3859 1822 3929 -ll

646 3982 799 4073 quma.
826 3976 891 4053 llic
915 3982 1022 4073 poeta
1047 3976 1220 4052 describit
1243 3976 1495 4051 difficultatem
1521 3974 1625 4050 istius
1649 3975 1819 4051 introitus

646 4120 712 4196 per
736 4119 851 4173 unam
877 4096 1035 4173 nobilem
1062 4096 1398 4192 comparationem
1423 4103 1460 4172 et
1484 4095 1564 4171 vult
1584 4095 1708 4171 dicere
1732 4096 1819 4173 bre-

647 4220 741 4295 viter
766 4218 865 4314 quod
895 4218 932 4291 iu
965 4221 1140 4312 apertura
1174 4216 1276 4291 istius
1304 4216 1432 4312 janule
1460 4217 1578 4292 iactus
1608 4222 1663 4290 est
1695 4222 1819 4291 tantus

647 4359 759 4414 sonus
779 4345 817 4412 et
833 4337 977 4432 stridor,
1004 4344 1166 4430 quantus
1183 4336 1269 4411 olim
1287 4337 1404 4412 iactus
1421 4344 1478 4413 est
1493 4338 1620 4413 llomae
1646 4338 1684 4410 in
1708 4358 1819 4434 aper·

647 4460 745 4535 tione
770 4458 890 4534 aerarii
916 4458 1011 4533 sacta
1035 4476 1102 4553 per
1127 4457 1322 4534 Caesarem.
1340 4459 1393 4534 dd
1413 4458 1520 4533 cuius
1538 4458 1591 4533 rei
1614 4457 1819 4555 intelligen-

647 4580 735 4655 tiam
769 4578 880 4655 debes
910 4577 1072 4655 breviter
1098 4578 1192 4653 scire
1222 4579 1332 4673 quod,
1366 4579 1461 4655 sicut
1493 4579 1617 4655 scribit
1649 4578 1820 4653 Lucanus

646 4700 777 4775 dilluse
793 4700 831 4774 in
856 4720 924 4774 sua
940 4699 1140 4795 Pharsalia,
1161 4699 1295 4795 cesar,
1309 4699 1437 4797 lugeto
1452 4699 1629 4796 Pompeio
1645 4700 1692 4775 de
1708 4699 1819 4794 ltalia,

649 4840 823 4907 reversus
839 4820 994 4894 Romam
1014 4818 1195 4894 ordinavit
1214 4820 1345 4895 urbem
1362 4819 1406 4893 ad
1426 4811 1583 4911 suum(⁵)
1599 4819 1764 4913 modum,
1783 4826 1820 4895 et

711 4990 737 5052 Ρ)
755 4996 809 5053 ¹17,
826 4992 987 5044 solvendum.
1056 4990 1084 5056 (¹)
1100 4992 1132 5042 ll.
1149 4996 1225 5042 tenu
1241 4993 1374 5044 sacerdos:
1390 4993 1467 5043 donet
1481 5004 1554 5055 crgo.

710 5067 738 5129 (⁸)
753 5068 784 5119 n.
800 5068 956 5119 excluditur.
1057 5068 1086 5132 (¹)
1103 5073 1158 5135 ¹¹⁷.»
1169 5068 1247 5135 juret
1261 5068 1320 5121 dut.
1433 5069 1460 5131 (⁸)
1476 5068 1507 5121 lt.
1523 5082 1601 5121 mum
1615 5082 1721 5131 nomen,
1737 5072 1764 5121 ct
1779 5073 1818 5120 nt.
