4542 6842
538 5443 567 5482 Χ
600 5447 763 5562 “4¹3⁴stst
801 5465 936 5539 ι.Ὶ·’*ἰ””Ῐ
965 5447 1125 5546 ‘fialam
1156 5497 1195 5552 lit
1219 5473 1385 5556 bustim!
1420 5507 1475 5557 nrt
1502 5463 1645 5556 ‘sciretur
1671 5539 1677 5556 .

672 915 719 982 38
1034 923 1241 980 couuuruu
1266 927 1485 981 vunonvonu

672 1071 782 1166 putaui
817 1069 978 1144 romanis
1011 1069 1130 1144 dendo
1159 1091 1208 1146 ,se
1238 1071 1440 1162 Hannibali,
1474 1076 1513 1146 et
1547 1070 1844 1146 ardentissimum

670 1191 796 1266 odium
823 1209 1066 1264 romanorum
1092 1196 1221 1264 contra
1246 1211 1321 1283 eos,
1348 1211 1511 1284 quorum
1531 1190 1608 1264 sitis
1627 1211 1699 1264 non
1727 1198 1847 1285 posset

670 1310 848 1406 sauguine
872 1309 1017 1401 satieri3
1036 1315 1074 1382 et
1090 1310 1312 1385 concludens
1333 1310 1514 1405 persuasit
1533 1310 1604 1384 levi
1630 1317 1669 1384 et
1694 1311 1846 1386 bouestn

671 1437 791 1504 morte
816 1449 921 1524 posse
946 1429 1052 1503 vitari
1078 1430 1201 1503 omnin
1219 1431 1364 1504 acerba.
1385 1429 1517 1528 Viginti
1535 1436 1676 1524 septem
1698 1436 1845 1506 senato-

669 1571 729 1626 res
755 1551 988 1625 sociaverunt
1014 1570 1102 1624 eum
1127 1550 1294 1644 domum,
1321 1550 1385 1623 ubi
1411 1557 1492 1624 erat
1521 1560 1690 1644 puratum
1718 1550 1845 1625 convi-

669 1670 785 1764 vium,
799 1677 836 1744 et
853 1689 982 1744 omues
1000 1669 1128 1764 repleti
1148 1670 1265 1743 multo
1281 1670 1364 1744 cibo
1381 1677 1418 1744 et
1435 1669 1521 1744 vino
1538 1690 1722 1745 venenum
1741 1693 1844 1744 sum-

669 1797 844 1888 pserunt,
883 1796 920 1865 et
956 1790 1008 1864 sic
1039 1809 1169 1864 omnes
1200 1791 1343 1865 liberati
1376 1797 1463 1865 suut
1495 1798 1694 1885 antequam
1729 1797 1845 1886 portu

670 1911 832 1986 hostibus
857 1909 1101 2004 aperirentur.
1121 1908 1181 1984 Sic
1198 1931 1272 1983 unu
1298 1911 1421 1985 brevis
1446 1910 1545 2006 potio
1567 1910 1735 1985 liberavit
1760 1931 1844 1986 eor-

668 2051 737 2127 pus
762 2051 784 2103 a
811 2029 989 2123 cruciatu,
1015 2029 1183 2102 animum
1210 2052 1231 2104 a
1257 2029 1493 2123 contumelio,
1518 2030 1645 2104 oculos
1671 2040 1709 2107 et
1733 2050 1844 2106 aures

668 2172 690 2227 a
717 2150 871 2225 videndo
897 2155 933 2224 et
958 2149 1142 2224 audiendo
1168 2150 1326 2246 indigna.
1353 2152 1445 2225 Note
1469 2151 1581 2225 etiam
1608 2151 1708 2244 quod
1738 2151 1843 2224 multi

667 2272 793 2346 dicunt
818 2270 917 2364 quod
943 2270 1000 2344 hic
1027 2271 1115 2346 Cato
1144 2270 1318 2345 Uticensis
1348 2292 1389 2346 se
1419 2271 1626 2366 venenavit,
1658 2272 1758 2366 quod
1789 2279 1846 2346 est

666 2393 817 2467 omniuo
842 2391 998 2484 lnlsum3
1025 2391 1088 2465 sed
1114 2390 1183 2463 luit
1207 2392 1300 2466 alter
1317 2391 1406 2465 (luto
1424 2397 1592 2485 tempore
1616 2391 1784 2486 Augusti,
1803 2398 1845 2464 ut

666 2511 750 2586 dicit
777 2511 954 2588 Eusebius
981 2509 1073 2584 libro
1098 2516 1320 2604 temporum.
1340 2512 1432 2584 Noto
1453 2511 1564 2585 etiam
1590 2511 1688 2606 quod
1717 2512 1843 2586 Visen-

667 2633 740 2706 tius
764 2630 998 2706 Beluuceusis
1024 2630 1060 2702 iu
1087 2650 1156 2704 suo
1176 2630 1325 2725 speculo
1345 2629 1531 2723 bistoriuli,
1549 2631 1648 2729 quod
1666 2630 1843 2733 luit-opus

658 2771 756 2854 ‚vere
776 2751 961 2850 gallicum,
979 2749 1113 2844 scribit,
1140 2749 1238 2844 quod
1256 2750 1314 2824 bic
1331 2751 1420 2824 Cato
1443 2749 1617 2824 Uticensis
1631 2751 1718 2826 lecit
1732 2737 1841 2858 libel·

667 2872 745 2944 lum
773 2891 847 2965 quo
874 2871 979 2965 pueri
1005 2870 1206 2944 scholastici
1234 2877 1411 2964 utuntur,
1432 2869 1532 2962 quod
1553 2890 1624 2944 nou
1646 2870 1767 2944 solum
1785 2877 1841 2946 est

667 2977 800 3066 fulsum
827 2991 890 3066 sed
917 2991 1150 3086 impossibile,
1168 2991 1254 3084 quia
1280 2991 1317 3064 in
1343 2991 1404 3065 illo
1429 2991 1550 3066 libello
1576 2991 1615 3064 lit
1640 2991 1778 3066 mentio
1795 2992 1842 3067 de

666 3113 825 3205 Lucano,
852 3112 915 3205 qui
942 3111 1010 3184 suit
1037 3119 1203 3207 tempore
1227 3111 1391 3186 Neronis.
1417 3111 1509 3186 Dicit
1533 3111 1644 3186 etiam
1662 3112 1761 3205 quod
1778 3111 1838 3186 Ci-

666 3251 754 3308 cero
788 3232 866 3306 lons
898 3251 1063 3308 romunae
1097 3230 1316 3325 eloquentiae
1346 3230 1414 3304 luit
1446 3230 1589 3326 legatus
1620 3231 1773 3305 Caesuris
1803 3231 1840 3304 iu

666 3352 793 3446 Gallia,
818 3352 917 3446 quod
943 3359 997 3428 est
1022 3351 1187 3425 similiter
1214 3351 1357 3444 fulsum,
1375 3349 1463 3445 quia
1482 3351 1541 3424 ille
1558 3351 1626 3425 luit
1646 3353 1687 3439 Q.
1713 3352 1841 3426 Cicero

665 3474 778 3548 freter
804 3474 847 3546 Μ.
874 3472 1069 3566 Ciceronis,
1089 3479 1130 3545 ut
1141 3473 1220 3567 jam
1239 3472 1378 3546 dictum
1396 3481 1452 3548 est
1471 3477 1745 3566 suoru-Non
1761 3491 1836 3547 sore

664 3593 728 3668 llic
756 3592 883 3666 ultimo
911 3593 1079 3688 Virgilius
1106 3592 1300 3686 respondet
1332 3591 1460 3665 Catoni
1489 3591 1534 3664 ad
1567 3591 1712 3666 tertium
1748 3590 1840 3684 peti·

666 3713 815 3807 tionem,
848 3713 934 3806 quia
967 3712 1055 3787 Cato
1090 3712 1261 3807 superius
1296 3711 1476 3806 petiverat
1511 3712 1542 3784 si
1580 3712 1680 3807 leges
1715 3711 1837 3807 abyssi

664 3839 770 3908 eruut
796 3833 845 3908 ita
868 3833 1028 3926 violate,
1055 3833 1137 3907 ideo
1162 3833 1266 3907 dicit:
1288 3835 1314 3906 li
1329 3836 1423 3906 edittt
1437 3836 1558 3921 eterni,
1577 3832 1680 3926 idest,
1698 3853 1837 3926 praece-

664 3962 724 4049 pto
750 3953 889 4046 divina3
915 3961 970 4028 est
995 3953 1093 4026 euim
1114 3953 1273 4027 edictum
1293 3960 1518 4047 praeeeptum
1541 3953 1721 4048 principis,
1740 3953 1838 4028 uude

664 4075 701 4148 in
720 4073 937 4168 Evangelio:
954 4075 1074 4146 Emisit
1088 4075 1234 4146 edictum
1251 4093 1276 4144 o
1295 4077 1435 4146 Curare
1451 4079 1606 4165 nonum>
1623 4079 1838 4166 etc.,-—non

662 4217 728 4268 son
743 4199 860 4287 numo
872 4215 938 4286 per·
954 4196 1027 4285 noi,
1045 4192 1144 4287 quod
1170 4191 1291 4266 stetim
1319 4195 1461 4287 probat,
1478 4193 1620 4268 diceus:
1638 4188 1700 4266 cite*
1715 4196 1838 4284 questi,

663 4315 797 4390 scilicet
821 4316 966 4408 Dentes,
988 4318 1063 4387 vioe
1071 4340 1086 4408 ,·
1104 4321 1143 4388 et
1163 4313 1323 4388 edietum
1351 4315 1452 4406 quod
1474 4315 1571 4406 dicit,
1589 4315 1688 4409 quod
1714 4317 1838 4390 nullus

663 4456 827 4530 unquam
847 4435 978 4510 evadet
995 4435 1043 4508 ab
1060 4433 1214 4527 iuleruo,
1231 4432 1445 4528 intelligitur
1461 4434 1508 4510 de
1524 4435 1679 4509 mortuis
1697 4435 1734 4508 in
1751 4455 1837 4529 pec·
1940 4501 1947 4512 .

662 4555 751 4630 catis
782 4556 973 4649 obstinate,
1004 4562 1040 4628 et
1073 4574 1144 4650 ego
1173 4553 1258 4628 licet
1287 4561 1471 4647 mortuus,
1499 4575 1572 4630 nou
1602 4559 1835 4630 inmensum

662 4676 857 4750 damnatus
875 4675 920 4748 ad
938 4695 1083 4770 poenum
1103 4673 1197 4748 intra
1217 4672 1421 4768 infernum,
1441 4675 1538 4749 unde
1550 4675 1651 4748 dicit:
1669 4698 1688 4746 e
1705 4678 1833 4762 Minos,

662 4796 725 4889 qui
756 4795 889 4870 dicitur
922 4796 1035 4890 judex
1073 4793 1216 4886 inlerui,
1243 4799 1280 4867 et
1309 4799 1364 4868 est
1384 4794 1567 4889 judicium
1592 4795 1835 4888 conscientie,

661 4917 742 4990 ideo
767 4916 950 4990 Homerus
976 4916 1023 4987 Xl
1048 4914 1218 5010 Odysseae
1250 4913 1312 4987 dat
1346 4914 1411 4987 sibi
1442 4935 1600 4989 aureum
1633 4921 1832 5008 sceptrum,

660 5059 732 5112 non
756 5041 835 5128 leuc
861 5058 927 5129 me,
953 5035 1054 5130 idest,
1076 5057 1148 5111 nou
1170 5035 1257 5131 liget
1274 5041 1311 5110 et
1327 5035 1489 5128 damnat,
1507 5032 1612 5132 quusi
1632 5034 1739 5128 dicet,
1757 5056 1830 5108 nou
