4542 6842
690 936 760 1003 126
1047 946 1252 1003 consonum
1279 946 1499 1001 nunennonu

687 1111 778 1166 vero
803 1092 1009 1187 appellatur
1031 1091 1193 1186 tropicus
1222 1090 1438 1187 capricorni,
1460 1091 1537 1165 sive
1558 1089 1746 1187 hyemalis,
1772 1086 1861 1183 quia

687 1212 837 1305 quando
866 1213 921 1287 sol
953 1211 1197 1306 pervenitad
1229 1210 1339 1287 istum
1369 1212 1549 1287 circulum
1586 1210 1623 1285 in
1657 1211 1762 1309 signo
1799 1230 1864 1285 ca-

688 1330 845 1428 pricorni
873 1331 958 1407 iacit
989 1331 1093 1407 nobis
1118 1332 1308 1429 hyemem:
1336 1339 1373 1407 et
1402 1328 1534 1405 dicitur
1559 1330 1732 1427 tropicus,
1759 1330 1862 1425 idest,

684 1451 940 1546 conversivus,
967 1452 1054 1549 quia
1079 1472 1166 1525 cum
1191 1452 1246 1525 sol
1271 1451 1437 1547 pervenit
1467 1450 1514 1525 ad
1549 1458 1752 1544 utrumque
1777 1449 1865 1525 isto-

689 1593 775 1646 rum
805 1572 986 1651 convertit
1010 1594 1161 1647 cursum
1188 1594 1311 1667 suum,
1334 1579 1371 1647 et
1398 1572 1610 1666 retrocedil;
1639 1572 1737 1647 unde
1769 1593 1865 1645 nun-

690 1715 803 1788 quam
831 1701 949 1789 potest
974 1693 1077 1769 exire
1102 1692 1189 1769 istos
1215 1693 1387 1769 confines.
1406 1692 1565 1769 Ulterius
1587 1695 1723 1769 ooelum
1742 1692 1777 1765 in
1796 1711 1864 1767 ex-

690 1814 937 1890 tremitatibus
962 1813 1038 1889 suis
1063 1814 1175 1889 habet
1198 1814 1273 1890 duo
1298 1821 1432 1911 puncta
1450 1834 1561 1909 super
1581 1833 1666 1907 quae
1691 1810 1865 1907 volvitur,

690 1956 775 2029 quac
801 1936 1031 2032 appellantur
1056 1935 1141 2031 poli,
1160 1956 1322 2031 quorum
1348 1956 1445 2009 unns
1470 1942 1525 2009 est
1551 1934 1586 2008 in
1613 1932 1864 2031 septentrione

689 2055 787 2130 altus
813 2061 851 2129 et
869 2054 1041 2143 ¹elevatus
1072 2053 1188 2149 nobis,
1219 2056 1283 2128 ubi
1312 2061 1367 2129 est
1397 2062 1652 2149 tramontana3
1685 2054 1779 2127 alius
1811 2060 1868 2127 est

692 2174 729 2249 in
755 2173 910 2249 meridie
935 2173 1038 2249 nobis
1063 2174 1191 2249 bassus
1217 2182 1254 2249 et
1279 2176 1455 2250 occultus.
1476 2176 1602 2251 ddlrue
1627 2182 1683 2250 est
1708 2174 1745 2248 in
1771 2174 1867 2249 coelo

692 2294 842 2390 quidam
868 2294 1030 2369 circulus
1055 2294 1227 2389 obliquus
1257 2295 1320 2393 qui
1350 2316 1416 2389 per
1446 2303 1696 2371 transversum
1724 2294 1867 2389 ample·

690 2415 803 2491 ctitur
837 2422 913 2491 tres
945 2415 1085 2510 primos
1116 2414 1284 2510 circulos,
1319 2415 1455 2491 scilicet
1490 2416 1797 2511 aequinoctialem,
1830 2421 1867 2489 et

691 2535 785 2610 duos
810 2535 989 2631 tropicos3
1015 2542 1053 2611 et
1078 2536 1147 2610 iste
1171 2536 1331 2610 circulus
1355 2556 1478 2633 graece
1503 2544 1657 2611 vocatur
1682 2536 1868 2629 zodiacus,

693 2656 797 2749 idest,
815 2655 976 2730 circulus
1000 2638 1228 2749 animalium,
1246 2656 1334 2750 quia
1351 2656 1388 2730 in
1405 2678 1450 2733 eo
1467 2663 1552 2730 sunt
1569 2658 1672 2753 signa
1692 2657 1762 2730 sub
1784 2655 1867 2749 qui·

694 2776 765 2851 bus
790 2774 968 2850 continuo
993 2776 1110 2853 currit
1134 2776 1187 2849 sol
1219 2782 1257 2849 et
1288 2776 1412 2852 caeteri
1447 2777 1623 2873 planetae3
1654 2782 1779 2849 tamen
1810 2774 1867 2851 sol

694 2914 842 2991 semper
869 2894 967 2969 radit
991 2915 1058 2991 per
1084 2894 1242 2970 mediam
1267 2896 1401 2971 lineam
1427 2895 1576 2990 zodiaci,
1602 2915 1686 2990 quae
1712 2900 1869 2971 vocatur

694 3014 878 3111 ecliptica3
907 3014 968 3089 alii
1000 3014 1155 3109 planeta
1186 3036 1270 3089 non.
1303 3017 1366 3090 Est
1397 3017 1506 3091 etiam
1537 3015 1742 3109 sciendum,
1769 3014 1869 3112 quod

695 3156 759 3211 ser
787 3134 890 3231 signa
906 3127 943 3227 (¹)
968 3136 1199 3231 appellantur
1224 3136 1518 3233 septentrionalia
1550 3137 1636 3233 quia
1669 3136 1869 3232 respiciunt

695 3255 994 3351 septentrionem,
1015 3254 1150 3330 scilicet
1176 3256 1285 3351 aries,
1303 3263 1443 3351 taurus,
1461 3256 1609 3353 gemini,
1631 3278 1776 3351 cancer,
1797 3258 1870 3353 leo,

695 3374 821 3471 virg03
846 3382 885 3451 et
909 3375 1057 3471 quando
1081 3376 1136 3450 sol
1162 3382 1216 3451 est
1242 3376 1279 3450 in
1304 3376 1378 3451 istis
1403 3377 1488 3453 iacit
1510 3376 1614 3452 nobis
1638 3385 1806 3453 estatem
1833 3383 1872 3453 et

695 3496 872 3589 calorem,
899 3495 984 3590 quia
1012 3494 1158 3591 respicit
1183 3516 1249 3571 nos
1277 3496 1391 3594 magis
1411 3499 1485 3573 alte
1510 3504 1547 3573 et
1573 3505 1683 3573 recte.
1705 3498 1782 3572 nlla
1805 3516 1871 3573 sex

695 3614 800 3711 signa
817 3616 1047 3711 appellantur
1064 3614 1328 3711 meridionalia,
1345 3616 1433 3711 quia
1451 3617 1648 3712 respiciunt
1667 3600 1873 3711 meridiem,

696 3732 833 3809 scilicet
857 3734 963 3829 libra,
980 3734 1158 3831 scorpius,
1175 3734 1396 3831 sagittarius,
1415 3736 1662 3833 capricornus,
1680 3738 1873 3835 aquarius,

698 3852 832 3948 piscem
850 3859 888 3929 et
905 3853 1051 3947 quande
1077 3855 1132 3929 sol
1157 3862 1213 3929 est
1238 3854 1276 3929 in
1301 3854 1377 3929 istis
1400 3856 1512 3953 signis
1537 3858 1622 3932 lacit
1650 3857 1756 3933 nohis
1781 3859 1874 3957 hye-

700 3995 798 4048 mem
825 3982 863 4049 et
888 3975 1015 4070 frigus,
1034 3975 1120 4069 quia
1143 3974 1289 4071 respicit
1309 3996 1375 4051 nos
1392 3977 1509 4073 magis
1527 3977 1676 4074 oblique
1697 3986 1733 4053 et
1752 3979 1872 4074 basse,

700 4100 741 4174 ut
767 4095 845 4169 lraec
869 4094 996 4170 omnia
1019 4094 1203 4169 habentur
1229 4096 1328 4171 clare
1358 4096 1394 4170 in
1427 4104 1584 4172 tractatu
1611 4119 1740 4194 sperae.
1767 4099 1874 4175 Nunc

604 4232 608 4239 ·
699 4213 893 4289 veniamus
923 4215 970 4289 ad
1002 4213 1159 4309 literam,
1189 4214 1295 4289 cuius
1326 4216 1504 4292 sententia
1540 4217 1640 4313 prius
1678 4224 1733 4293 cst
1769 4240 1876 4292 sum·

699 4334 845 4409 manda.
872 4334 961 4410 iiico
986 4356 1077 4433 ergo
1102 4335 1202 4430 quod
1227 4334 1398 4432 Virgilius
1423 4336 1503 4413 vult
1526 4337 1649 4415 dicere
1675 4338 1712 4411 in
1738 4338 1874 4414 ellectu

698 4455 798 4549 quod
824 4454 853 4529 si
878 4454 932 4529 sol
957 4455 1020 4550 qui
1046 4461 1102 4530 est
1127 4455 1236 4530 modo
1268 4455 1304 4529 in
1333 4456 1461 4552 ariete,
1487 4466 1582 4533 esset
1614 4459 1664 4534 ita
1698 4459 1734 4532 in
1769 4460 1876 4557 signo

702 4574 951 4673 geminorum,
982 4576 1058 4672 ipse
1083 4575 1224 4653 videret
1248 4576 1438 4653 zodiacum
1464 4578 1560 4653 volvi
1588 4579 1741 4654 vicinius
1757 4570 1793 4671 (³)
1816 4600 1877 4657 εε-

701 4695 916 4790 ptentrioni;
948 4700 987 4770 et
1020 4696 1090 4771 hoc
1113 4702 1169 4771 est
1195 4715 1339 4790 verum,
1365 4697 1463 4792 quia,
1481 4698 1575 4773 sicut
1600 4684 1700 4793 patet
1726 4720 1772 4775 ex
1794 4701 1877 4797 jam

702 4814 818 4909 dictis,
843 4815 990 4911 signum
1015 4815 1250 4911 geminorum
1281 4823 1335 4890 est
1359 4817 1467 4911 juxta
1499 4818 1645 4917 signum
1676 4821 1813 4916 cancri,
1840 4822 1879 4895 in
2027 4870 2034 4886 ·

767 5075 796 5137 (¹)
813 5076 843 5127 E.
858 5076 931 5141 sirm
946 5090 979 5128 ex
994 5078 1049 5129 latis
1065 5079 1203 5131 duodecim
1220 5080 1392 5143 appellantur.
1580 5085 1606 5147 (¹)
1623 5086 1655 5137 Ε.
1672 5086 1757 5137 cilius.
