4542 6842
705 915 774 982 168
1060 926 1266 982 conuuruu
1291 924 1510 981 nuneuronu

701 1093 721 1144 e
745 1075 856 1163 quello
880 1074 1037 1166 incudm
1063 1071 1150 1166 quia
1176 1091 1275 1145 nunc
1293 1070 1367 1165 uui,
1386 1091 1485 1145 nunc
1509 1070 1614 1145 alteri
1639 1070 1702 1145 dat
1718 1072 1874 1168 aliquid3

702 1199 740 1267 et
765 1192 834 1285 ille,
860 1212 885 1265 a
909 1195 966 1267 cui
985 1212 1100 1285 perpe
1123 1196 1161 1265 ta
1186 1186 1363 1284 aucupii
1389 1212 1460 1265 nou
1483 1194 1526 1285 su
1546 1212 1686 1286 pressu,
1706 1192 1782 1267 imo
1813 1214 1873 1267 re·

701 1311 797 1386 cedit
821 1312 938 1406 laetus,
964 1333 983 1384 e
1013 1307 1084 1385 cori
1111 1315 1212 1386 dalla
1241 1315 1340 1386 calca
1368 1315 1400 1385 si
1429 1314 1585 1405 defende,
1610 1333 1702 1405 vcum
1735 1312 1871 1388 damno

699 1454 780 1527 suo,
795 1433 882 1528 quia
899 1432 1012 1508 miser
1028 1432 1223 1529 pecuniam
1242 1454 1354 1527 quam
1369 1433 1467 1507 male
1479 1433 1700 1527 quaesiverat
1717 1433 1821 1530 peius
1832 1425 1870 1525 (l)

699 1552 884 1649 dispergit.
916 1554 961 1629 Et
990 1559 1098 1647 poeta
1128 1552 1283 1647 applicat
1313 1551 1447 1627 dictam
1479 1552 1790 1647 comparationem
1823 1553 1868 1627 ad

699 1674 938 1771 propositum,
969 1673 1115 1748 dicens:
1146 1676 1198 1747 tul
1228 1694 1295 1747 erc
1322 1677 1371 1765 io,
1406 1673 1508 1768 idest,
1541 1672 1665 1747 similis
1699 1672 1867 1767 vincenti,

699 1797 736 1868 iu
762 1797 875 1887 quoda
900 1794 1003 1867 aaron
1027 1815 1161 1887 specum
1187 1814 1271 1887 quae
1295 1814 1392 1889 saepe
1422 1794 1579 1867 instabat
1607 1800 1644 1867 et
1669 1793 1827 1888 petebat,
1853 1814 1872 1866 e

517 1936 523 1949 ’
586 1962 591 1969 =
694 1916 950 2007 promouendo,
979 1913 1073 1988 bene
1105 1914 1201 2007 dicit,
1232 1914 1318 2009 quia
1349 1914 1451 1987 lusor
1483 1912 1546 1987 dat
1573 1913 1668 1988 dona
1699 1913 1745 1987 de
1775 1931 1871 2007 prae-

700 2034 817 2129 senti3
844 2034 920 2129 ipse
945 2053 1034 2108 vero
1060 2039 1204 2108 tantum
1231 2034 1341 2108 dabat
1357 2034 1471 2108 verba
1496 2034 1542 2109 de
1567 2034 1705 2127 tuturo,
1724 2040 1760 2109 et
1779 2054 1872 2128 pau-

700 2153 752 2229 cis
777 2145 986 2246 servavit(²)
1006 2154 1197 2250 promissa,
1216 2152 1301 2249 quia
1323 2154 1369 2228 de
1385 2152 1511 2247 paucis
1527 2153 1750 2228 mentionem
1773 2152 1868 2247 lacit,

698 2274 896 2370 dequibus
913 2273 1033 2348 statim
1055 2274 1150 2348 dicit.
1165 2314 1214 2327 —
1231 2278 1340 2363 Quini.
1361 2275 1425 2349 llic
1442 2281 1551 2369 poeta
1571 2273 1742 2349 describit
1759 2294 1871 2367 quos·

698 2393 784 2468 dam
802 2394 949 2489 spiritus
966 2394 1162 2469 modernos
1176 2394 1372 2487 notabiles3
1391 2400 1428 2469 et
1440 2393 1560 2490 primo
1576 2394 1740 2469 nominat
1753 2414 1871 2468 unum

700 2537 878 2612 magnum
900 2515 1204 2610 jurisconsultum
1223 2516 1269 2589 de
1291 2515 1425 2609 Areti0,
1445 2515 1508 2609 qui
1534 2515 1602 2592 luit
1628 2521 1793 2610 tempore
1810 2515 1871 2589 illc

701 2637 864 2710 famosus
889 2642 930 2709 et·
950 2640 1083 2709 acutus
1108 2635 1144 2707 in
1165 2635 1265 2711 civili
1285 2634 1471 2730 sapientia,
1492 2635 1614 2708 audax
1632 2635 1749 2708 nimis.
1768 2633 1871 2709 Unde

700 2756 815 2831 semel
840 2755 1088 2851 interrogatus
1112 2775 1136 2829 a
1162 2755 1387 2830 scholaribus
1409 2755 1483 2828 suis
1509 2755 1681 2830 Bononiae
1705 2754 1751 2829 de
1777 2775 1871 2850 quo-

701 2874 785 2949 dam
812 2880 947 2969 puncto
968 2873 1074 2969 juris,
1101 2894 1174 2947 non
1203 2874 1352 2950 erubuit
1382 2874 1530 2950 dicere:
1560 2875 1623 2968 lte,
1655 2874 1704 2949 ite
1729 2874 1775 2949 ad
1801 2875 1872 2948 Ac·

702 2993 880 3087 curuum,
906 2993 969 3087 qui
986 2993 1218 3069 imbractavit
1235 3000 1353 3069 totum
1371 3016 1505 3091 corpus
1517 2996 1623 3090 juris.
1641 2996 1745 3070 Unde
1764 2994 1869 3069 dicit:

705 3117 806 3203 Quini
829 3134 893 3187 era
919 3116 1086 3187 l’rlretio.
1113 3114 1177 3189 llic
1203 3122 1354 3190 vocatus
1380 3124 1435 3191 est
1460 3116 1629 3190 dominus
1658 3114 1869 3210 Beuiucasa,

701 3235 785 3311 licet
810 3235 907 3309 male
931 3233 1081 3309 cesserit
1107 3234 1198 3329 sibi3
1224 3240 1261 3309 et
1287 3236 1353 3309 luit
1378 3236 1423 3311 de
1450 3236 1692 3311 unocastello
1717 3235 1870 3310 comita-

700 3361 760 3429 tus
784 3354 910 3449 bretii,
944 3354 1042 3451 quod
1072 3355 1205 3430 dicitur
1236 3356 1416 3431 Laterina.
1449 3357 1494 3430 Et
1523 3356 1637 3453 tangit
1669 3357 1870 3432 occisorem

700 3474 791 3568 elue,
817 3475 940 3549 virum
966 3475 1133 3549 omnium
1155 3474 1212 3549 sui
1231 3476 1405 3575 temporis
1426 3475 1740 3571 violentissimum,
1760 3496 1872 3572 quem

700 3601 869 3670 notanter
906 3595 1076 3670 describit
1109 3617 1133 3671 a
1169 3596 1358 3671 ferocitate
1391 3618 1470 3691 sua,
1503 3597 1649 3671 dicens:
1688 3600 1748 3671 cde
1780 3599 1874 3671 dalle

700 3717 841 3788 braum
863 3718 950 3808 fiere
969 3718 1007 3788 dt
1026 3718 1115 3789 duta
1136 3718 1174 3789 di
1194 3722 1305 3790 Taceo
1322 3718 1402 3789 ebbe
1426 3720 1463 3790 lc
1488 3724 1607 3789 morte.
1630 3716 1725 3812 ideo,
1744 3716 1870 3809 lector,

700 3839 784 3914 volo
810 3838 910 3931 quod
934 3836 1037 3931 scias,
1064 3838 1163 3932 quod
1188 3837 1256 3912 iste
1280 3837 1420 3911 Gbinus
1446 3858 1519 3912 non
1545 3838 1612 3912 luit
1641 3838 1692 3912 ita
1716 3837 1870 3929 infamis,

703 3969 745 4035 ut
767 3956 880 4053 aliqui
896 3956 1071 4051 scribunt,
1090 3956 1187 4053 quod
1206 3957 1317 4031 luerit
1330 3947 1367 4049 (³)
1388 3978 1545 4054 magnus
1562 3957 1715 4031 sicarius
1732 3964 1769 4031 et
1786 3977 1871 4052 spo-

701 4078 808 4152 liator
841 4081 1053 4151 stratarum.
1087 4076 1160 4151 lste
1192 4096 1352 4172 namque
1383 4075 1522 4150 Gbinus
1554 4077 1685 4151 Taccbi
1715 4077 1782 4150 luit
1814 4076 1871 4151 vir

703 4198 887 4293 mirabilis,
913 4219 1083 4294 magnus,
1109 4197 1350 4292 membratus,
1373 4197 1476 4294 niger
1498 4197 1580 4291 pilo,
1602 4203 1639 4273 et
1664 4218 1776 4273 carne
1796 4197 1871 4273 lor·

701 4319 872 4414 tissimus,
898 4325 940 4393 ut
965 4318 1090 4397 stava
1115 4317 1332 4409 levissimus,
1359 4324 1401 4391 ut
1429 4318 1593 4413 Papirius
1617 4317 1755 4393 Cursor
1780 4339 1875 4413 pru--

670 4456 674 4463 ·
701 4440 790 4515 deus
815 4444 853 4512 et
876 4438 1028 4535 largus3
1055 4437 1124 4511 luit
1147 4437 1194 4512 de
1219 4437 1400 4513 nubilibus
1425 4437 1470 4513 de
1496 4438 1531 4511 la
1556 4437 1692 4532 Fratta,
1717 4438 1872 4513 comita·
1953 4435 1958 4447 '

701 4567 761 4634 tus
785 4560 986 4653 Senarum3
1011 4559 1075 4653 qui
1101 4560 1276 4655 expulsus
1301 4558 1440 4633 viribus
1465 4559 1642 4633 comitum
1668 4557 1715 4633 de
1739 4558 1871 4634 Sancta

699 4680 807 4755 Flora
824 4679 1017 4775 occupavit
1035 4679 1299 4754 nobilissimum
1316 4668 1354 4773 (‘)
1371 4686 1535 4754 castrum
1553 4678 1763 4754 Radicolani
1784 4700 1872 4755 oon-

701 4810 758 4878 tra
784 4822 926 4896 papam.
953 4802 998 4875 Et
1030 4820 1118 4875 cum
1150 4801 1225 4875 suis
1257 4800 1402 4876 famulis
1433 4800 1682 4896 manipulariis
1715 4800 1870 4876 iaciebat

765 4988 791 5047 t¹t
808 4986 839 5036 E·
854 4987 949 5049 11011113·
1249 4986 1277 5050 (¹)
1293 4988 1318 5039 S.
1334 4990 1453 5039 sonabat
1468 4990 1601 5053 promissa.

764 5064 791 5127 (⁸)
809 5067 862 5124 ¹¹⁷2
878 5063 937 5114 still·
1250 5066 1277 5127 (¹)
1294 5070 1348 5125 117,
1364 5065 1451 5117 nobile
1467 5072 1590 5117 castrum.
