4542 6842
813 978 953 1034 caurus
977 978 1158 1046 ouanrus.
1500 970 1569 1035 11⁵1

392 1144 469 1199 uon
495 1123 727 1199 intraverunt
741 1115 779 1217 (¹)
804 1124 902 1199 viam
927 1123 1048 1219 istam,
1075 1124 1174 1199 unde
1195 1123 1299 1199 dicit:
1317 1145 1414 1199 come
1438 1128 1487 1199 do
1510 1129 1574 1199 troi

392 1249 432 1319 tu
454 1248 592 1319 satiem
615 1235 822 1337 spato,
840 1244 943 1339 idest,
961 1265 1076 1339 quam
1102 1243 1176 1320 cito
1200 1244 1298 1320 acies
1321 1245 1467 1322 illarum
1491 1246 1571 1321 ani-

394 1386 558 1459 marum,
575 1387 689 1460 quam
714 1366 874 1441 ducebat
898 1386 967 1441 rex
993 1366 1211 1461 llanlredus‚
1230 1368 1380 1443 recessit
1405 1388 1427 1443 a
1454 1367 1569 1462 nobis,

393 1486 483 1580 quia
507 1490 627 1581 potest
659 1485 786 1582 vagari
819 1485 918 1560 eirea
951 1492 1128 1579 montem,
1154 1484 1218 1561 sed
1250 1506 1324 1561 uon
1349 1487 1500 1583 ingredi.
1527 1488 1571 1561 Et

394 1605 455 1679 bic
481 1612 566 1681 nota
593 1611 775 1699 quantum
796 1604 862 1679 ista
881 1604 1122 1701 comparatio,
1139 1626 1224 1700 quae
1242 1605 1387 1681 videtur
1408 1613 1482 1680 tam
1504 1628 1570 1681 ru-

393 1724 497 1817 stica,
523 1731 579 1801 est
603 1725 735 1820 civilis3
762 1745 847 1799 nam
869 1730 977 1821 poeta
997 1732 1123 1799 noster
1141 1725 1241 1799 velut
1258 1724 1417 1799 rusticus
1434 1725 1571 1801 bucus-

397 1828 472 1939 que
496 1845 618 1919 luerat
641 1846 828 1941 sylvestris
858 1852 896 1919 et
927 1844 1185 1919 ambulaverat
1211 1865 1276 1943 per
1301 1846 1456 1940 sylvam,
1481 1844 1572 1919 idest

398 1966 593 2041 materiam
619 1966 792 2041 vitiorum
819 1986 1001 2061 asperam,
1022 1965 1218 2059 incultam3
1237 1985 1335 2040 nunc
1360 1974 1486 2041 autem
1506 1986 1571 2041 vo-

396 2085 496 2161 lebat
520 2085 659 2160 intrare
683 2085 829 2162 vineam
856 2086 1006 2179 cultam,
1031 2086 1135 2179 idest,
1159 2085 1351 2161 materiam
1377 2086 1571 2179 virtutum,

397 2205 435 2279 iu
459 2225 535 2299 qua
559 2206 678 2280 virtus
702 2206 823 2282 luerat
848 2206 916 2280 sibi
941 2205 1077 2282 acerba
1095 2207 1301 2299 bucusque,
1320 2206 1383 2283 sed
1402 2226 1499 2281 nuno
1516 2206 1572 2281 in-

395 2325 553 2421 cipiebat
575 2347 689 2421 parva
704 2318 742 2419 (¹)
770 2327 905 2402 rimula
929 2327 1067 2403 sentire
1091 2326 1343 2403 maturitatem
1377 2333 1413 2402 et
1445 2327 1572 2401 dulce-
1604 2414 1607 2421 ‚

397 2444 520 2521 dinem
546 2446 643 2542 eius3
669 2446 734 2521 sed
758 2447 880 2521 adbuc
904 2447 1037 2540 aliqum
1066 2447 1179 2543 spioae
1208 2454 1443 2542 peecatorum
1468 2446 1571 2520 clau·

396 2565 532 2641 debant
556 2565 624 2640 sibi
649 2566 760 2660 viam,
785 2587 871 2661 quae
895 2564 944 2641 ab
968 2566 1070 2641 initio
1099 2567 1245 2643 videtur
1278 2568 1383 2643 valde
1407 2573 1508 2643 arcta
1535 2572 1571 2643 et

394 2686 527 2779 ardua,
553 2693 596 2759 ut
619 2686 715 2761 bene
734 2688 814 2781 jnm
838 2686 977 2761 dictum
1008 2693 1076 2781 est,
1100 2686 1166 2762 sed
1198 2687 1329 2763 melius
1359 2694 1397 2761 et
1430 2685 1571 2781 plenius

398 2804 563 2901 tangitur
587 2805 625 2879 iu
650 2806 719 2880 isto
743 2806 913 2902 capitulo.
938 2807 1032 2882 Nota
1061 2806 1173 2882 etiam
1204 2806 1303 2901 quod
1332 2806 1390 2881 bic
1415 2813 1471 2879 est
1496 2804 1571 2900 pri-

400 2946 484 3001 mus
513 2924 700 3022 ingressus
728 2926 874 3020 montis,
900 2927 947 3001 de
975 2946 1051 3021 quo
1076 2934 1184 3022 poeta
1215 2926 1376 3001 breviter
1408 2927 1487 2999 vult
1516 2924 1571 2999 di·
1684 2970 1689 2984 ·

394 3065 495 3136 cere,
520 3044 621 3140 quod
646 3046 730 3121 lieet
755 3046 924 3121 introitus
950 3046 1067 3121 vineae
1096 3046 1142 3121 sit
1171 3046 1325 3121 difficilis
1354 3046 1400 3121 ad
1430 3045 1571 3119 intrau-

398 3165 488 3240 dum
528 3165 591 3241 tali
628 3172 811 3262 tempore,
845 3176 970 3243 tamen
1008 3167 1076 3243 iste
1112 3165 1283 3242 introitus
1322 3165 1454 3239 montis
1491 3173 1573 3241 erat

395 3286 576 3361 difficilior
592 3287 671 3361 sine
691 3287 976 3384 comparatione,
996 3286 1174 3363 utstatim
1195 3287 1451 3362 monstrabunt
1468 3307 1572 3362 eom-

398 3407 606 3504 parationes
631 3415 838 3501 sequenter.
852 3448 902 3461 -
922 3410 1022 3481 Vossi
1044 3411 1082 3481 in
1110 3409 1249 3481 Suntne.
1281 3406 1346 3482 llic
1371 3413 1477 3501 poeta
1504 3426 1571 3481 uo-

398 3534 475 3603 ster
491 3528 648 3623 explicat
663 3528 915 3603 difficultatem
933 3536 972 3603 et
986 3529 1221 3624 asperitatem
1243 3527 1346 3603 istius
1361 3518 1398 3620 (³)
1416 3526 1484 3601 loni
1505 3546 1571 3621 per

396 3648 692 3744 eomparationes
712 3649 931 3745 pulcriores3
950 3654 988 3723 et
1005 3648 1150 3724 videtur
1163 3635 1201 3741 (⁸)
1216 3648 1309 3723 velle
1326 3647 1449 3722 dicere
1467 3666 1571 3720 sum·

399 3770 537 3845 marie:
562 3770 593 3844 si
618 3770 713 3846 bene
737 3770 901 3867 reoogito
925 3775 963 3845 et
989 3769 1139 3843 revolvo
1157 3768 1193 3843 irr
1217 3774 1340 3845 mente
1363 3788 1459 3863 mea,
1477 3788 1573 3842 uun-

400 3912 514 3987 quam
541 3890 660 3986 reperi
685 3890 723 3963 in
749 3890 889 3965 mundo
914 3897 1039 3964 nostro
1055 3889 1217 3984 aliquem
1240 3890 1364 3965 locum
1392 3889 1441 3964 ita
1465 3908 1573 3983 aspe-

400 4032 499 4105 rum,
524 4011 570 4085 ad
597 4030 710 4105 quem
745 4031 818 4085 oon
851 4010 964 4106 possit
994 4009 1072 4085 deri
1106 4029 1281 4085 ascensus
1311 4017 1348 4085 et
1377 4009 1573 4085 descensus

399 4132 525 4226 aliquo
549 4131 671 4223 modo.
698 4133 790 4205 Nam
806 4152 895 4207 eum
912 4130 1066 4227 pedibus
1082 4130 1158 4204 itur
1180 4130 1216 4203 in
1236 4151 1386 4205 omnem
1407 4136 1572 4205 montem

398 4252 616 4329 altissimum
642 4253 775 4347 ltaliae3
808 4252 873 4329 sed
906 4251 953 4327 ad
990 4252 1102 4325 istum
1127 4272 1202 4325 non
1240 4251 1426 4325 sufficiunt
1463 4252 1575 4348 pedes

400 4378 439 4448 et
463 4392 597 4447 manus
630 4372 708 4447 siue
740 4372 816 4447 alis.
843 4371 936 4447 llicit
960 4392 1075 4467 ergo:
1107 4374 1202 4444 ouen
1233 4374 1271 4445 iu
1301 4374 1443 4463 Sauleo,
1469 4372 1572 4469 idest,

397 4492 608 4569 aseenditur
624 4492 673 4568 ab
689 4492 838 4567 bomine
853 4491 1010 4568 virente
1027 4492 1083 4566 Ad
1097 4482 1136 4584 (⁵)
1154 4492 1253 4586 quod
1267 4492 1455 4568 sciendum
1474 4492 1574 4587 quod

399 4612 555 4689 &notus
578 4612 653 4687 leo
678 4620 735 4687 est
759 4612 886 4688 civitas
909 4611 1158 4687 Romandiolae
1182 4611 1218 4685 in
1239 4612 1480 4707 Monteieltro,
1492 4613 1573 4708 jam

398 4733 488 4809 snos
511 4733 657 4809 deserta
683 4740 850 4829 tempore
875 4732 987 4810 nostri
1013 4740 1142 4828 poeta,
1161 4739 1198 4807 et
1219 4732 1325 4807 bodie
1342 4734 1440 4828 plus3
1460 4734 1497 4806 in
1517 4733 1574 4808 al-

402 4853 540 4927 tissimo
572 4860 697 4927 moute
726 4854 806 4948 sita,
833 4853 1019 4927 montibus
1049 4852 1233 4927 altissimis
1261 4854 1469 4949 aggregatis
1502 4854 1574 4929 cir-

462 5041 489 5102 (¹)
505 5040 535 5090 ll.
551 5040 720 5093 intraverant.
845 5039 874 5104 (¹)
889 5042 916 5091 S.
933 5041 1040 5105 parvula
1057 5041 1162 5092 donula.
1288 5040 1314 5101 (⁸)
1331 5041 1361 5092 b.
1378 5042 1464 5092 buius.

463 5114 492 5177 t‘)
507 5116 538 5167 B.
556 5118 657 5168 ridetur
673 5118 768 5170 dicere.
846 5119 875 5180 ζ’)
891 5122 947 5179 ¹1⁷,
962 5118 1014 5169 llio
1028 5123 1091 5169 uota
1105 5118 1176 5181 quod
1192 5118 1301 5169 Sanctus
1317 5118 1379 5169 luo.
