4542 6842
708 950 845 1010 murus
870 953 1028 1010 nunnus
1052 953 1196 1008 snxrns.
1466 940 1537 1008 433

366 1115 433 1193 pro
459 1093 675 1172 liberatione
699 1116 795 1191 mea,
813 1099 899 1193 quia
922 1119 1049 1194 preces
1068 1105 1143 1173 tuae
1167 1097 1303 1174 debent
1327 1118 1407 1174 esse
1428 1098 1539 1194 justae

365 1235 452 1290 oum
479 1215 528 1290 sis
552 1215 589 1289 in
613 1216 734 1312 gratia
751 1217 900 1312 positus,
918 1221 1060 1311 quondo
1077 1221 1113 1291 oi
1127 1222 1237 1311 serui,
1253 1219 1390 1294 seilicet
1415 1218 1453 1291 ia
1477 1218 1540 1291 illo

366 1336 474 1430 coeto,
498 1336 562 1430 qui
588 1344 643 1411 est
668 1337 770 1414 locus
796 1338 1038 1413 beatitudinis.

442 1462 487 1530 nt
497 1459 544 1530 io.
558 1457 628 1532 Ista
646 1464 701 1532 est
718 1459 825 1534 tertia
842 1480 927 1556 pars
943 1459 1136 1556 generalis,
1150 1460 1274 1555 inqua
1292 1471 1398 1556 poeta
1416 1467 1539 1536 osten·

367 1577 420 1654 dit
445 1578 603 1672 qualiter
622 1578 698 1674 ipse
717 1578 870 1655 audiens
889 1581 1052 1655 Marcum
1076 1580 1269 1676 magnilica
1288 1582 1474 1657 dolentem
1491 1582 1539 1658 de

369 1697 516 1792 virtute,
534 1699 594 1772 oui
615 1719 744 1774 omnes
771 1699 936 1775 moderni
954 1699 1130 1776 hostiliter
1148 1700 1393 1795 inimicantur,
1413 1709 1538 1778 movet

369 1817 436 1891 sibi
472 1817 628 1892 arduam
667 1819 906 1913 questionem
936 1826 1063 1914 petens
1094 1839 1179 1913 qnae
1210 1820 1256 1893 sit
1286 1841 1398 1896 causa
1428 1828 1540 1896 tantm

368 1936 603 2032 infelicitatis3
628 1944 667 2014 et
691 1939 810 2034 primo
840 1939 987 2035 quidem
1016 1946 1056 2015 ut
1082 1939 1210 2014 reddat
1234 1941 1398 2016 llarcum
1424 1942 1540 2017 bene·

369 2058 496 2134 volum
522 2058 569 2134 ad
586 2058 859 2154 responsionem
880 2080 987 2141 suam
999 2060 1103 2155 jurat
1123 2079 1163 2134 se
1180 2059 1364 2136 iacturum
1383 2061 1418 2135 id
1440 2063 1539 2156 quod

368 2179 457 2274 petit
482 2199 567 2252 otum
594 2179 802 2275 pervenerit
826 2178 864 2254 in
887 2179 1036 2253 ooelum.
1055 2179 1148 2254 Dicit
1173 2199 1280 2275 ergo:
1301 2186 1347 2254 nt
1368 2184 1404 2253 io
1429 2203 1453 2254 o
1478 2185 1540 2271 tui,

369 2297 515 2392 scilicet,
541 2297 626 2392 diri,
643 2320 710 2391 per
730 2301 810 2393 sede
834 2301 883 2372 mi
899 2301 925 2372 α’
941 2303 1031 2390 layo,
1048 2299 1152 2394 idest,
1171 2299 1292 2397 obligo
1313 2320 1375 2376 me
1392 2301 1456 2375 tibi
1473 2321 1540 2396 per

369 2419 478 2495 tidem
506 2441 580 2514 qua
606 2420 748 2493 nullum
775 2427 831 2494 est
855 2419 985 2494 lortius
1009 2419 1199 2494 vinculum
1225 2421 1263 2492 iu
1290 2421 1439 2496 bomine
1464 2421 1540 2494 vir-

370 2545 488 2632 tuoso,
514 2541 552 2613 di
571 2543 635 2633 sor
666 2531 719 2612 ab
748 2542 807 2612 ete
836 2541 884 2612 mi
912 2541 1034 2626 clodi,
1060 2540 1207 2634 scilieet,
1233 2560 1295 2614 me
1319 2547 1539 2637 rogaturum

369 2680 437 2756 pro
463 2667 500 2734 te
520 2645 561 2734 'iu
587 2660 692 2736 ooelo.
719 2661 764 2734 Et
787 2659 909 2734 subdit
933 2660 1100 2754 dubium,
1119 2680 1194 2755 qno
1220 2659 1383 2736 maxime
1402 2663 1541 2758 premi·

370 2789 444 2875 tur,
470 2779 610 2855 dioens:
638 2801 698 2854 mn
721 2783 756 2854 io
779 2783 933 2873 sooppio,
960 2780 1062 2874 idest,
1088 2800 1200 2876 oropo
1231 2802 1278 2856 ex
1310 2781 1423 2855 nimio
1448 2803 1541 2876 pon-

371 2901 471 2994 dere,
497 2903 620 2974 dentre
651 2902 702 2974 od
731 2920 779 2974 aa
808 2900 924 2992 dubio,
951 2900 1057 2974 valde
1086 2900 1192 2994 sorte,
1216 2903 1293 2973 s’io
1321 2923 1394 2974 aon
1419 2921 1473 2974 ma
1496 2923 1541 2975 ae

370 3023 503 3116 spicum
526 3020 629 3113 idest,
647 3019 676 3094 si
704 3040 777 3094 non
796 3019 946 3095 absolvo
967 3025 1003 3093 et
1021 3039 1184 3095 exonero
1206 3039 1277 3114 me,
1298 3021 1383 3114 quia
1406 3040 1453 3095 ex
1471 3021 1541 3095 isto

371 3147 580 3235 sequuntur
603 3139 727 3214 omnia
752 3139 1041 3214 inconvenientia
1067 3140 1206 3234 mundi,
1228 3147 1269 3212 nt
1293 3140 1415 3214 statim
1440 3139 1539 3215 dice-

371 3267 443 3334 tur.
470 3261 514 3334 Et
538 3259 699 3356 assignat
723 3279 872 3334 oausam
893 3259 1013 3351 buius,
1033 3258 1181 3354 scilicet,
1199 3259 1286 3354 quia
1302 3258 1339 3332 in
1360 3259 1437 3334 dies
1458 3280 1540 3334 rua·

371 3381 426 3478 gis
451 3379 640 3473 excrescit,
658 3379 745 3475 quia
762 3379 907 3454 invenio
930 3379 1024 3454 dicta
1050 3387 1088 3455 et
1114 3380 1310 3454 sententias
1335 3362 1540 3453 multorum

370 3500 538 3576 laniantia
564 3499 652 3574 mibi
682 3499 778 3574 istud
810 3499 976 3575 dubium.
1006 3500 1060 3574 nd
1091 3501 1197 3574 ouius
1227 3501 1343 3576 litarae
1372 3499 1543 3575 obscurae

371 3620 645 3717 intelligentiam
672 3621 810 3695 claram
838 3620 920 3694 volo
950 3627 987 3696 te
1018 3620 1123 3714 scire,
1152 3620 1250 3714 quod
1279 3628 1386 3715 poeta
1417 3627 1543 3695 noster

371 3740 563 3816 audiverat
594 3739 749 3816 similem
784 3759 994 3816 sermonem
1024 3739 1120 3834 alibi,
1151 3740 1287 3814 scilieet
1315 3740 1350 3813 in
1380 3740 1543 3815 seeundo

372 3859 509 3936 circulo
540 3859 747 3955 Purgatorii
777 3860 935 3954 capitulo
961 3860 1052 3934 llllll
1084 3881 1106 3934 a
1136 3859 1302 3935 Gnidone
1334 3859 1392 3935 del
1425 3859 1539 3954 linea,

371 3980 499 4077 spiritu
526 3980 753 4055 romandiola
779 3979 924 4074 invid03
950 3980 1013 4075 qui
1038 3980 1193 4074 loquens
1213 3980 1261 4054 de
1276 3979 1543 4055 habitatoribus

371 4099 471 4194 Arni,
497 4099 561 4194 qui
592 4099 737 4195 lugiunt
767 4099 940 4176 virtutem
972 4106 1162 4194 tamquam
1195 4099 1542 4194 serpentemdixit

373 4222 443 4295 boc
468 4239 548 4293 esse
574 4219 631 4294 vel
657 4238 703 4293 er
729 4219 936 4294 infelicitate
963 4219 1042 4314 loci,
1069 4221 1127 4294 vel
1154 4241 1201 4294 er
1227 4240 1341 4315 pravo
1371 4241 1442 4293 usu
1473 4220 1543 4294 bo-

373 4339 534 4432 minum;
561 4345 598 4413 et
622 4359 721 4413 nuno
750 4339 922 4414 audiebat
946 4339 1043 4414 idem
1073 4361 1095 4414 a
1130 4341 1252 4415 llaroo
1286 4340 1413 4436 spiritu
1447 4338 1543 4413 lom-

265 4533 270 4554 ,
372 4459 487 4536 bardo
513 4458 700 4552 iracundo,
725 4459 789 4552 qui
822 4460 892 4534 boo
916 4459 1001 4534 dicit
1026 4459 1072 4534 de
1097 4461 1269 4535 omnibus
1300 4461 1337 4534 in
1362 4459 1541 4557 generali,

373 4590 411 4658 et
435 4581 473 4656 in
497 4578 707 4676 particulari
731 4578 778 4655 de
802 4579 1066 4686 habitatoribus
1097 4581 1195 4676 Padi,
1221 4588 1258 4656 et
1288 4579 1450 4673 Athesis3
1476 4598 1544 4674 per

373 4722 458 4798 qnae
483 4701 563 4774 loca
588 4697 674 4773 dicit
699 4718 804 4793 posse
828 4699 985 4774 transire
1005 4706 1084 4774 tute
1108 4700 1335 4794 quicumque
1360 4719 1544 4774 verecun-

374 4822 484 4897 datur
508 4819 802 4916 appropinquare
818 4819 932 4893 bonis.
953 4819 1008 4893 Ad
1024 4819 1169 4896 literam
1191 4840 1292 4918 ergo,
1313 4819 1399 4894 dicit
1415 4825 1541 4914 poeta:

372 4945 492 5038 primo
508 4961 573 5014 era
584 4924 746 5032 scampioj
762 4940 909 5035 scilicet,
930 4939 1018 5014 illud
1035 4940 1202 5035 dubium,
1220 4941 1307 5035 quia
1324 4939 1541 5014 audiveram

375 5064 422 5140 ab
447 5083 523 5138 uno
548 5059 674 5156 spiritu
701 5061 761 5136 oui
786 5061 994 5156 credebam,
1012 5068 1045 5136 et
1063 5083 1131 5136 oro
1155 5055 1279 5158 e'sotto
1296 5063 1424 5156 donato
1450 5063 1543 5134 aelio

507 5201 549 5246 111.
1383 5202 1412 5246 28
