<?xml version="1.0" encoding="UTF-8"?>
<!DOCTYPE html PUBLIC "-//W3C//DTD XHTML 1.0 Transitional//EN"
    "http://www.w3.org/TR/xhtml1/DTD/xhtml1-transitional.dtd">
<html xmlns="http://www.w3.org/1999/xhtml" xml:lang="en" lang="en">
 <head>
  <title>
</title>
<meta http-equiv="Content-Type" content="text/html;charset=utf-8" />
  <meta name='ocr-system' content='tesseract 3.04.00' />
  <meta name='ocr-capabilities' content='ocr_page ocr_carea ocr_par ocr_line ocrx_word'/>
</head>
<body>
  <div class='ocr_page' id='page_1' title='image "./comentumsuperda01unkngoog_0028.png"; bbox 0 0 4542 6842; ppageno 0'>
   <div class='ocr_carea' id='block_1_1' title="bbox 686 981 1496 1048">
    <p class='ocr_par' dir='ltr' id='par_1_1' title="bbox 686 981 1496 1048">
     <span class='ocr_line' id='line_1_1' title="bbox 686 981 1496 1048; baseline -0.015 0"><span class='ocrx_word' id='word_1_1' title='bbox 686 981 731 1048; x_wconf 89' lang='lat'>18</span> <span class='ocrx_word' id='word_1_2' title='bbox 1047 987 1252 1041; x_wconf 81' lang='lat' dir='ltr'>counnrunr</span> <span class='ocrx_word' id='word_1_3' title='bbox 1277 983 1496 1041; x_wconf 76' lang='lat' dir='ltr'>nuncnuonn</span> 
     </span>
    </p>
   </div>
   <div class='ocr_carea' id='block_1_2' title="bbox 593 1126 1872 4114">
    <p class='ocr_par' dir='ltr' id='par_1_2' title="bbox 593 1126 1872 4114">
     <span class='ocr_line' id='line_1_2' title="bbox 682 1126 1861 1232; baseline -0.01 -21"><span class='ocrx_word' id='word_1_4' title='bbox 682 1137 781 1232; x_wconf 88' lang='lat' dir='ltr'>apud</span> <span class='ocrx_word' id='word_1_5' title='bbox 807 1135 943 1209; x_wconf 85' lang='lat' dir='ltr'>lulium</span> <span class='ocrx_word' id='word_1_6' title='bbox 970 1131 1130 1225; x_wconf 83' lang='lat' dir='ltr'><strong>Celsum,</strong></span> <span class='ocrx_word' id='word_1_7' title='bbox 1152 1151 1238 1204; x_wconf 91' lang='lat' dir='ltr'>cum</span> <span class='ocrx_word' id='word_1_8' title='bbox 1265 1129 1408 1205; x_wconf 79' lang='lat' dir='ltr'><strong>fecisset</strong></span> <span class='ocrx_word' id='word_1_9' title='bbox 1424 1127 1473 1202; x_wconf 94' lang='lat' dir='ltr'>illi</span> <span class='ocrx_word' id='word_1_10' title='bbox 1490 1128 1627 1200; x_wconf 89' lang='lat' dir='ltr'>multas</span> <span class='ocrx_word' id='word_1_11' title='bbox 1651 1126 1861 1221; x_wconf 90' lang='lat' dir='ltr'>persuasio-</span> 
     </span>
     <span class='ocr_line' id='line_1_3' title="bbox 682 1246 1861 1343; baseline -0.009 -13"><span class='ocrx_word' id='word_1_12' title='bbox 682 1275 747 1330; x_wconf 92' lang='lat' dir='ltr'>nes</span> <span class='ocrx_word' id='word_1_13' title='bbox 772 1256 818 1330; x_wconf 88' lang='lat' dir='ltr'>ad</span> <span class='ocrx_word' id='word_1_14' title='bbox 845 1255 1032 1339; x_wconf 87' lang='lat' dir='ltr'>virtutem,</span> <span class='ocrx_word' id='word_1_15' title='bbox 1058 1249 1241 1324; x_wconf 81' lang='lat' dir='ltr'>concludit</span> <span class='ocrx_word' id='word_1_16' title='bbox 1264 1249 1363 1343; x_wconf 90' lang='lat' dir='ltr'>quod</span> <span class='ocrx_word' id='word_1_17' title='bbox 1389 1249 1503 1323; x_wconf 88' lang='lat' dir='ltr'>irater</span> <span class='ocrx_word' id='word_1_18' title='bbox 1528 1246 1635 1322; x_wconf 84' lang='lat' dir='ltr'>saciet</span> <span class='ocrx_word' id='word_1_19' title='bbox 1657 1249 1727 1322; x_wconf 88' lang='lat' dir='ltr'>hoc</span> <span class='ocrx_word' id='word_1_20' title='bbox 1746 1246 1861 1320; x_wconf 79' lang='lat' dir='ltr'>sacili·</span> 
     </span>
     <span class='ocr_line' id='line_1_4' title="bbox 682 1366 1861 1468; baseline -0.006 -20"><span class='ocrx_word' id='word_1_21' title='bbox 682 1381 739 1450; x_wconf 92' lang='lat' dir='ltr'>ter</span> <span class='ocrx_word' id='word_1_22' title='bbox 765 1375 793 1448; x_wconf 93' lang='lat' dir='ltr'>si</span> <span class='ocrx_word' id='word_1_23' title='bbox 820 1372 1003 1468; x_wconf 88' lang='lat' dir='ltr'>putaverit</span> <span class='ocrx_word' id='word_1_24' title='bbox 1031 1371 1151 1466; x_wconf 87' lang='lat' dir='ltr'>ipsum</span> <span class='ocrx_word' id='word_1_25' title='bbox 1173 1369 1332 1443; x_wconf 84' lang='lat' dir='ltr'>Tullium</span> <span class='ocrx_word' id='word_1_26' title='bbox 1351 1389 1432 1445; x_wconf 82' lang='lat' dir='ltr'>esse</span> <span class='ocrx_word' id='word_1_27' title='bbox 1447 1374 1665 1463; x_wconf 78' lang='lat' dir='ltr'>presentem</span> <span class='ocrx_word' id='word_1_28' title='bbox 1689 1366 1861 1442; x_wconf 89' lang='lat' dir='ltr'>omnibus</span> 
     </span>
     <span class='ocr_line' id='line_1_5' title="bbox 683 1488 1862 1588; baseline -0.004 -21"><span class='ocrx_word' id='word_1_29' title='bbox 683 1494 794 1569; x_wconf 91' lang='lat' dir='ltr'>rebus</span> <span class='ocrx_word' id='word_1_30' title='bbox 820 1513 911 1588; x_wconf 89' lang='lat' dir='ltr'>quas</span> <span class='ocrx_word' id='word_1_31' title='bbox 935 1492 1030 1566; x_wconf 89' lang='lat' dir='ltr'>dicet</span> <span class='ocrx_word' id='word_1_32' title='bbox 1056 1497 1093 1566; x_wconf 92' lang='lat' dir='ltr'>et</span> <span class='ocrx_word' id='word_1_33' title='bbox 1118 1489 1235 1566; x_wconf 80' lang='lat' dir='ltr'>saciet.</span> <span class='ocrx_word' id='word_1_34' title='bbox 1261 1489 1357 1564; x_wconf 88' lang='lat' dir='ltr'>Ecce</span> <span class='ocrx_word' id='word_1_35' title='bbox 1378 1489 1535 1583; x_wconf 83' lang='lat' dir='ltr'>qualiter</span> <span class='ocrx_word' id='word_1_36' title='bbox 1559 1488 1698 1562; x_wconf 86' lang='lat' dir='ltr'>Tullius</span> <span class='ocrx_word' id='word_1_37' title='bbox 1725 1509 1862 1582; x_wconf 91' lang='lat' dir='ltr'>propo·</span> 
     </span>
     <span class='ocr_line' id='line_1_6' title="bbox 683 1607 1861 1709; baseline -0.003 -21"><span class='ocrx_word' id='word_1_38' title='bbox 683 1607 786 1707; x_wconf 59' lang='lat' dir='ltr'>citt)</span> <span class='ocrx_word' id='word_1_39' title='bbox 815 1635 854 1688; x_wconf 93' lang='lat' dir='ltr'>se</span> <span class='ocrx_word' id='word_1_40' title='bbox 880 1614 1000 1709; x_wconf 94' lang='lat' dir='ltr'>ipsum</span> <span class='ocrx_word' id='word_1_41' title='bbox 1026 1612 1130 1685; x_wconf 84' lang='lat' dir='ltr'>tratri</span> <span class='ocrx_word' id='word_1_42' title='bbox 1155 1632 1224 1685; x_wconf 93' lang='lat' dir='ltr'>suo</span> <span class='ocrx_word' id='word_1_43' title='bbox 1250 1611 1287 1684; x_wconf 95' lang='lat' dir='ltr'>in</span> <span class='ocrx_word' id='word_1_44' title='bbox 1313 1609 1526 1705; x_wconf 82' lang='lat' dir='ltr'>exemplum</span> <span class='ocrx_word' id='word_1_45' title='bbox 1544 1608 1699 1683; x_wconf 88' lang='lat' dir='ltr'>virtutis.</span> <span class='ocrx_word' id='word_1_46' title='bbox 1719 1608 1861 1684; x_wconf 80' lang='lat' dir='ltr'><strong>Seneca</strong></span> 
     </span>
     <span class='ocr_line' id='line_1_7' title="bbox 683 1727 1862 1824; baseline -0.005 -15"><span class='ocrx_word' id='word_1_47' title='bbox 683 1742 810 1810; x_wconf 90' lang='lat' dir='ltr'>autem</span> <span class='ocrx_word' id='word_1_48' title='bbox 837 1733 999 1807; x_wconf 89' lang='lat' dir='ltr'>scribens</span> <span class='ocrx_word' id='word_1_49' title='bbox 1028 1731 1166 1806; x_wconf 90' lang='lat' dir='ltr'>Lucilio</span> <span class='ocrx_word' id='word_1_50' title='bbox 1200 1730 1319 1806; x_wconf 90' lang='lat' dir='ltr'>amico</span> <span class='ocrx_word' id='word_1_51' title='bbox 1353 1751 1422 1804; x_wconf 89' lang='lat' dir='ltr'>suo</span> <span class='ocrx_word' id='word_1_52' title='bbox 1455 1728 1593 1824; x_wconf 91' lang='lat' dir='ltr'>optimo</span> <span class='ocrx_word' id='word_1_53' title='bbox 1627 1727 1744 1802; x_wconf 93' lang='lat' dir='ltr'>noluit</span> <span class='ocrx_word' id='word_1_54' title='bbox 1773 1748 1862 1824; x_wconf 89' lang='lat' dir='ltr'>pro·</span> 
     </span>
     <span class='ocr_line' id='line_1_8' title="bbox 684 1848 1862 1949; baseline -0.004 -22"><span class='ocrx_word' id='word_1_55' title='bbox 684 1874 823 1949; x_wconf 91' lang='lat' dir='ltr'>ponere</span> <span class='ocrx_word' id='word_1_56' title='bbox 848 1873 887 1926; x_wconf 94' lang='lat' dir='ltr'>se</span> <span class='ocrx_word' id='word_1_57' title='bbox 912 1851 950 1925; x_wconf 93' lang='lat' dir='ltr'>in</span> <span class='ocrx_word' id='word_1_58' title='bbox 976 1849 1187 1944; x_wconf 87' lang='lat' dir='ltr'>exemplum</span> <span class='ocrx_word' id='word_1_59' title='bbox 1218 1849 1279 1944; x_wconf 95' lang='lat' dir='ltr'>illi,</span> <span class='ocrx_word' id='word_1_60' title='bbox 1305 1850 1392 1943; x_wconf 86' lang='lat' dir='ltr'>quia</span> <span class='ocrx_word' id='word_1_61' title='bbox 1422 1869 1495 1924; x_wconf 91' lang='lat' dir='ltr'>non</span> <span class='ocrx_word' id='word_1_62' title='bbox 1526 1849 1595 1923; x_wconf 89' lang='lat' dir='ltr'>luit</span> <span class='ocrx_word' id='word_1_63' title='bbox 1627 1849 1677 1923; x_wconf 89' lang='lat' dir='ltr'>ita</span> <span class='ocrx_word' id='word_1_64' title='bbox 1708 1848 1862 1944; x_wconf 88' lang='lat' dir='ltr'>cupidus</span> 
     </span>
     <span class='ocr_line' id='line_1_9' title="bbox 684 1967 1863 2069; baseline -0.004 -23"><span class='ocrx_word' id='word_1_65' title='bbox 684 1973 836 2069; x_wconf 71' lang='lat' dir='ltr'>gloriae,</span> <span class='ocrx_word' id='word_1_66' title='bbox 860 1971 923 2046; x_wconf 92' lang='lat' dir='ltr'>sed</span> <span class='ocrx_word' id='word_1_67' title='bbox 941 1970 1070 2044; x_wconf 87' lang='lat' dir='ltr'>suadet</span> <span class='ocrx_word' id='word_1_68' title='bbox 1093 1980 1132 2046; x_wconf 95' lang='lat' dir='ltr'>ut</span> <span class='ocrx_word' id='word_1_69' title='bbox 1150 1969 1226 2063; x_wconf 90' lang='lat' dir='ltr'>ipse</span> <span class='ocrx_word' id='word_1_70' title='bbox 1244 1969 1356 2066; x_wconf 86' lang='lat' dir='ltr'>lingat</span> <span class='ocrx_word' id='word_1_71' title='bbox 1373 1969 1439 2043; x_wconf 94' lang='lat' dir='ltr'>sibi</span> <span class='ocrx_word' id='word_1_72' title='bbox 1457 1969 1688 2063; x_wconf 73' lang='lat' dir='ltr'>praesentiam</span> <span class='ocrx_word' id='word_1_73' title='bbox 1706 1967 1863 2044; x_wconf 88' lang='lat' dir='ltr'>alicuius</span> 
     </span>
     <span class='ocr_line' id='line_1_10' title="bbox 686 2091 1864 2186; baseline -0.001 -18"><span class='ocrx_word' id='word_1_74' title='bbox 686 2093 850 2168; x_wconf 89' lang='lat' dir='ltr'>clarioris</span> <span class='ocrx_word' id='word_1_75' title='bbox 874 2091 955 2186; x_wconf 88' lang='lat' dir='ltr'>viri,</span> <span class='ocrx_word' id='word_1_76' title='bbox 981 2091 1086 2165; x_wconf 89' lang='lat' dir='ltr'>cuius</span> <span class='ocrx_word' id='word_1_77' title='bbox 1111 2091 1309 2164; x_wconf 77' lang='lat' dir='ltr'><strong>autoritate</strong></span> <span class='ocrx_word' id='word_1_78' title='bbox 1342 2111 1383 2165; x_wconf 92' lang='lat' dir='ltr'>se</span> <span class='ocrx_word' id='word_1_79' title='bbox 1411 2091 1602 2185; x_wconf 89' lang='lat' dir='ltr'>custodiat,</span> <span class='ocrx_word' id='word_1_80' title='bbox 1629 2091 1725 2166; x_wconf 90' lang='lat' dir='ltr'>sicut</span> <span class='ocrx_word' id='word_1_81' title='bbox 1753 2093 1864 2167; x_wconf 87' lang='lat' dir='ltr'>Cato-</span> 
     </span>
     <span class='ocr_line' id='line_1_11' title="bbox 687 2210 1864 2308; baseline 0.002 -21"><span class='ocrx_word' id='word_1_82' title='bbox 687 2215 752 2308; x_wconf 93' lang='lat' dir='ltr'>nis,</span> <span class='ocrx_word' id='word_1_83' title='bbox 779 2211 963 2308; x_wconf 84' lang='lat' dir='ltr'>Scipionis,</span> <span class='ocrx_word' id='word_1_84' title='bbox 988 2219 1054 2286; x_wconf 86' lang='lat' dir='ltr'>aut</span> <span class='ocrx_word' id='word_1_85' title='bbox 1083 2210 1194 2305; x_wconf 77' lang='lat' dir='ltr'>Laelii,</span> <span class='ocrx_word' id='word_1_86' title='bbox 1220 2210 1285 2305; x_wconf 83' lang='lat' dir='ltr'>qui</span> <span class='ocrx_word' id='word_1_87' title='bbox 1317 2210 1385 2284; x_wconf 88' lang='lat' dir='ltr'>luit</span> <span class='ocrx_word' id='word_1_88' title='bbox 1409 2211 1551 2285; x_wconf 89' lang='lat' dir='ltr'>amicus</span> <span class='ocrx_word' id='word_1_89' title='bbox 1577 2212 1864 2307; x_wconf 78' lang='lat' dir='ltr'>perfectissimus</span> 
     </span>
     <span class='ocr_line' id='line_1_12' title="bbox 687 2331 1864 2431; baseline 0 -24"><span class='ocrx_word' id='word_1_90' title='bbox 687 2332 871 2428; x_wconf 83' lang='lat' dir='ltr'>Scipionis.</span> <span class='ocrx_word' id='word_1_91' title='bbox 900 2331 943 2404; x_wconf 87' lang='lat' dir='ltr'>Et</span> <span class='ocrx_word' id='word_1_92' title='bbox 968 2332 1066 2406; x_wconf 82' lang='lat' dir='ltr'>addit</span> <span class='ocrx_word' id='word_1_93' title='bbox 1091 2332 1190 2425; x_wconf 89' lang='lat' dir='ltr'>quod</span> <span class='ocrx_word' id='word_1_94' title='bbox 1215 2331 1245 2404; x_wconf 90' lang='lat' dir='ltr'>si</span> <span class='ocrx_word' id='word_1_95' title='bbox 1271 2332 1361 2406; x_wconf 87' lang='lat' dir='ltr'>Cato</span> <span class='ocrx_word' id='word_1_96' title='bbox 1381 2331 1527 2406; x_wconf 87' lang='lat' dir='ltr'>videtur</span> <span class='ocrx_word' id='word_1_97' title='bbox 1547 2331 1614 2405; x_wconf 86' lang='lat' dir='ltr'>sibi</span> <span class='ocrx_word' id='word_1_98' title='bbox 1642 2332 1749 2406; x_wconf 91' lang='lat' dir='ltr'>nimis</span> <span class='ocrx_word' id='word_1_99' title='bbox 1777 2333 1864 2431; x_wconf 90' lang='lat' dir='ltr'>rigi·</span> 
     </span>
     <span class='ocr_line' id='line_1_13' title="bbox 688 2451 1863 2550; baseline 0 -21"><span class='ocrx_word' id='word_1_100' title='bbox 688 2456 769 2549; x_wconf 77' lang='lat' dir='ltr'>duS,</span> <span class='ocrx_word' id='word_1_101' title='bbox 795 2454 893 2548; x_wconf 93' lang='lat' dir='ltr'>quod</span> <span class='ocrx_word' id='word_1_102' title='bbox 919 2454 1030 2549; x_wconf 88' lang='lat' dir='ltr'>eligat</span> <span class='ocrx_word' id='word_1_103' title='bbox 1054 2452 1207 2525; x_wconf 86' lang='lat' dir='ltr'>Laelium</span> <span class='ocrx_word' id='word_1_104' title='bbox 1230 2451 1351 2526; x_wconf 80' lang='lat' dir='ltr'>virum</span> <span class='ocrx_word' id='word_1_105' title='bbox 1375 2452 1635 2547; x_wconf 80' lang='lat' dir='ltr'>remissiorem,</span> <span class='ocrx_word' id='word_1_106' title='bbox 1657 2455 1715 2528; x_wconf 89' lang='lat' dir='ltr'>vel</span> <span class='ocrx_word' id='word_1_107' title='bbox 1736 2455 1863 2550; x_wconf 91' lang='lat' dir='ltr'>alium,</span> 
     </span>
     <span class='ocr_line' id='line_1_14' title="bbox 689 2571 1865 2669; baseline 0 -20"><span class='ocrx_word' id='word_1_108' title='bbox 689 2575 797 2649; x_wconf 89' lang='lat' dir='ltr'>cuius</span> <span class='ocrx_word' id='word_1_109' title='bbox 825 2574 896 2648; x_wconf 86' lang='lat' dir='ltr'>vita</span> <span class='ocrx_word' id='word_1_110' title='bbox 924 2580 960 2647; x_wconf 93' lang='lat' dir='ltr'>et</span> <span class='ocrx_word' id='word_1_111' title='bbox 984 2573 1076 2646; x_wconf 94' lang='lat' dir='ltr'>ordo</span> <span class='ocrx_word' id='word_1_112' title='bbox 1103 2571 1281 2666; x_wconf 82' lang='lat' dir='ltr'>placuerit</span> <span class='ocrx_word' id='word_1_113' title='bbox 1306 2572 1383 2645; x_wconf 91' lang='lat' dir='ltr'>sibi.</span> <span class='ocrx_word' id='word_1_114' title='bbox 1414 2572 1473 2646; x_wconf 90' lang='lat' dir='ltr'>Sic</span> <span class='ocrx_word' id='word_1_115' title='bbox 1499 2593 1590 2669; x_wconf 90' lang='lat' dir='ltr'>ergo</span> <span class='ocrx_word' id='word_1_116' title='bbox 1615 2573 1753 2649; x_wconf 85' lang='lat' dir='ltr'>Seneca</span> <span class='ocrx_word' id='word_1_117' title='bbox 1778 2575 1865 2649; x_wconf 90' lang='lat' dir='ltr'>reli-</span> 
     </span>
     <span class='ocr_line' id='line_1_15' title="bbox 694 2691 1866 2789; baseline 0.002 -22"><span class='ocrx_word' id='word_1_118' title='bbox 694 2696 773 2789; x_wconf 91' lang='lat' dir='ltr'>quit</span> <span class='ocrx_word' id='word_1_119' title='bbox 799 2693 902 2768; x_wconf 89' lang='lat' dir='ltr'>nohis</span> <span class='ocrx_word' id='word_1_120' title='bbox 927 2693 1132 2767; x_wconf 89' lang='lat' dir='ltr'>libertatem</span> <span class='ocrx_word' id='word_1_121' title='bbox 1157 2691 1310 2787; x_wconf 88' lang='lat' dir='ltr'>eligendi</span> <span class='ocrx_word' id='word_1_122' title='bbox 1329 2712 1440 2786; x_wconf 85' lang='lat' dir='ltr'>quem</span> <span class='ocrx_word' id='word_1_123' title='bbox 1461 2692 1646 2787; x_wconf 87' lang='lat' dir='ltr'>volumus,</span> <span class='ocrx_word' id='word_1_124' title='bbox 1663 2693 1866 2769; x_wconf 91' lang='lat' dir='ltr'>dummodo</span> 
     </span>
     <span class='ocr_line' id='line_1_16' title="bbox 692 2811 1864 2911; baseline -0.002 -22"><span class='ocrx_word' id='word_1_125' title='bbox 692 2815 872 2911; x_wconf 87' lang='lat' dir='ltr'>eligamus</span> <span class='ocrx_word' id='word_1_126' title='bbox 898 2812 1000 2886; x_wconf 95' lang='lat' dir='ltr'>illum</span> <span class='ocrx_word' id='word_1_127' title='bbox 1028 2811 1132 2885; x_wconf 88' lang='lat' dir='ltr'>cuius</span> <span class='ocrx_word' id='word_1_128' title='bbox 1158 2811 1233 2887; x_wconf 83' lang='lat' dir='ltr'>vita</span> <span class='ocrx_word' id='word_1_129' title='bbox 1258 2813 1302 2884; x_wconf 90' lang='lat' dir='ltr'>sit</span> <span class='ocrx_word' id='word_1_130' title='bbox 1324 2811 1428 2885; x_wconf 87' lang='lat' dir='ltr'>nobis</span> <span class='ocrx_word' id='word_1_131' title='bbox 1450 2818 1546 2886; x_wconf 89' lang='lat' dir='ltr'>nota.</span> <span class='ocrx_word' id='word_1_132' title='bbox 1564 2813 1618 2886; x_wconf 77' lang='lat' dir='ltr'>Ad</span> <span class='ocrx_word' id='word_1_133' title='bbox 1639 2815 1864 2909; x_wconf 92' lang='lat' dir='ltr'>propositum</span> 
     </span>
     <span class='ocr_line' id='line_1_17' title="bbox 692 2931 1867 3030; baseline -0.001 -21"><span class='ocrx_word' id='word_1_134' title='bbox 692 2955 782 3030; x_wconf 93' lang='lat' dir='ltr'>ergo</span> <span class='ocrx_word' id='word_1_135' title='bbox 809 2935 942 3006; x_wconf 83' lang='lat' dir='ltr'>Dentes</span> <span class='ocrx_word' id='word_1_136' title='bbox 967 2933 1200 3028; x_wconf 88' lang='lat' dir='ltr'>ingressurus</span> <span class='ocrx_word' id='word_1_137' title='bbox 1227 2931 1325 3006; x_wconf 85' lang='lat' dir='ltr'>viam</span> <span class='ocrx_word' id='word_1_138' title='bbox 1351 2931 1496 3006; x_wconf 89' lang='lat' dir='ltr'>virtutis</span> <span class='ocrx_word' id='word_1_139' title='bbox 1525 2933 1674 3006; x_wconf 89' lang='lat' dir='ltr'>moralis</span> <span class='ocrx_word' id='word_1_140' title='bbox 1699 2933 1867 3028; x_wconf 88' lang='lat' dir='ltr'>sequitur</span> 
     </span>
     <span class='ocr_line' id='line_1_18' title="bbox 691 3053 1867 3150; baseline -0.001 -20"><span class='ocrx_word' id='word_1_141' title='bbox 691 3055 884 3131; x_wconf 93' lang='lat' dir='ltr'>consilium</span> <span class='ocrx_word' id='word_1_142' title='bbox 910 3053 1069 3147; x_wconf 85' lang='lat' dir='ltr'>Senecae,</span> <span class='ocrx_word' id='word_1_143' title='bbox 1096 3062 1134 3127; x_wconf 93' lang='lat' dir='ltr'>et</span> <span class='ocrx_word' id='word_1_144' title='bbox 1159 3053 1260 3148; x_wconf 82' lang='lat' dir='ltr'>eligit</span> <span class='ocrx_word' id='word_1_145' title='bbox 1283 3053 1459 3128; x_wconf 87' lang='lat' dir='ltr'>Catonem</span> <span class='ocrx_word' id='word_1_146' title='bbox 1486 3053 1656 3150; x_wconf 93' lang='lat' dir='ltr'>rigidum,</span> <span class='ocrx_word' id='word_1_147' title='bbox 1678 3055 1765 3149; x_wconf 89' lang='lat' dir='ltr'>quia</span> <span class='ocrx_word' id='word_1_148' title='bbox 1790 3055 1867 3150; x_wconf 93' lang='lat' dir='ltr'>ipse</span> 
     </span>
     <span class='ocr_line' id='line_1_19' title="bbox 692 3171 1868 3270; baseline -0.001 -19"><span class='ocrx_word' id='word_1_149' title='bbox 692 3177 803 3251; x_wconf 91' lang='lat' dir='ltr'>etiam</span> <span class='ocrx_word' id='word_1_150' title='bbox 832 3176 990 3248; x_wconf 94' lang='lat' dir='ltr'>multum</span> <span class='ocrx_word' id='word_1_151' title='bbox 1017 3175 1085 3248; x_wconf 89' lang='lat' dir='ltr'>luit</span> <span class='ocrx_word' id='word_1_152' title='bbox 1111 3175 1250 3270; x_wconf 90' lang='lat' dir='ltr'>rigidus</span> <span class='ocrx_word' id='word_1_153' title='bbox 1275 3181 1312 3249; x_wconf 93' lang='lat' dir='ltr'>et</span> <span class='ocrx_word' id='word_1_154' title='bbox 1337 3175 1473 3268; x_wconf 77' lang='lat' dir='ltr'>durus,</span> <span class='ocrx_word' id='word_1_155' title='bbox 1491 3171 1657 3249; x_wconf 89' lang='lat' dir='ltr'>similiter</span> <span class='ocrx_word' id='word_1_156' title='bbox 1677 3176 1783 3250; x_wconf 93' lang='lat' dir='ltr'>multi</span> <span class='ocrx_word' id='word_1_157' title='bbox 1801 3177 1868 3250; x_wconf 91' lang='lat' dir='ltr'>eli·</span> 
     </span>
     <span class='ocr_line' id='line_1_20' title="bbox 692 3294 1866 3394; baseline 0.001 -25"><span class='ocrx_word' id='word_1_158' title='bbox 692 3303 785 3394; x_wconf 89' lang='lat' dir='ltr'>gunt</span> <span class='ocrx_word' id='word_1_159' title='bbox 815 3296 879 3370; x_wconf 90' lang='lat' dir='ltr'>sibi</span> <span class='ocrx_word' id='word_1_160' title='bbox 912 3296 1030 3391; x_wconf 93' lang='lat' dir='ltr'>ipsum</span> <span class='ocrx_word' id='word_1_161' title='bbox 1064 3295 1243 3370; x_wconf 81' lang='lat' dir='ltr'>Senecam</span> <span class='ocrx_word' id='word_1_162' title='bbox 1274 3294 1368 3369; x_wconf 92' lang='lat' dir='ltr'>sicut</span> <span class='ocrx_word' id='word_1_163' title='bbox 1398 3315 1469 3392; x_wconf 91' lang='lat' dir='ltr'>ego</span> <span class='ocrx_word' id='word_1_164' title='bbox 1504 3296 1591 3368; x_wconf 82' lang='lat' dir='ltr'>milri</span> <span class='ocrx_word' id='word_1_165' title='bbox 1624 3296 1717 3392; x_wconf 91' lang='lat' dir='ltr'>elegi</span> <span class='ocrx_word' id='word_1_166' title='bbox 1748 3298 1866 3392; x_wconf 88' lang='lat' dir='ltr'>ipsum</span> 
     </span>
     <span class='ocr_line' id='line_1_21' title="bbox 693 3416 1866 3511; baseline 0.001 -20"><span class='ocrx_word' id='word_1_167' title='bbox 693 3419 858 3494; x_wconf 86' lang='lat' dir='ltr'>Dantem.</span> <span class='ocrx_word' id='word_1_168' title='bbox 885 3418 959 3491; x_wconf 87' lang='lat' dir='ltr'>Nee</span> <span class='ocrx_word' id='word_1_169' title='bbox 987 3417 1142 3510; x_wconf 91' lang='lat' dir='ltr'>mireris,</span> <span class='ocrx_word' id='word_1_170' title='bbox 1165 3417 1291 3511; x_wconf 89' lang='lat' dir='ltr'>lector,</span> <span class='ocrx_word' id='word_1_171' title='bbox 1309 3416 1338 3490; x_wconf 92' lang='lat' dir='ltr'>si</span> <span class='ocrx_word' id='word_1_172' title='bbox 1365 3416 1417 3490; x_wconf 90' lang='lat' dir='ltr'>sic</span> <span class='ocrx_word' id='word_1_173' title='bbox 1445 3417 1634 3492; x_wconf 90' lang='lat' dir='ltr'>moraliter</span> <span class='ocrx_word' id='word_1_174' title='bbox 1658 3417 1731 3491; x_wconf 83' lang='lat' dir='ltr'>dini</span> <span class='ocrx_word' id='word_1_175' title='bbox 1757 3419 1866 3492; x_wconf 92' lang='lat' dir='ltr'>istum</span> 
     </span>
     <span class='ocr_line' id='line_1_22' title="bbox 693 3535 1870 3633; baseline -0.002 -19"><span class='ocrx_word' id='word_1_176' title='bbox 693 3558 842 3633; x_wconf 87' lang='lat' dir='ltr'>passum</span> <span class='ocrx_word' id='word_1_177' title='bbox 869 3538 948 3612; x_wconf 89' lang='lat' dir='ltr'>lore</span> <span class='ocrx_word' id='word_1_178' title='bbox 972 3535 1262 3632; x_wconf 88' lang='lat' dir='ltr'>intelligendum,</span> <span class='ocrx_word' id='word_1_179' title='bbox 1280 3537 1367 3629; x_wconf 89' lang='lat' dir='ltr'>quia</span> <span class='ocrx_word' id='word_1_180' title='bbox 1394 3537 1503 3611; x_wconf 87' lang='lat' dir='ltr'>etiam</span> <span class='ocrx_word' id='word_1_181' title='bbox 1524 3537 1695 3633; x_wconf 84' lang='lat' dir='ltr'>Virgilius</span> <span class='ocrx_word' id='word_1_182' title='bbox 1712 3560 1786 3614; x_wconf 93' lang='lat' dir='ltr'>non</span> <span class='ocrx_word' id='word_1_183' title='bbox 1803 3541 1870 3613; x_wconf 88' lang='lat' dir='ltr'>ha·</span> 
     </span>
     <span class='ocr_line' id='line_1_23' title="bbox 692 3656 1869 3755; baseline 0.001 -22"><span class='ocrx_word' id='word_1_184' title='bbox 692 3661 755 3734; x_wconf 92' lang='lat' dir='ltr'>bet</span> <span class='ocrx_word' id='word_1_185' title='bbox 781 3658 839 3732; x_wconf 82' lang='lat' dir='ltr'>iric</span> <span class='ocrx_word' id='word_1_186' title='bbox 865 3659 1000 3750; x_wconf 91' lang='lat' dir='ltr'>locum,</span> <span class='ocrx_word' id='word_1_187' title='bbox 1020 3656 1086 3730; x_wconf 89' lang='lat' dir='ltr'>nisi</span> <span class='ocrx_word' id='word_1_188' title='bbox 1104 3657 1304 3750; x_wconf 90' lang='lat' dir='ltr'>loquamur</span> <span class='ocrx_word' id='word_1_189' title='bbox 1320 3657 1366 3733; x_wconf 92' lang='lat' dir='ltr'>de</span> <span class='ocrx_word' id='word_1_190' title='bbox 1389 3658 1604 3754; x_wconf 88' lang='lat' dir='ltr'>purgatorio</span> <span class='ocrx_word' id='word_1_191' title='bbox 1622 3659 1764 3751; x_wconf 91' lang='lat' dir='ltr'>morali,</span> <span class='ocrx_word' id='word_1_192' title='bbox 1782 3659 1869 3755; x_wconf 87' lang='lat' dir='ltr'>quia</span> 
     </span>
     <span class='ocr_line' id='line_1_24' title="bbox 593 3775 1869 3874; baseline 0.002 -20"><span class='ocrx_word' id='word_1_193' title='bbox 593 3775 597 3784; x_wconf 88' lang='grc'><strong><em>’</em></strong></span> <span class='ocrx_word' id='word_1_194' title='bbox 694 3801 768 3854; x_wconf 92' lang='lat' dir='ltr'>non</span> <span class='ocrx_word' id='word_1_195' title='bbox 800 3778 900 3853; x_wconf 87' lang='lat' dir='ltr'>novit</span> <span class='ocrx_word' id='word_1_196' title='bbox 935 3778 1193 3874; x_wconf 88' lang='lat' dir='ltr'>purgatorium</span> <span class='ocrx_word' id='word_1_197' title='bbox 1226 3777 1430 3872; x_wconf 79' lang='lat' dir='ltr'>essentiale,</span> <span class='ocrx_word' id='word_1_198' title='bbox 1460 3799 1583 3872; x_wconf 91' lang='lat' dir='ltr'>neque</span> <span class='ocrx_word' id='word_1_199' title='bbox 1618 3779 1654 3852; x_wconf 93' lang='lat' dir='ltr'>in</span> <span class='ocrx_word' id='word_1_200' title='bbox 1681 3781 1754 3854; x_wconf 85' lang='lat' dir='ltr'>vita</span> <span class='ocrx_word' id='word_1_201' title='bbox 1782 3801 1869 3856; x_wconf 89' lang='lat' dir='ltr'>cum</span> 
     </span>
     <span class='ocr_line' id='line_1_25' title="bbox 694 3891 1871 3994; baseline 0.001 -20"><span class='ocrx_word' id='word_1_202' title='bbox 694 3900 805 3976; x_wconf 91' lang='lat' dir='ltr'>luerit</span> <span class='ocrx_word' id='word_1_203' title='bbox 831 3919 1007 3994; x_wconf 76' lang='lat' dir='ltr'>paganuS,</span> <span class='ocrx_word' id='word_1_204' title='bbox 1035 3919 1156 3992; x_wconf 93' lang='lat' dir='ltr'>neque</span> <span class='ocrx_word' id='word_1_205' title='bbox 1182 3903 1261 3993; x_wconf 87' lang='lat' dir='ltr'>post</span> <span class='ocrx_word' id='word_1_206' title='bbox 1288 3905 1446 3972; x_wconf 90' lang='lat' dir='ltr'>mortem</span> <span class='ocrx_word' id='word_1_207' title='bbox 1472 3919 1558 3972; x_wconf 93' lang='lat' dir='ltr'>cum</span> <span class='ocrx_word' id='word_1_208' title='bbox 1589 3898 1634 3972; x_wconf 90' lang='lat' dir='ltr'>sit</span> <span class='ocrx_word' id='word_1_209' title='bbox 1647 3891 1685 3991; x_wconf 74' lang='lat'>(¹)</span> <span class='ocrx_word' id='word_1_210' title='bbox 1717 3900 1871 3975; x_wconf 89' lang='lat' dir='ltr'>damna-</span> 
     </span>
     <span class='ocr_line' id='line_1_26' title="bbox 696 4018 1872 4114; baseline 0.002 -21"><span class='ocrx_word' id='word_1_211' title='bbox 696 4027 766 4093; x_wconf 89' lang='lat' dir='ltr'>tus.</span> <span class='ocrx_word' id='word_1_212' title='bbox 794 4019 855 4092; x_wconf 92' lang='lat' dir='ltr'>llis</span> <span class='ocrx_word' id='word_1_213' title='bbox 881 4018 1025 4113; x_wconf 78' lang='lat' dir='ltr'>notatio,</span> <span class='ocrx_word' id='word_1_214' title='bbox 1045 4018 1126 4093; x_wconf 87' lang='lat' dir='ltr'>vide</span> <span class='ocrx_word' id='word_1_215' title='bbox 1152 4018 1310 4112; x_wconf 89' lang='lat' dir='ltr'>qualiter</span> <span class='ocrx_word' id='word_1_216' title='bbox 1330 4025 1436 4114; x_wconf 86' lang='lat' dir='ltr'>poeta</span> <span class='ocrx_word' id='word_1_217' title='bbox 1459 4026 1584 4092; x_wconf 93' lang='lat' dir='ltr'>noster</span> <span class='ocrx_word' id='word_1_218' title='bbox 1608 4039 1694 4093; x_wconf 91' lang='lat' dir='ltr'>cum</span> <span class='ocrx_word' id='word_1_219' title='bbox 1721 4019 1872 4096; x_wconf 90' lang='lat' dir='ltr'>oonsilio</span> 
     </span>
    </p>
   </div>
   <div class='ocr_carea' id='block_1_3' title="bbox 696 4131 1985 4236">
    <p class='ocr_par' dir='ltr' id='par_1_3' title="bbox 696 4131 1985 4236">
     <span class='ocr_line' id='line_1_27' title="bbox 696 4131 1985 4236; baseline -0.002 -22"><span class='ocrx_word' id='word_1_220' title='bbox 696 4141 846 4214; x_wconf 71' lang='lat' dir='ltr'>Senecae</span> <span class='ocrx_word' id='word_1_221' title='bbox 872 4138 1020 4214; x_wconf 91' lang='lat' dir='ltr'>moralis</span> <span class='ocrx_word' id='word_1_222' title='bbox 1045 4137 1148 4234; x_wconf 88' lang='lat' dir='ltr'>tingit</span> <span class='ocrx_word' id='word_1_223' title='bbox 1169 4137 1235 4212; x_wconf 94' lang='lat' dir='ltr'>sibi</span> <span class='ocrx_word' id='word_1_224' title='bbox 1256 4139 1488 4233; x_wconf 87' lang='lat' dir='ltr'>praesentiam</span> <span class='ocrx_word' id='word_1_225' title='bbox 1509 4131 1716 4236; x_wconf 78' lang='lat' dir='ltr'>Catonisl³l,</span> <span class='ocrx_word' id='word_1_226' title='bbox 1735 4141 1798 4235; x_wconf 86' lang='lat' dir='ltr'>qui</span> <span class='ocrx_word' id='word_1_227' title='bbox 1815 4141 1872 4214; x_wconf 89' lang='lat' dir='ltr'>di·</span> <span class='ocrx_word' id='word_1_228' title='bbox 1982 4137 1985 4146; x_wconf 86' lang='lat'>&#39;</span> 
     </span>
    </p>
   </div>
   <div class='ocr_carea' id='block_1_4' title="bbox 698 4257 1874 4474">
    <p class='ocr_par' dir='ltr' id='par_1_4' title="bbox 698 4257 1874 4474">
     <span class='ocr_line' id='line_1_28' title="bbox 698 4257 1872 4355; baseline 0.004 -24"><span class='ocrx_word' id='word_1_229' title='bbox 698 4258 782 4355; x_wconf 86' lang='lat' dir='ltr'>rigit</span> <span class='ocrx_word' id='word_1_230' title='bbox 807 4259 925 4354; x_wconf 94' lang='lat' dir='ltr'>ipsum</span> <span class='ocrx_word' id='word_1_231' title='bbox 951 4259 997 4334; x_wconf 91' lang='lat' dir='ltr'>ad</span> <span class='ocrx_word' id='word_1_232' title='bbox 1022 4258 1120 4333; x_wconf 83' lang='lat' dir='ltr'>riam</span> <span class='ocrx_word' id='word_1_233' title='bbox 1149 4257 1292 4332; x_wconf 79' lang='lat' dir='ltr'>virtutis</span> <span class='ocrx_word' id='word_1_234' title='bbox 1316 4258 1524 4353; x_wconf 76' lang='lat' dir='ltr'>altissimae,</span> <span class='ocrx_word' id='word_1_235' title='bbox 1546 4266 1583 4334; x_wconf 94' lang='lat' dir='ltr'>et</span> <span class='ocrx_word' id='word_1_236' title='bbox 1607 4260 1701 4335; x_wconf 91' lang='lat' dir='ltr'>sicut</span> <span class='ocrx_word' id='word_1_237' title='bbox 1725 4260 1799 4334; x_wconf 87' lang='lat' dir='ltr'>dixi</span> <span class='ocrx_word' id='word_1_238' title='bbox 1826 4260 1872 4336; x_wconf 89' lang='lat' dir='ltr'>de</span> 
     </span>
     <span class='ocr_line' id='line_1_29' title="bbox 699 4377 1874 4474; baseline 0.004 -24"><span class='ocrx_word' id='word_1_239' title='bbox 699 4377 905 4474; x_wconf 87' lang='lat' dir='ltr'>virtutibus,</span> <span class='ocrx_word' id='word_1_240' title='bbox 931 4379 982 4452; x_wconf 89' lang='lat' dir='ltr'>ita</span> <span class='ocrx_word' id='word_1_241' title='bbox 1007 4378 1169 4474; x_wconf 89' lang='lat' dir='ltr'>intellige</span> <span class='ocrx_word' id='word_1_242' title='bbox 1192 4377 1238 4452; x_wconf 93' lang='lat' dir='ltr'>de</span> <span class='ocrx_word' id='word_1_243' title='bbox 1258 4377 1427 4472; x_wconf 75' lang='lat' dir='ltr'>scientiiS,</span> <span class='ocrx_word' id='word_1_244' title='bbox 1445 4379 1532 4472; x_wconf 86' lang='lat' dir='ltr'>quia</span> <span class='ocrx_word' id='word_1_245' title='bbox 1552 4380 1691 4455; x_wconf 89' lang='lat' dir='ltr'>Tullius</span> <span class='ocrx_word' id='word_1_246' title='bbox 1717 4388 1874 4456; x_wconf 90' lang='lat' dir='ltr'>conatur</span> 
     </span>
    </p>
   </div>
   <div class='ocr_carea' id='block_1_5' title="bbox 699 4497 1878 4956">
    <p class='ocr_par' dir='ltr' id='par_1_5' title="bbox 699 4497 1878 4956">
     <span class='ocr_line' id='line_1_30' title="bbox 699 4497 1873 4599; baseline 0.003 -28"><span class='ocrx_word' id='word_1_247' title='bbox 699 4497 832 4572; x_wconf 90' lang='lat' dir='ltr'>imitari</span> <span class='ocrx_word' id='word_1_248' title='bbox 858 4499 1059 4594; x_wconf 89' lang='lat' dir='ltr'>Platonem,</span> <span class='ocrx_word' id='word_1_249' title='bbox 1087 4497 1258 4595; x_wconf 87' lang='lat' dir='ltr'>Virgilius</span> <span class='ocrx_word' id='word_1_250' title='bbox 1279 4498 1495 4594; x_wconf 87' lang='lat' dir='ltr'>Homerum,</span> <span class='ocrx_word' id='word_1_251' title='bbox 1513 4499 1649 4574; x_wconf 89' lang='lat' dir='ltr'>Statius</span> <span class='ocrx_word' id='word_1_252' title='bbox 1669 4501 1873 4599; x_wconf 93' lang='lat' dir='ltr'>Virgilium.</span> 
     </span>
     <span class='ocr_line' id='line_1_31' title="bbox 699 4617 1877 4718; baseline 0.002 -26"><span class='ocrx_word' id='word_1_253' title='bbox 699 4620 804 4692; x_wconf 89' lang='lat' dir='ltr'>Nunc</span> <span class='ocrx_word' id='word_1_254' title='bbox 830 4617 1009 4694; x_wconf 90' lang='lat' dir='ltr'>descende</span> <span class='ocrx_word' id='word_1_255' title='bbox 1034 4620 1081 4695; x_wconf 86' lang='lat' dir='ltr'>ad</span> <span class='ocrx_word' id='word_1_256' title='bbox 1105 4620 1254 4694; x_wconf 86' lang='lat' dir='ltr'>literam</span> <span class='ocrx_word' id='word_1_257' title='bbox 1280 4640 1396 4714; x_wconf 88' lang='lat' dir='ltr'>quam</span> <span class='ocrx_word' id='word_1_258' title='bbox 1422 4619 1549 4694; x_wconf 91' lang='lat' dir='ltr'>ordina</span> <span class='ocrx_word' id='word_1_259' title='bbox 1575 4621 1650 4696; x_wconf 91' lang='lat' dir='ltr'>sic:</span> <span class='ocrx_word' id='word_1_260' title='bbox 1677 4643 1748 4718; x_wconf 93' lang='lat' dir='ltr'>ego</span> <span class='ocrx_word' id='word_1_261' title='bbox 1777 4622 1877 4696; x_wconf 83' lang='lat' dir='ltr'>Dan-</span> 
     </span>
     <span class='ocr_line' id='line_1_32' title="bbox 700 4741 1878 4834; baseline 0.002 -21"><span class='ocrx_word' id='word_1_262' title='bbox 700 4746 766 4834; x_wconf 75' lang='lat' dir='ltr'>teS,</span> <span class='ocrx_word' id='word_1_263' title='bbox 793 4742 865 4813; x_wconf 82' lang='lat' dir='ltr'>cidi</span> <span class='ocrx_word' id='word_1_264' title='bbox 884 4761 1009 4833; x_wconf 87' lang='lat' dir='ltr'>presso</span> <span class='ocrx_word' id='word_1_265' title='bbox 1035 4743 1072 4815; x_wconf 88' lang='lat' dir='ltr'>di</span> <span class='ocrx_word' id='word_1_266' title='bbox 1096 4762 1150 4813; x_wconf 86' lang='lat' dir='ltr'>me</span> <span class='ocrx_word' id='word_1_267' title='bbox 1175 4761 1221 4813; x_wconf 83' lang='lat' dir='ltr'>rra</span> <span class='ocrx_word' id='word_1_268' title='bbox 1247 4743 1397 4830; x_wconf 83' lang='lat' dir='ltr'>oeccltio,</span> <span class='ocrx_word' id='word_1_269' title='bbox 1423 4741 1558 4817; x_wconf 90' lang='lat' dir='ltr'>scilicet</span> <span class='ocrx_word' id='word_1_270' title='bbox 1590 4742 1765 4817; x_wconf 83' lang='lat' dir='ltr'>Catonem</span> <span class='ocrx_word' id='word_1_271' title='bbox 1798 4741 1878 4816; x_wconf 89' lang='lat' dir='ltr'>Uti-</span> 
     </span>
     <span class='ocr_line' id='line_1_33' title="bbox 702 4850 1877 4956; baseline 0.002 -22"><span class='ocrx_word' id='word_1_272' title='bbox 702 4880 865 4954; x_wconf 90' lang='lat' dir='ltr'>censem,</span> <span class='ocrx_word' id='word_1_273' title='bbox 891 4859 976 4954; x_wconf 92' lang='lat' dir='ltr'>quia</span> <span class='ocrx_word' id='word_1_274' title='bbox 1002 4873 1082 4937; x_wconf 91' lang='lat' dir='ltr'>erat</span> <span class='ocrx_word' id='word_1_275' title='bbox 1107 4881 1219 4936; x_wconf 85' lang='lat' dir='ltr'>senex</span> <span class='ocrx_word' id='word_1_276' title='bbox 1247 4869 1365 4955; x_wconf 80' lang='lat' dir='ltr'>aetate,</span> <span class='ocrx_word' id='word_1_277' title='bbox 1392 4861 1478 4954; x_wconf 85' lang='lat' dir='ltr'>quia</span> <span class='ocrx_word' id='word_1_278' title='bbox 1494 4850 1530 4954; x_wconf 70' lang='lat'>(⁴)</span> <span class='ocrx_word' id='word_1_279' title='bbox 1552 4861 1616 4936; x_wconf 93' lang='lat' dir='ltr'>diu</span> <span class='ocrx_word' id='word_1_280' title='bbox 1636 4861 1737 4956; x_wconf 79' lang='lat' dir='ltr'>vixit,</span> <span class='ocrx_word' id='word_1_281' title='bbox 1755 4869 1794 4936; x_wconf 92' lang='lat' dir='ltr'>et</span> <span class='ocrx_word' id='word_1_282' title='bbox 1816 4883 1877 4936; x_wconf 91' lang='lat' dir='ltr'>sa·</span> 
     </span>
    </p>
   </div>
   <div class='ocr_carea' id='block_1_6' title="bbox 766 5047 1524 5192">
    <p class='ocr_par' dir='ltr' id='par_1_6' title="bbox 766 5047 1524 5192">
     <span class='ocr_line' id='line_1_34' title="bbox 766 5047 1524 5112; baseline 0 -12"><span class='ocrx_word' id='word_1_283' title='bbox 766 5050 793 5112; x_wconf 81' lang='lat'>(¹)</span> <span class='ocrx_word' id='word_1_284' title='bbox 809 5049 840 5099; x_wconf 82' lang='grc' dir='ltr'>Ε.</span> <span class='ocrx_word' id='word_1_285' title='bbox 858 5049 979 5112; x_wconf 89' lang='lat' dir='ltr'>proponit</span> <span class='ocrx_word' id='word_1_286' title='bbox 994 5061 1021 5098; x_wconf 82' lang='lat' dir='ltr'>re</span> <span class='ocrx_word' id='word_1_287' title='bbox 1037 5047 1121 5099; x_wconf 78' lang='lat' dir='ltr'>fratri.</span> <span class='ocrx_word' id='word_1_288' title='bbox 1318 5049 1346 5111; x_wconf 83' lang='lat'>(¹)</span> <span class='ocrx_word' id='word_1_289' title='bbox 1364 5053 1418 5109; x_wconf 79' lang='grc'>117,</span> <span class='ocrx_word' id='word_1_290' title='bbox 1435 5049 1524 5101; x_wconf 84' lang='lat' dir='ltr'>tirerit.</span> 
     </span>
     <span class='ocr_line' id='line_1_35' title="bbox 766 5124 1516 5192; baseline -0.003 -15"><span class='ocrx_word' id='word_1_291' title='bbox 766 5127 793 5189; x_wconf 83' lang='lat'>(¹)</span> <span class='ocrx_word' id='word_1_292' title='bbox 810 5126 840 5176; x_wconf 89' lang='grc' dir='ltr'>Ε.</span> <span class='ocrx_word' id='word_1_293' title='bbox 856 5124 958 5175; x_wconf 67' lang='lat' dir='ltr'>&amp;tonis</span> <span class='ocrx_word' id='word_1_294' title='bbox 974 5126 1087 5187; x_wconf 75' lang='lat' dir='ltr'>moralis,</span> <span class='ocrx_word' id='word_1_295' title='bbox 1104 5127 1158 5190; x_wconf 82' lang='lat' dir='ltr'>qui.</span> <span class='ocrx_word' id='word_1_296' title='bbox 1319 5126 1345 5190; x_wconf 79' lang='lat'>(⁸)</span> <span class='ocrx_word' id='word_1_297' title='bbox 1361 5127 1386 5177; x_wconf 89' lang='lat' dir='ltr'>S.</span> <span class='ocrx_word' id='word_1_298' title='bbox 1402 5129 1447 5192; x_wconf 87' lang='lat' dir='ltr'>qui</span> <span class='ocrx_word' id='word_1_299' title='bbox 1463 5127 1516 5178; x_wconf 87' lang='lat' dir='ltr'>diu.</span> 
     </span>
    </p>
   </div>
   <div class='ocr_carea' id='block_1_7' title="bbox 0 0 2303 6836">
    <p class='ocr_par' dir='ltr' id='par_1_7' title="bbox 0 0 2303 6836">
     <span class='ocr_line' id='line_1_36' title="bbox 0 0 2303 6836; baseline 0 0"><span class='ocrx_word' id='word_1_300' title='bbox 0 0 2303 6836; x_wconf 95' lang='lat' dir='ltr'> </span> 
     </span>
    </p>
   </div>
  </div>
 </body>
</html>
