4542 6842
724 953 795 1020 l80
1082 963 1288 1021 couunruu
1311 968 1532 1023 runoanonn

722 1111 883 1208 perlecta
908 1132 982 1185 non
1009 1109 1266 1207 cognoscimus
1291 1112 1390 1206 quod
1421 1113 1532 1208 vivat,
1560 1112 1628 1187 nisi
1661 1114 1809 1208 quaudo
1839 1114 1897 1189 vi·

721 1232 852 1307 demus
877 1250 959 1305 eam
986 1230 1130 1305 llorere.
1150 1230 1253 1305 Unde
1277 1231 1387 1307 diei-t:
1412 1252 1508 1305 cone
1532 1235 1618 1325 vito,
1643 1233 1746 1327 idest,
1771 1234 1894 1309 anima

722 1351 939 1448 vegetatus,
953 1349 1093 1445 supple,
1103 1344 1437 1446 demonstratore),
1446 1373 1514 1444 per
1526 1355 1627 1426 oerdi
1634 1357 1778 1447 fronde
1791 1354 1894 1447 idest,

721 1493 809 1548 oum
835 1472 938 1546 viret.
953 1509 1003 1526 -
1016 1462 1118 1543 reri.
1146 1470 1211 1545 Hic
1236 1471 1409 1567 Virgilius
1433 1492 1479 1547 ex
1505 1473 1694 1567 praemisso
1719 1473 1895 1569 principio

722 1593 818 1669 elicit
837 1589 1109 1667 conclusionem
1128 1590 1375 1685 principaliter
1391 1591 1581 1686 intentam,
1594 1593 1731 1668 scilicet
1747 1594 1895 1687 quando

721 1714 845 1788 anima
870 1718 1039 1786 meretur
1064 1711 1123 1785 vel
1148 1711 1373 1807 demeretur,
1395 1719 1433 1787 et
1452 1712 1600 1806 quando
1616 1734 1701 1787 non.
1725 1714 1769 1787 Et
1783 1705 1821 1806 (¹)
1838 1715 1894 1787 vi-

721 1834 830 1909 detur
854 1832 977 1907 dicere
1002 1831 1039 1904 in
1064 1830 1212 1926 effectu,
1237 1832 1337 1926 quod
1361 1833 1470 1928 primi
1495 1841 1619 1908 motus
1645 1855 1719 1909 non
1744 1842 1830 1909 sunt
1855 1836 1892 1909 iu

720 1960 901 2051 potestate
926 1959 1063 2042 nostra,
1089 1952 1171 2027 ideo
1197 1972 1263 2047 per
1288 1953 1368 2027 illos
1392 1974 1465 2027 non
1496 1954 1676 2028 babemus
1705 1955 1892 2050 meritum,

720 2072 778 2149 rel
803 2071 1044 2166 demeritum;
1071 2073 1134 2147 sed
1161 2071 1310 2147 secundi
1336 2074 1398 2148 sie.
1420 2073 1512 2148 llicit
1536 2094 1644 2170 ergo:
1662 2070 1756 2149 Perb
1779 2080 1893 2151 tuom

719 2214 791 2267 oon
815 2214 911 2286 supe,
938 2191 1041 2286 idest,
1067 2193 1161 2267 scire
1186 2212 1260 2266 non
1285 2198 1414 2287 potest,
1440 2184 1478 2267 ld
1501 2196 1592 2267 mode
1617 2215 1731 2286 vepna
1755 2199 1778 2268 t
1790 2198 1891 2269 intet-

718 2317 809 2407 letto,
828 2314 930 2409 idest,
950 2312 1054 2409 ratio,
1072 2316 1160 2388 delle
1177 2316 1295 2407 ptime
1318 2317 1457 2406 cotzie,
1483 2314 1586 2409 idest,
1604 2316 1808 2411 primarum
1829 2339 1890 2393 re-

719 2454 803 2507 rum
830 2453 915 2527 quae
939 2434 1117 2528 sciuntur,
1136 2433 1231 2508 sicut
1255 2434 1516 2529 principiorum
1543 2436 1601 2510 vel
1627 2435 1889 2532 maximarum,

717 2553 882 2629 similiter
907 2554 1022 2628 nescit
1048 2552 1146 2628 unde
1170 2553 1295 2637 veniat
1310 2554 1464 2629 allectus
1484 2553 1688 2650 primorum
1711 2558 1891 2651 appetibi-

716 2674 820 2768 lium,
846 2673 945 2747 unde
968 2673 1076 2748 dicit:
1102 2694 1121 2746 e
1143 2675 1264 2766 pmmo
1288 2672 1309 2747 e*
1331 2674 1510 2768 appetibile
1533 2677 1700 2768 tolletis,
1726 2676 1790 2751 sed
1823 2677 1889 2752 ista

717 2816 790 2869 non
817 2794 962 2867 ridetur
987 2794 1082 2869 bona
1109 2793 1225 2887 litera,
1248 2793 1328 2869 ideo
1353 2793 1473 2869 dicet
1498 2795 1650 2869 melius:
1675 2816 1695 2868 e
1718 2798 1772 2869 de'
1779 2799 1891 2888 primi

717 2917 892 3010 appetibili
921 2918 1087 3007 tapetio,
1118 2913 1221 3009 idest,
1260 2915 1429 2989 voluntas
1466 2914 1597 3010 prima,
1636 2936 1720 3010 quae
1757 2916 1889 2990 dicitur

716 3036 858 3133 primus
884 3040 1018 3129 motus,
1046 3032 1109 3128 qui
1136 3054 1210 3108 non
1235 3041 1292 3108 est
1325 3040 1450 3108 noster
1475 3034 1605 3109 necin
1630 3042 1754 3110 nostra
1779 3035 1889 3109 liber-

714 3162 801 3231 tate.
828 3156 904 3230 lloc
929 3161 1055 3230 autem
1087 3155 1248 3229 declarat
1273 3174 1340 3249 per
1365 3154 1492 3249 simile,
1519 3154 1660 3229 dicens:
1686 3158 1758 3247 ebe,
1784 3155 1886 3249 idest,

714 3298 799 3373 quoe
824 3276 971 3371 notitiae,
997 3276 1057 3350 vel
1087 3274 1274 3371 principia,
1299 3295 1387 3347 sono
1411 3276 1450 3347 in
1474 3277 1543 3365 oot,
1569 3274 1715 3369 scilicet,
1741 3277 1886 3373 ignotae,

712 3391 743 3472 si
767 3418 864 3471 conte
888 3398 1000 3470 studio
1013 3398 1063 3469 ¹in
1087 3416 1167 3488 ope,
1193 3394 1294 3488 idest,
1321 3394 1416 3468 sicut
1440 3394 1633 3491 ignoratur
1657 3415 1775 3488 qrrare
1799 3415 1886 3490 apes

713 3518 861 3592 student
885 3517 982 3591 circa
1008 3514 1216 3590 laciendum
1248 3514 1321 3589 mel
1346 3514 1466 3608 potius
1492 3535 1605 3608 quam
1631 3534 1780 3589 muscae.
1806 3516 1885 3590 Nou

713 3639 810 3715 enim
837 3642 955 3733 potest
984 3635 1161 3732 assignari
1193 3634 1288 3709 ratio
1318 3634 1386 3708 uisi
1410 3656 1434 3709 a
1458 3634 1595 3710 virtute
1619 3635 1809 3730 specifica:
1835 3635 1887 3710 sie

712 3760 817 3835 etin
847 3758 970 3832 multis
995 3756 1175 3849 videmus,
1202 3755 1296 3830 sieut
1324 3754 1509 3830 Gallienus
1540 3755 1664 3831 scribit
1694 3756 1742 3831 de
1773 3756 1886 3832 herba

712 3901 798 3975 quae
821 3878 1028 3954 attrahebat
1053 3875 1283 3972 sanguinem,
1309 3874 1409 3969 quod
1441 3874 1600 3951 rusticus
1632 3883 1806 3971 expertus
1830 3885 1886 3951 est

712 4000 748 4075 in
774 4000 945 4096 porcello.
972 3997 1057 4072 ldeo
1088 3996 1192 4071 dicit:
1218 4016 1238 4067 e
1261 4002 1381 4087 possm
1400 3998 1523 4087 prineo
1547 3998 1678 4088 oopliu,
1702 3996 1804 4091 idest,
1830 3995 1885 4069 ai-

712 4120 829 4196 sectus
854 4118 912 4194 vel
937 4124 1071 4211 motus,
1096 4136 1170 4189 non
1194 4136 1281 4207 cape
1309 4122 1420 4188 merto
1444 4118 1483 4189 di
1506 4118 1584 4189 lode
1616 4136 1640 4187 o
1668 4119 1707 4190 di
1737 4116 1882 4206 boemo,

711 4240 797 4335 quia
829 4260 903 4314 non
941 4243 996 4312 est
1033 4236 1070 4310 in
1108 4233 1269 4330 potentia
1306 4240 1441 4308 nostra.
1462 4273 1513 4288 -
1533 4239 1595 4309 Or.
1622 4235 1687 4309 llio
1712 4234 1882 4331 Virgilius

709 4359 893 4437 concludit
917 4358 1109 4451 intentum,
1135 4356 1281 4430 dicem:
1312 4358 1365 4429 Or
1391 4349 1519 4447 percae*
1544 4358 1630 4446 opici
1653 4358 1762 4446 olba,
1787 4355 1882 4429 scili-

709 4486 780 4575 cet,
809 4478 990 4572 voluntas,
1022 4480 1055 4551 si
1089 4478 1272 4567 raoeoptiu
1308 4496 1333 4546 o
1368 4482 1499 4568 queem,
1531 4474 1708 4569 *scilicet
1740 4467 1881 4571 primae,

707 4604 832 4676 innato
861 4602 892 4673 ot
904 4594 936 4689 ἐ,
962 4597 1064 4692 idest,
1090 4596 1189 4670 intus
1213 4600 1299 4671 nala
1325 4594 1361 4668 in
1388 4594 1503 4689 vobis,
1529 4597 1566 4668 lu
1597 4590 1689 4669 oirbl
1713 4596 1773 4708 ebe
1796 4614 1882 4667 con·

578 4817 581 4822 .
706 4720 839 4813 optio*
853 4710 904 4813 (ἢ,
929 4717 1075 4812 seilicet,
1102 4715 1261 4791 liberum
1287 4715 1503 4810 arbitrium3
1529 4715 1627 4790 unde
1651 4716 1762 4811 paulo
1787 4716 1880 4790 inira

559 4848 566 4862 ”
708 4847 815 4916 vocat
845 4840 951 4914 istam
984 4838 1158 4913 virtutem
1194 4837 1357 4911 innatam
1388 4834 1619 4929 libertatem3
1644 4835 1743 4911 unde
1770 4835 1879 4911 dicit:

770 5028 797 5091 (¹)
815 5031 868 5086 117,
885 5029 1053 5076 monstratur.
1330 5021 1359 5085 (¹)
1376 5027 1429 5082 117,
1446 5021 1481 5072 Et
1495 5022 1552 5072 vult
1568 5022 1663 5073 dloere.

771 5102 798 5167 (⁸)
814 5104 851 5153 Le
867 5102 956 5167 parole
971 5100 1012 5153 rra
1029 5102 1037 5151 1
1054 5102 1105 5153 due
1121 5100 1253 5153 esuriunt
1270 5112 1335 5150 rouo
1352 5100 1393 5151 dei
1408 5098 1494 5150 Codicl
1511 5104 1557 5151 111
1572 5111 1588 5150 e
1604 5099 1719 5151 liutem
