4542 6842
787 950 925 1005 esurus
950 950 1120 1006 ocrurus.
1467 940 1536 1007 221

368 1096 438 1171 bus
464 1097 702 1173 obediverunt
726 1096 763 1170 iu
790 1096 863 1171 vita
889 1118 1023 1193 magna
1053 1117 1180 1193 regua,
1205 1098 1334 1171 moltae
1363 1098 1475 1171 urbes
1503 1104 1542 1172 et

367 1218 492 1315 magni
532 1218 726 1312 exercitus,
751 1220 907 1309 sepultor
941 1220 996 1309 lei,
1026 1218 1237 1292 obedientes
1269 1238 1384 1313 parvo
1420 1217 1540 1310 nutui,

367 1340 575 1413 detruncate
599 1360 618 1412 e
641 1341 768 1429 diocto,
793 1338 881 1432 quia
906 1337 1053 1432 scilicet,
1079 1344 1325 1413 surrexerunt
1352 1346 1391 1413 et
1414 1322 1542 1413 verte·

368 1465 456 1533 runt
481 1481 521 1535 se
546 1459 712 1534 similiter
735 1458 783 1533 ad
807 1458 1000 1552 orientem,
1026 1464 1063 1531 et
1087 1458 1295 1553 junxerunt
1324 1465 1362 1533 et
1392 1458 1542 1534 leuare-

368 1586 456 1654 ruut
482 1600 614 1654 manus
645 1586 793 1654 orentes
823 1578 955 1654 devote
989 1584 1027 1652 et
1059 1584 1246 1653 mutantes
1274 1579 1441 1673 dulciter,
1473 1601 1541 1671 per

368 1706 451 1773 mtto
476 1702 596 1773 l’iuno
622 1702 762 1791 tutero;
788 1699 947 1793 hymnus
973 1696 1072 1771 enim
1102 1704 1159 1771 est
1189 1698 1270 1771 laus
1298 1698 1376 1771 Deo
1404 1698 1538 1791 debita,

367 1823 504 1894 avendo
528 1824 579 1911 pu·
602 1822 710 1912 occdi,
734 1818 837 1912 idest,
863 1817 1209 1913 contemplationem
1236 1819 1448 1912 mentalem,
1466 1821 1541 1891 ute

365 1962 514 2033 superne
538 1949 626 2031 rou,
652 1940 754 2034 idest,
781 1938 828 2015 ad
853 1939 976 2031 coelos,
1003 1938 1095 2013 sicut
1121 1938 1277 2013 similem
1302 1946 1429 2014 actum
1455 1960 1540 2035 pos-

365 2066 496 2135 sumus
522 2060 647 2136 videre
672 2080 769 2154 saepe
794 2061 885 2133 hora
911 2058 1139 2154 completorii
1164 2058 1201 2132 iu
1225 2060 1346 2133 clroris
1365 2060 1541 2134 ecclesia·

366 2203 451 2256 rum
478 2187 702 2274 nostrarum,
729 2179 828 2285 quod
853 2201 951 2253 unus
976 2180 1099 2274 incipit
1123 2179 1197 2253 alte
1221 2187 1372 2255 cantare
1397 2180 1536 2255 dictum

365 2303 546 2399 hymnum
573 2302 633 2376 uel
657 2301 785 2395 alium,
803 2305 839 2375 et
856 2300 1031 2375 contiuuo
1048 2300 1171 2375 caeteri
1188 2307 1397 2394 sequuntur
1417 2322 1539 2396 usque
1688 2407 1691 2411 Δ

363 2421 539 2497 adfinem
558 2422 695 2519 hymni.
713 2424 758 2497 Et
775 2428 861 2496 uota
879 2421 976 2516 quod
994 2429 1102 2516 poeta
1120 2420 1223 2517 lingit
1240 2420 1298 2496 iric
1315 2422 1403 2495 istos
1416 2442 1538 2518 orare,

366 2542 464 2636 quod
491 2544 612 2617 adhuc
639 2564 711 2618 nou
737 2542 820 2619 lecit
843 2542 882 2615 iu
907 2543 1030 2636 aliqua
1060 2548 1159 2615 secta
1187 2541 1397 2615 animarum
1428 2564 1539 2638 supe-

367 2661 455 2756 rius,
474 2662 560 2757 quia
585 2663 854 2759 appropinquat
872 2661 920 2736 ad
937 2660 1206 2757 purgatorium,
1224 2660 1305 2735 ideo
1330 2662 1540 2737 meritum

367 2782 466 2857 ducit
491 2782 578 2856 istos
602 2783 749 2879 spiritus
774 2782 974 2857 intraturos
999 2780 1251 2876 poeniteutiam
1275 2801 1385 2856 orare
1409 2789 1537 2859 contra

367 2908 593 2983 tentamenta
619 2903 806 2977 daemouis.
833 2902 903 2977 Sed
929 2901 1049 2975 statim
1067 2900 1165 2975 dicet
1183 2900 1334 2995 aliquis:
1352 2902 1539 2997 quomodo

368 3021 424 3096 isti
450 3029 558 3097 orant
587 3029 715 3098 eontra
746 3022 887 3097 somnia
920 3027 956 3097 et
989 3022 1059 3095 ulia
1092 3041 1177 3115 quae
1205 3029 1349 3097 certum
1376 3030 1432 3097 est
1465 3007 1563 3097 nou'

366 3162 448 3218 esse
473 3142 509 3215 iu
535 3142 778 3239 purgatorio?
803 3142 1004 3216 Dicendum
1030 3141 1202 3235 breuiter,
1228 3143 1328 3236 qnod
1353 3143 1438 3218 talia
1464 3164 1539 3217 nou

366 3261 512 3337 suntin
538 3262 752 3359 purgatorio
778 3261 972 3356 essentiali,
998 3261 1061 3336 sed
1095 3262 1227 3336 morali
1258 3263 1330 3337 sic:
1361 3283 1447 3337 uam
1473 3261 1538 3357 qui

366 3384 520 3459 tendunt
545 3383 591 3457 ad
621 3382 872 3479 poeniteutiam
907 3382 1069 3457 maxime
1098 3387 1298 3477 tentantur,
1333 3391 1371 3458 et
1403 3375 1538 3474 ideo(¹l

365 3504 483 3601 magis
508 3502 671 3599 indigent
694 3501 872 3577 oratioue.
886 3542 935 3555 -
949 3508 1108 3593 Aureae.
1134 3500 1200 3576 llic
1224 3509 1330 3597 poeta
1356 3502 1536 3596 descripta

364 3624 531 3699 oratione
555 3624 789 3699 devotissima
814 3622 1022 3717 illustrium,
1048 3623 1219 3698 describit
1247 3624 1421 3699 orationis
1446 3622 1538 3699 effe-

365 3750 466 3818 ctum
477 3768 487 3838 ;
506 3749 543 3819 et
560 3744 646 3838 quia
665 3744 829 3818 tacturus
846 3750 901 3817 est
918 3742 1077 3818 nobilem
1096 3742 1292 3839 fictionem,
1309 3745 1429 3839 primo
1449 3765 1538 3819 cou-

366 3864 476 3939 vertit
505 3884 715 3939 sermonem
745 3884 856 3937 suum
887 3864 934 3938 ad
965 3864 1186 3957 auditorem,
1217 3871 1260 3938 ut
1291 3865 1419 3939 reddat
1447 3886 1536 3940 enm

365 3991 559 4078 attentum,
573 3984 715 4059 dicens:
730 4006 752 4057 o
769 3987 882 4074 letter,
896 4004 1037 4075 apuuzn
1056 3987 1107 4076 pli
1124 3987 1233 4075 meti,
1251 3984 1353 4079 idest,
1365 3986 1535 4061 subtilem

365 4104 649 4207 speculationem
678 4103 820 4196 mentis,
850 4106 921 4195 qui,
946 4103 1048 4197 idest,
1074 4104 1111 4177 iu
1137 4104 1205 4178 isto
1229 4126 1350 4201 passu,
1376 4108 1416 4179 ul
1437 4128 1537 4197 vcro,

364 4224 468 4319 idest,
494 4224 540 4299 ad
566 4225 758 4299 veritatem
785 4224 958 4299 latentem
984 4225 1054 4299 sub
1073 4226 1191 4320 litera,
1207 4222 1309 4301 ctd'l
1331 4231 1419 4318 uelo,
1444 4227 1537 4303 idest

364 4345 481 4439 litera,
503 4342 523 4419 e*
546 4366 614 4417 ora
639 4347 702 4418 den
726 4351 823 4419 tauto
846 4348 968 4435 sottile,
989 4344 1208 4439 idest,clara
1229 4354 1267 4421 et
1285 4354 1536 4443 spectaculo

364 4467 425 4539 ote
436 4468 463 4538 ’l
476 4472 677 4558 trapessar,
691 4464 836 4558 scilicet,
854 4465 1048 4538 oculorum
1067 4464 1379 4561 intellectualium,
1397 4470 1535 4560 muno,

273 4582 276 4588 ’
364 4585 556 4661 scilicetad
571 4584 800 4678 seutentiam,
813 4591 967 4678 quaeest
983 4583 1120 4660 inclusa
1139 4578 1253 4677 subd)
1270 4586 1534 4683 integumento,

363 4699 583 4797 ὀεὶορρὶενο,
601 4711 638 4779 et
655 4725 788 4779 verum
808 4703 914 4797 uicit,
935 4724 1021 4778 uem
1047 4704 1077 4779 si
1102 4704 1184 4799 quis
1209 4706 1305 4781 bene
1329 4708 1536 4782 considerat

363 4824 548 4900 fictionem
576 4824 858 4923 precedentem,
876 4844 942 4919 per
962 4844 1074 4918 quam
1092 4832 1200 4919 poeta
1217 4826 1374 4901 ostendit
1398 4827 1535 4902 oratio-

427 5074 455 5139 t')
470 5076 502 5127 Ε.
518 5077 577 5128 ideo
593 5078 705 5127 maxime
720 5077 843 5141 indigent.
997 5076 1025 5140 (¹)
1040 5078 1071 5128 Ε.
1088 5078 1136 5129 nult
1153 5083 1305 5144 memento
1321 5080 1471 5133 munuum.
