4542 6842
718 941 857 999 caurus
882 943 1040 1000 nscruus
1064 943 1194 999 nouus.
1475 930 1546 1000 513

371 1090 415 1164 ut
439 1088 525 1165 dicit
548 1088 740 1183 Adrianus,
751 1084 816 1163 ¹det
830 1095 913 1163 tutto
938 1110 1069 1183 acmo,
1092 1089 1179 1184 quia
1204 1090 1310 1165 luror
1328 1091 1439 1165 totius
1456 1113 1548 1166 ava-

372 1208 464 1282 ritiae
489 1208 650 1283 consistit
674 1208 711 1281 in
736 1208 882 1283 duobus
906 1209 1080 1304 articulis,
1098 1209 1233 1285 scilicet
1250 1211 1337 1305 quia
1363 1212 1547 1286 immode-

371 1335 452 1403 rate
476 1328 612 1424 appetit
636 1326 767 1422 aliena,
786 1334 823 1403 et
843 1349 911 1403 sua
930 1329 1093 1404 tenacius
1112 1337 1247 1423 servat,
1265 1331 1360 1405 sicut
1376 1331 1445 1407 istc
1463 1332 1548 1407 lecit

369 1450 443 1525 diu.
470 1451 515 1524 Et
539 1450 599 1524 hic
616 1454 702 1524 nota
719 1449 818 1543 quod
836 1470 858 1523 a
874 1449 1050 1546 principio
1066 1450 1260 1546 primitiva
1276 1452 1442 1527 ecclesiae
1458 1451 1546 1525 olim

370 1571 450 1645 baec
474 1569 629 1667 dignitas
654 1588 727 1644 non
753 1575 833 1644 erat
858 1569 1045 1664 invidiosa,
1071 1570 1159 1664 quie
1184 1590 1314 1645 omnes
1345 1571 1422 1646 lere
1454 1592 1546 1667 pon-

371 1690 485 1765 tifices
510 1689 751 1763 trahebantur
782 1688 827 1763 ad
859 1688 1077 1784 supplicium
1109 1697 1146 1764 et
1177 1690 1418 1789 martyrium3
1446 1711 1546 1766 nunc

372 1829 463 1885 vero
487 1809 623 1904 petitur
648 1828 735 1883 cum
764 1814 864 1882 tauta
895 1808 1105 1903 ambitione,
1133 1817 1175 1883 ut
1199 1810 1361 1903 fraudes,
1386 1831 1544 1885 munera

372 1936 410 2007 et
435 1928 613 2026 promissa
638 1928 883 2005 interveniant
906 1950 974 2023 pro
1001 1930 1070 2005 bac
1094 1929 1270 2026 dignitate
1294 1930 1472 2005 babenda.
1503 1931 1546 2004 lit

372 2050 554 2126 concludit
570 2049 750 2125 Adrianus
770 2049 808 2123 iu
831 2050 899 2124 bac
923 2050 1098 2125 materia:
1116 2071 1174 2141 or,
1191 2072 1287 2124 conse
1311 2053 1401 2143 cedi,
1419 2055 1478 2147 qm·
1501 2072 1548 2125 ne

370 2190 437 2245 soa
455 2172 655 2263 punito-
672 2172 765 2257 Oucl.
784 2168 850 2243 llic
865 2168 1048 2244 Adrianus
1073 2170 1268 2265 respondet
1293 2169 1464 2245 secundae
1481 2191 1547 2266 pe·

372 2290 488 2365 titioni
505 2291 614 2385 juxta
631 2288 909 2384 promissionem
932 2290 1066 2365 lacum
1085 2291 1291 2385 ostendens,
1310 2311 1428 2385 qnare
1450 2296 1548 2366 stant

371 2411 442 2485 sub
460 2410 521 2485 tali
547 2410 667 2485 forma
685 2409 861 2506 martyrii.
880 2410 982 2486 Unde
998 2410 1102 2485 dicit:
1126 2415 1212 2500 (luel
1225 2413 1286 2485 cte
1305 2414 1471 2485 occmzto
1483 2417 1540 2507 sc,

374 2529 522 2621 scilicet,
559 2529 697 2605 malitia
739 2529 914 2624 avaritiae,
951 2532 984 2603 si
1025 2532 1188 2604 dicituro
1219 2534 1290 2623 qai,
1326 2531 1473 2625 scilicet,
1505 2531 1544 2606 in

372 2649 441 2725 ista
467 2669 587 2745 poeua,
613 2653 650 2723 in
669 2652 875 2743 purpozion
899 2652 978 2725 dclt'
991 2654 1106 2725 antara
1130 2672 1309 2744 converse,
1330 2652 1476 2748 scilicet,
1496 2653 1545 2727 ad

372 2770 504 2864 Deum,
522 2770 651 2863 quales
670 2778 755 2844 snut
779 2770 913 2845 animae
932 2791 1133 2846 avarorum
1160 2771 1209 2845 ibi
1233 2768 1448 2867 positorum,
1476 2774 1540 2868 qui

372 2890 581 2965 babuerunt
599 2889 892 2965 emendationem
911 2888 948 2964 in
966 2890 1048 2967 tine.
1066 2892 1110 2965 Et
1128 2891 1187 2965 bic
1204 2898 1303 2987 nota,
1321 2892 1420 2986 quod
1437 2898 1545 2988 poeta

372 3010 467 3085 bene
501 3009 603 3107 lingit
634 3011 715 3104 boc,
741 3010 827 3105 quia
861 3012 1041 3087 memoria
1072 3017 1109 3087 et
1140 3012 1382 3088 consideratio
1407 3034 1544 3088 excru-

371 3130 443 3205 ciat
480 3129 647 3205 animum
685 3130 894 3225 poenitentis
935 3131 1050 3225 avari,
1089 3131 1180 3206 dum
1220 3133 1348 3207 recolit
1385 3135 1544 3228 qualiter

371 3270 492 3326 cecus
521 3270 595 3325 non
627 3249 761 3343 levavit
785 3251 913 3325 oculos
937 3250 984 3325 ad
1009 3252 1159 3346 coelum,
1185 3252 1248 3327 sed
1275 3252 1394 3326 solum
1427 3254 1545 3329 tenuit

371 3370 464 3445 fixos
501 3369 548 3445 ad
587 3370 794 3463 terrestria3
820 3377 858 3445 et
883 3390 1016 3445 manus
1041 3378 1079 3445 et
1103 3371 1214 3466 pedes
1244 3372 1374 3447 babuit
1397 3392 1545 3467 semper

371 3490 501 3587 ligatos
531 3509 606 3565 non
640 3490 827 3586 erogando
859 3490 995 3584 aliquid
1031 3491 1264 3586 pauperibus,
1298 3512 1372 3567 non
1406 3492 1543 3567 subve-

370 3612 503 3687 niendo
536 3610 716 3707 proximo,
749 3632 823 3685 non
853 3609 1077 3705 proficiendo
1107 3611 1175 3685 sibi
1208 3632 1276 3685 nec
1309 3612 1426 3687 alteri.
1459 3612 1546 3687 ldeo

371 3730 597 3807 benedicit:
623 3732 880 3822 enudcperro
908 3733 936 3803 it
962 3738 1077 3805 monte
1105 3733 1154 3804 du
1180 3726 1242 3825 piri
1271 3751 1427 3825 omoro;
1457 3730 1545 3826 qnia

371 3850 552 3926 memoria
577 3850 658 3925 talis
683 3850 768 3925 vitae
793 3850 1044 3945 perditissimae
1069 3857 1125 3925 est
1154 3852 1405 3945 amarissima3
1426 3859 1465 3927 et
1490 3854 1546 3927 lo-

372 3971 498 4066 quitur
523 3970 766 4065 hyperbolice.
793 3971 837 4044 Et
860 3971 1023 4045 declarat
1052 3971 1323 4067 particulariter
1347 3992 1466 4066 quare
1491 3972 1544 4047 sic

372 4096 478 4184 stent,
504 4091 647 4166 dicens:
679 4094 825 4165 noemae
849 4094 1001 4165 locatio
1026 4098 1149 4165 nosco
1187 4111 1260 4164 noa
1291 4094 1321 4164 ε’
1333 4094 1471 4183 adesa,
1506 4092 1544 4165 in

373 4212 459 4305 vita,
477 4215 514 4285 ia
539 4214 632 4285 altro
645 4215 730 4305 fisso
746 4214 798 4285 ct'
812 4232 837 4284 o
862 4215 892 4285 le
916 4233 995 4287 cose
1011 4218 1172 4304 mene,-
1187 4203 1260 4285 cosi
1282 4214 1446 4302 pimtizic
1471 4215 1543 4303 oui,

372 4331 410 4405 in
435 4332 505 4407 isto
536 4331 685 4425 circulo,
710 4352 736 4404 o
766 4338 865 4406 terro
898 4335 925 4405 d
955 4353 1076 4405 averse.
1107 4330 1209 4405 Unde
1240 4337 1327 4405 nota
1362 4331 1461 4425 quod
1487 4331 1543 4405 isti

372 4451 474 4527 avari
501 4458 600 4527 recte
626 4452 748 4527 lerunt
773 4452 972 4548 imaginem
999 4452 1194 4547 talparum,
1221 4450 1307 4546 quoia
1333 4471 1479 4546 semper
1504 4453 1542 4525 in

372 4572 447 4646 imo
465 4578 671 4666 versantur,
689 4591 851 4666 qnorum
876 4577 951 4647 tota
977 4571 1170 4645 conversio
1185 4564 1222 4663 (¹)
1249 4570 1451 4645 interram
1478 4571 1545 4647 de-

372 4690 543 4786 primitur
569 4697 611 4764 ut
640 4690 726 4765 nibil
757 4692 872 4765 altum
905 4689 1056 4785 sapiant,
1088 4691 1174 4764 nibil
1204 4690 1383 4784 divinum,
1414 4691 1478 4766 sed
1508 4699 1544 4767 et

371 4811 459 4886 nibil
483 4811 711 4905 humanum3
738 4832 823 4885 narn
849 4810 961 4886 solius
987 4810 1144 4884 bominis
1169 4818 1225 4885 est
1250 4818 1350 4885 recta
1374 4809 1466 4887 iaoie
1484 4833 1546 4887 re-

434 5070 462 5135 (¹)
479 5070 510 5123 n.
527 5075 579 5123 tou
595 5072 755 5124 consonatio
771 5072 797 5123 lu
813 5076 920 5123 terram.

506 5176 547 5221 ru.
1380 5176 1408 5219 ω
