4542 6842
722 934 861 990 caurus
887 935 1043 990 uucruus
1066 933 1244 1002 ausurus.
1493 924 1565 990 ast

392 1082 465 1170 nio,
482 1079 574 1154 idest
593 1078 689 1153 hona
714 1078 823 1174 latua,
840 1100 925 1173 quaa
951 1087 1007 1154 eut
1032 1099 1091 1153 res
1108 1079 1277 1173 pretiosa.
1296 1078 1340 1152 llt
1359 1079 1564 1154 concludit:

391 1201 631 1291 amnuinooo,
645 1197 792 1293 scilicet,
817 1219 840 1272 a
866 1199 966 1274 caede
991 1200 1211 1292 multorum,
1235 1219 1310 1272 esce
1340 1201 1433 1272 della
1464 1203 1566 1272 truta

353 1391 362 1400 .
391 1321 501 1409 adca,
527 1318 620 1394 idest
643 1317 690 1394 de
714 1317 910 1411 Florentia,
928 1340 1012 1412 quae
1039 1325 1093 1393 est
1118 1319 1220 1414 sylva
1246 1319 1432 1413 luporum,
1450 1340 1566 1413 quam

299 1442 301 1450 '
391 1437 538 1514 dimittit
563 1437 724 1532 tristem;
752 1436 849 1512 uude
880 1437 984 1512 dicit:
1009 1441 1158 1512 maula
1183 1441 1246 1529 tul,
1272 1457 1319 1512 cx
1344 1438 1567 1514 desolatione

394 1556 570 1636 motuum
596 1564 633 1633 et
658 1556 836 1634 discordia
861 1556 1010 1651 civium,
1028 1559 1089 1630 olle
1108 1559 1147 1630 di
1171 1560 1231 1648 nui
1254 1559 1386 1632 andd'
1399 1561 1498 1649 unni,
1516 1558 1566 1632 ita

395 1681 538 1772 poterat
563 1676 698 1769 dicere,
725 1696 943 1770 numquam,
969 1698 1041 1749 raon
1066 1680 1098 1750 oi
1121 1679 1289 1767 metuo,
1315 1677 1363 1751 de
1387 1677 1568 1773 praedictis

394 1797 499 1891 lunis,
525 1797 613 1891 quia
639 1796 744 1870 multi
770 1797 911 1892 expulsi
930 1818 1136 1891 numquam
1156 1797 1356 1891 redierunt,
1374 1805 1412 1873 et
1429 1798 1566 1871 mortui
1698 1815 1702 1820 ’

396 1918 513 1992 multo
539 1917 670 1996 miuus.
696 1917 748 1992 lta
774 1918 927 1993 Carolus
952 1917 1030 1992 siue
1055 1924 1155 1992 terra
1180 1917 1290 2012 paulo
1319 1924 1406 1991 ante
1438 1917 1568 1991 banni-

396 2047 501 2116 verat
525 2040 645 2114 sulum
659 2031 695 2131 (¹)
722 2037 865 2133 aliquos
888 2039 935 2114 de
965 2045 1069 2133 parte
1100 2037 1203 2131 Alba,
1229 2036 1293 2112 sed
1326 2058 1399 2112 non
1429 2039 1568 2113 lecerat

395 2159 632 2256 sanguineam
658 2159 726 2234 iste
751 2179 841 2235 vero
867 2160 1025 2234 multum
1051 2159 1156 2232 auxit
1181 2160 1333 2254 malum,
1357 2159 1439 2234 ideo
1464 2158 1566 2232 dicit:

394 2283 485 2356 nollo
501 2287 591 2354 stato
604 2283 773 2372 pumero,
791 2279 882 2354 idest
899 2280 1019 2375 primo
1038 2279 1175 2353 lloridu.
1186 2319 1236 2336 --
1247 2284 1359 2353 Gonu.
1377 2280 1443 2355 llic
1460 2291 1566 2376 poeta

395 2399 495 2495 ponit
512 2398 683 2475 ellectum
704 2399 813 2472 huius
834 2398 1014 2475 sermonis
1030 2399 1155 2474 dicens
1172 2419 1238 2493 per
1254 2400 1566 2494 comparationem
1645 2436 1648 2442 Δ

234 2503 240 2514 ’
395 2520 441 2594 ds
466 2540 506 2596 se
530 2519 716 2614 propriam
734 2525 772 2594 et
790 2519 1036 2594 manifestam:
1058 2522 1162 2591 dome
1178 2521 1238 2592 ult'
1250 2523 1429 2592 onnmto
1449 2522 1487 2593 di
1502 2523 1570 2592 do-

395 2641 499 2730 otoni
521 2641 634 2713 danai
647 2641 679 2712 si
691 2639 794 2712 trrda
808 2641 837 2712 tt
851 2641 956 2728 nolw,
970 2659 1016 2712 ex
1034 2638 1189 2732 tristitia,
1206 2641 1245 2712 dt
1260 2642 1352 2712 colui
1373 2642 1425 2712 clt’
1435 2643 1568 2712 asculta

397 2762 434 2834 dt
458 2759 600 2850 quauta
620 2765 724 2850 purte
747 2761 775 2830 u
795 2761 945 2850 putatio
969 2759 992 2831 ἴ
1004 2761 1163 2849 numani,
1181 2758 1272 2832 idest
1288 2778 1311 2831 a
1328 2779 1568 2853 quacumque

397 2884 502 2974 purte
526 2872 731 2972 periculum
760 2877 1050 2971 mordentem,
1077 2878 1135 2952 vel
1166 2881 1313 2971 affatui
1340 2879 1384 2952 ut
1413 2879 1569 2975 applicat

398 2997 708 3093 comparationem
727 2997 773 3071 ad
790 2999 1026 3093 propositum,
1048 2997 1190 3072 dicens:
1210 2992 1281 3072 nul
1303 3003 1417 3073 otil’ri)
1443 3002 1465 3071 t’
1475 3003 1570 3072 altro

399 3122 533 3208 mama,
565 3116 711 3211 scilicet,
745 3117 982 3214 Raynerium‚
1017 3120 1077 3191 cte
1119 3123 1212 3193 voltu
1242 3127 1345 3194 staua
1374 3122 1425 3192 ad
1455 3123 1569 3210 udde,

399 3239 491 3316 idad
514 3259 598 3332 quae
623 3244 763 3314 attente
787 3238 1029 3332 auscultabat,
1051 3239 1219 3331 manu,
1245 3239 1282 3313 iu
1307 3239 1411 3332 lacie,
1437 3242 1573 3333 esaroi

398 3361 500 3437 auu
518 3363 583 3451 poi
606 3359 749 3432 ct’ette
773 3361 962 3451 luparolo
994 3379 1019 3432 u
1049 3380 1087 3432 se
1118 3361 1288 3449 raccolta,
1318 3358 1404 3452 quia
1432 3357 1572 3432 notavit

398 3479 499 3574 quod
523 3477 680 3554 verbum
713 3477 885 3574 tangebat
918 3478 1104 3552 infamiam
1138 3478 1276 3574 nepotis
1308 3479 1375 3551 sui.
1408 3479 1452 3551 Et
1484 3482 1571 3551 nota

398 3599 497 3694 quod
522 3599 618 3676 istud
643 3598 780 3674 metum
806 3604 888 3674 erat
905 3599 1131 3694 preteritum
1151 3597 1298 3693 quaudo
1319 3605 1426 3694 poeta
1448 3605 1573 3672 noster

399 3719 559 3814 scripsit3
585 3718 649 3794 sad
675 3718 776 3813 ponit
800 3717 918 3813 ipsum
945 3726 1137 3812 tamquam
1157 3718 1337 3812 loturum,
1355 3717 1442 3811 quia
1462 3718 1572 3792 habet

400 3844 608 3934 respectum
633 3837 679 3912 ad
706 3844 850 3933 ternpus
875 3837 1020 3912 visionis
1046 3857 1133 3931 suae,
1152 3858 1229 3931 quo
1251 3836 1354 3934 tingit
1370 3837 1481 3910 istum
1500 3837 1573 3933 spi-

402 3959 513 4035 ritum
540 3958 804 4052 praenuntiasse
829 3957 895 4032 sibi
921 3959 992 4032 hoc
1005 3948 1054 4048 (²).

475 4083 525 4156 to
549 4081 607 4155 dtr
632 4081 709 4154 dell’
722 4099 804 4152 msa.
831 4081 901 4152 Ista
927 4085 983 4152 est
1001 4079 1107 4152 tertia
1125 4099 1210 4173 pars
1227 4076 1337 4150 huius
1354 4078 1514 4173 capituli,
1535 4079 1571 4151 in

402 4219 475 4293 qua
502 4205 608 4292 posu
633 4197 803 4274 describit
827 4197 1018 4292 pradictus
1042 4196 1135 4270 duos
1161 4195 1319 4291 spiritus,
1345 4204 1383 4270 at
1408 4197 1573 4292 deplorat

403 4318 642 4400 mutationem
670 4317 866 4411 provincias
898 4336 1044 4409 eorum,
1069 4315 1215 4409 scilicet,
1242 4315 1501 4391 Romandiolae.
1528 4317 1573 4391 lit

403 4439 523 4538 primo
547 4437 713 4530 ostendit,
740 4456 858 4530 quare
883 4437 999 4510 lactus
1023 4434 1154 4510 avidus
1179 4435 1347 4529 petiverit
1363 4428 1401 4527 (ἡ
1434 4437 1480 4510 de
1508 4437 1575 4531 eis,

402 4558 605 4642 dmenszto
638 4559 697 4630 dtr
727 4558 804 4632 dett
817 4576 903 4646 uno,
933 4555 1080 4648 scilicet,
1110 4554 1244 4628 auimae
1276 4554 1461 4650 Guidonis,
1492 4560 1574 4631 clo

404 4683 493 4759 outa
527 4681 604 4756 dett
616 4681 725 4769 aldo,
759 4675 895 4750 scilicet
927 4675 1110 4771 Raynerii‚
1137 4678 1186 4748 mi
1214 4680 1249 4769 se
1280 4678 1450 4768 ooqlioso,
1483 4677 1574 4752 idest

404 4801 658 4890 affectuosum,
676 4800 714 4870 dc·
731 4817 838 4888 super
863 4799 920 4870 lor
945 4799 1053 4885 nomi,
1074 4793 1157 4869 ideo
1174 4794 1270 4888 dicit,
1293 4817 1313 4867 e
1336 4798 1508 4869 &munda
1531 4819 1575 4872 ne

466 5055 494 5121 (¹)
511 5056 540 5108 E.
558 5057 637 5108 tolus.
825 5053 854 5118 (¹)
870 5057 901 5107 Ε.
918 5057 964 5110 uti
980 5057 1045 5108 hec.
1234 5055 1264 5119 (Ἴ
1278 5056 1309 5106 B.
1327 5055 1424 5118 petivit.

538 5163 579 5206 lll.
1414 5165 1442 5206 25
