4542 6842
796 968 935 1026 caurus
960 969 1154 1026 succursus.
1515 963 1563 1029 59
1655 981 1661 1006 ⁸

388 1137 534 1215 poenam
548 1117 812 1212 damnabilem,
826 1118 960 1193 amodo
976 1118 1113 1194 videbis
1126 1119 1284 1214 Angelos
1297 1120 1423 1213 bonos,
1437 1121 1559 1214 splen-

386 1237 499 1332 didos,
521 1237 671 1331 lucidos,
692 1257 836 1331 suares,
855 1238 1042 1334 benignos,
1059 1245 1259 1333 canentes
1278 1239 1475 1335 dirigentes
1493 1240 1559 1315 ho

369 1354 505 1433 'mines
530 1358 576 1432 ad
601 1377 748 1452 poenam
776 1359 986 1434 salutarem.
1013 1352 1108 1452 llil)
1134 1360 1193 1434 hic
1222 1365 1308 1434 noia
1337 1362 1436 1456 quod
1465 1362 1562 1436 sicut

386 1487 493 1574 pocta
523 1484 647 1552 noster
681 1477 716 1552 in
747 1477 897 1552 introitu
931 1478 1061 1553 inlerni
1092 1479 1280 1574 descripsit
1308 1488 1471 1576 nautam,
1498 1481 1561 1576 qui

387 1597 545 1672 habebat
572 1597 740 1672 traiicere
749 1589 785 1690 (²)
815 1617 879 1693 per
906 1620 1041 1692 aquam
1074 1599 1234 1674 fluminis
1263 1619 1391 1674 omnes
1420 1601 1563 1676 animas

387 1715 681 1792 damnandorum
698 1709 735 1810 (Β)
761 1738 846 1793 curn
885 1719 992 1813 navi,
1025 1719 1072 1794 ita
1104 1739 1203 1794 nunc
1235 1718 1406 1795 describit
1444 1743 1560 1796 unurn

387 1844 583 1934 patronum
609 1840 672 1934 qui
699 1839 808 1914 habet
841 1840 1035 1916 traducere
1064 1861 1193 1914 omnes
1224 1840 1365 1915 animas
1396 1862 1560 1937 purgan-

388 1960 521 2034 dorum
550 1980 635 2034 curn
663 1959 756 2034 navi.
771 1999 821 2014 -
838 1963 925 2034 Vedi.
953 1961 1017 2035 llic
1044 1961 1214 2057 Virgilius
1238 1960 1408 2036 describit
1434 1961 1558 2047 excel·

387 2081 536 2155 lentiam
563 2080 665 2155 istius
688 2080 945 2176 gubernatoris
974 2081 1132 2176 gloriosi,
1163 2089 1201 2156 et
1234 2090 1289 2156 est
1318 2081 1423 2156 litera
1449 2083 1561 2156 clara.

387 2200 488 2276 Unde
513 2201 616 2275 dicit:
653 2199 769 2276 vidisti
796 2208 946 2276 nautam
975 2201 1190 2295 mirabilem,
1214 2201 1279 2276 scd
1301 2202 1383 2277 vide
1408 2202 1559 2277 modum

386 2320 580 2416 navigandi
607 2341 812 2414 numquam
841 2321 978 2395 visum:
1014 2325 1094 2396 Vcdt
1117 2325 1178 2394 cire
1205 2325 1339 2413 sdepnu
1369 2325 1421 2414 pti
1450 2343 1562 2415 orgo-

386 2444 490 2514 mcntt'
514 2444 645 2534 omani,
671 2441 775 2534 quasi
806 2441 926 2516 dicat:
961 2441 1041 2518 vide
1076 2442 1174 2536 quod
1209 2463 1282 2516 non
1315 2425 1488 2539 dignatur
1518 2443 1556 2516 in

389 2560 550 2658 regendo
577 2562 699 2636 navirn
730 2562 780 2636 uti
808 2563 954 2658 organis
980 2563 1148 2656 horninis,
1176 2585 1260 2657 quae
1287 2564 1397 2638 horno
1424 2564 1559 2658 reperit

388 2689 469 2756 arte
503 2687 539 2756 et
570 2682 727 2777 ingenio,
762 2683 883 2776 qualia
918 2689 1002 2756 sunt
1034 2683 1127 2776 vela,
1164 2683 1268 2776 remi,
1300 2689 1410 2776 temo,
1443 2684 1560 2778 luncS,

389 2821 472 2896 quac
498 2801 742 2878 instrumenta
768 2808 875 2896 poeta
903 2802 1017 2898 tetigit
1042 2802 1175 2877 lnlerni
1200 2803 1475 2897 capitulollll13
1496 2804 1559 2878 sed

388 2920 447 2995 hic
473 2927 615 2996 tanturn
644 2921 758 3017 tangit
783 2920 857 2995 duo
883 2921 1104 3016 principalia,
1122 2923 1256 3015 quibus
1282 2923 1427 2997 vehitur
1445 2923 1559 3017 navis,

388 3039 524 3115 scilicet
550 3061 695 3114 remum
732 3047 767 3115 et
794 3043 930 3135 velum,
962 3043 1060 3116 unde
1090 3042 1198 3116 dicit:
1223 3035 1253 3115 si
1281 3044 1462 3116 oteramo
1487 3063 1559 3116 non

391 3163 472 3232 maol
494 3153 540 3232 nd
562 3164 655 3234 ottro
680 3165 754 3234 velo
780 3164 839 3234 cte
862 3165 949 3235 t'oic
963 3183 1023 3235 sue
1040 3170 1098 3235 tro
1115 3166 1166 3236 titi
1181 3155 1211 3235 sl
1227 3166 1369 3236 lontani.
1397 3164 1469 3236 Per
1486 3164 1555 3236 hoc

388 3285 490 3354 notat
505 3270 541 3372 (⁴)
560 3281 657 3373 quod
684 3282 845 3377 Angelus
871 3304 944 3356 non
970 3281 1104 3379 indiget
1128 3281 1265 3357 auxilio
1291 3284 1466 3376 humano,
1493 3281 1556 3357 scd

386 3401 507 3496 potius
533 3403 643 3475 homo
668 3401 805 3477 auxilio
823 3403 959 3499 Angeli.
986 3402 1088 3478 Unde
1115 3412 1200 3479 nota
1228 3404 1327 3498 quod
1353 3404 1556 3480 benedicit

293 3555 294 3560 Ν
385 3520 481 3595 inter
506 3521 611 3595 litora
638 3528 713 3596 tarn
739 3523 948 3618 longinqua,
975 3523 1061 3616 quia
1087 3525 1155 3597 iste
1179 3522 1340 3620 Angelus
1365 3531 1555 3619 transpor-

387 3648 438 3716 tat
462 3641 602 3716 animas
628 3643 722 3718 bene
748 3643 983 3718 morientium
1010 3644 1056 3717 ab
1083 3643 1151 3717 isto
1181 3651 1307 3718 nostro
1336 3644 1557 3739 hemisperio

385 3763 564 3857 superiori
595 3764 641 3839 ad
674 3763 761 3838 illud
795 3763 946 3838 interius
978 3764 1024 3838 ad
1057 3771 1205 3858 portum
1236 3764 1458 3858 poenitentiae
1492 3784 1560 3860 per

386 3902 490 3956 mare
517 3889 592 3956 tam
617 3903 806 3977 amarum;
834 3882 930 3958 unde
960 3883 1067 3957 dicit:
1101 3887 1183 3958 Vedi
1210 3905 1307 3957 come
1334 3887 1557 3975 flandritis,

387 4002 522 4078 scilicet
547 4002 625 4076 illas
658 4003 745 4096 alas,
778 4025 880 4076 uerso
896 4007 922 4076 't
952 4007 1048 4095 ciclo,
1079 4006 1165 4098 quia
1190 4004 1312 4101 dirigit
1336 4004 1478 4079 animas
1508 4005 1555 4080 ad

386 4123 535 4217 coelurn,
563 4123 625 4197 ubi
656 4124 800 4198 Charon
822 4122 876 4198 ad
909 4123 1106 4217 inlcrnum,
1133 4126 1311 4198 trottondo
1346 4129 1463 4198 l'ocre
1492 4145 1559 4198 con

385 4241 534 4316 t’eterm
550 4265 676 4336 penne,
698 4243 799 4338 idest,
819 4242 975 4318 volando
992 4263 1058 4338 per
1076 4263 1202 4318 aerem
1221 4264 1307 4318 cum
1329 4246 1456 4340 pennis
1472 4265 1558 4341 pcr-

385 4362 497 4457 loctis,
523 4367 582 4436 cte
606 4385 679 4436 non
703 4367 734 4437 si
759 4371 878 4437 mutan
903 4385 998 4438 come
1019 4367 1151 4437 mortui
1170 4367 1259 4456 pelo.
1280 4365 1345 4439 llic
1365 4373 1556 4460 exponunt

384 4483 496 4578 aliqui
522 4485 621 4578 quod
647 4486 715 4559 alae
741 4485 866 4581 Angeli
886 4503 959 4559 non
979 4491 1171 4558 mutantur
1196 4485 1233 4558 in
1263 4491 1443 4582 ternpore,
1463 4487 1557 4561 sicut
1622 4569 1624 4576 ¹

385 4603 478 4700 pilus
505 4605 671 4698 hominis,
698 4607 761 4699 qui
787 4628 809 4682 a
834 4604 1009 4700 principio
1032 4609 1087 4680 est
1106 4625 1254 4700 parvuS,
1270 4606 1402 4682 deinde
1426 4608 1558 4682 crescit

384 4730 421 4798 et
456 4731 574 4798 mutat
603 4724 776 4819 colorem,
812 4725 897 4819 quia
928 4725 1098 4818 canescit,
1133 4725 1262 4800 ultimo
1296 4727 1493 4802 resolvitur
1522 4736 1560 4802 ct

384 4843 625 4918 consumitur.
646 4843 699 4917 Tu
719 4864 809 4919 vero
826 4845 883 4920 dic
900 4852 936 4920 et
955 4845 1097 4939 melius,
1116 4846 1214 4939 quod
1232 4847 1396 4940 loquitur
1413 4847 1459 4922 de
1476 4848 1559 4944 plu·

448 5029 473 5090 (¹)
491 5030 522 5080 E.
539 5029 573 5080 Et
588 5033 625 5081 sic
641 5037 710 5083 nolu.
950 5029 978 5096 (¹)
995 5033 1020 5084 S.
1036 5034 1150 5084 trahere.

448 5103 474 5166 (¹)
489 5105 515 5155 S.
532 5106 722 5159 damnatorum.
950 5108 978 5174 (⁸)
995 5109 1026 5159 li.
1042 5109 1092 5159 Per
1109 5109 1160 5160 hoc
1176 5115 1245 5160 nota.
