4542 6842
795 964 867 1033 452
1160 983 1365 1043 comaron
1388 990 1608 1047 runaumun

792 1438 959 1513 OANPUS
981 1445 1173 1517 DECIMUS
1196 1449 1416 1534 SEPTIMUS,
1433 1454 1489 1520 udi
1499 1462 1576 1539 port
1590 1458 1730 1545 aliquam
1744 1459 1894 1528 &onon
1909 1458 1967 1525 de-

869 1556 1005 1625 claravit
1023 1558 1180 1647 erdr’us
1200 1564 1309 1631 modae
1331 1566 1458 1645 moria,
1486 1573 1516 1633 et
1541 1576 1616 1653 quot
1639 1574 1742 1639 modia
1763 1573 1907 1640 mmo
1928 1570 1967 1636 in

867 1666 1514 1761 domim,acctr‘crmdcraocootrar·io;
1541 1681 1967 1765 equormoaooaraarr

867 1781 1071 1863 contrariom,
1095 1790 1125 1850 et
1147 1791 1222 1869 quot
1236 1789 1387 1869 perronio
1408 1791 1610 1858 wmuiurtur
1631 1794 1748 1862 crimea
1768 1794 1835 1861 doc.

860 2109 1136 2299 chonorrr,
1162 2211 1275 2303 letior,
1299 2231 1338 2284 sc
1362 2215 1444 2286 mut.
1480 2214 1678 2308 Postquam
1709 2212 1747 2289 in
1777 2212 1963 2310 superiori

786 2325 945 2421 capitulo
975 2328 1144 2423 proxime
1173 2330 1393 2423 praecedeoti
1423 2338 1532 2427 poeta
1560 2341 1685 2409 noster
1715 2332 1886 2409 tractarit
1924 2336 1964 2407 et

784 2444 1043 2521 determinavit
1070 2448 1118 2523 de
1146 2450 1311 2545 generali
1342 2452 1562 2548 purgatione
1592 2453 1667 2544 irre,
1699 2474 1798 2527 nunc
1827 2470 1964 2527 conse·

784 2573 943 2663 quanter
967 2566 1043 2664 agit
1056 2560 1094 2661 (¹)
1120 2576 1159 2642 et
1182 2574 1315 2645 tractat
1338 2570 1386 2646 de
1410 2572 1519 2647 modo
1544 2579 1582 2647 et
1606 2572 1770 2649 remedio
1795 2592 1871 2669 quo
1898 2589 1964 2645 re-

783 2686 963 2763 frenatur
992 2687 1048 2763 ira
1073 2688 1289 2783 impetuosa,
1317 2681 1410 2783 et(¹)
1436 2690 1640 2788 ingreditur
1672 2697 1869 2767 tractatum
1895 2706 1963 2763 ac·

782 2807 903 2901 cidiae,
937 2828 1023 2901 quae
1059 2808 1213 2903 punitur
1248 2808 1286 2883 in
1319 2816 1452 2905 quarto
1485 2811 1624 2888 circulo
1660 2810 1874 2909 purgatorii.
1914 2809 1961 2881 Et

781 2946 944 3022 praesens
969 2925 1172 3021 capitulum
1197 2928 1360 3005 breviter
1384 2936 1503 3025 potest
1526 2930 1634 3005 dividi
1662 2930 1699 3005 in
1729 2936 1805 3005 tres
1831 2932 1960 3024 parter

781 3045 995 3142 generalem
1021 3045 1058 3119 in
1083 3045 1203 3141 prima
1228 3068 1389 3141 quarum
1419 3056 1527 3144 poeta
1556 3050 1662 3125 docet
1693 3048 1850 3123 lraenum
1876 3046 1957 3121 irre.

780 3166 821 3239 ln
848 3164 1008 3241 secunda
1034 3165 1190 3239 ostendit
1211 3166 1369 3259 qualiter
1384 3167 1496 3243 luerit
1515 3168 1715 3243 mundatus
1730 3188 1754 3241 a
1772 3166 1858 3241 vitio
1876 3164 1956 3256 irre,

779 3292 817 3361 et
841 3284 1004 3361 directus
1029 3285 1075 3359 ad
1101 3293 1277 3379 quartum
1304 3286 1483 3363 circulum
1500 3288 1648 3365 accidie
1666 3308 1733 3384 per
1751 3307 1868 3360 unum
1885 3305 1958 3359 an-

777 3406 906 3501 gelum
932 3412 1173 3501 apparentem
1202 3406 1280 3500 sibi,
1311 3406 1379 3481 tui:
1412 3412 1515 3481 Come
1540 3410 1574 3481 ri
1597 3412 1740 3502 srunpe.
1772 3408 1813 3479 ln
1845 3402 1957 3479 tertia

776 3531 885 3618 poeta
913 3531 1139 3601 tractaturus
1168 3525 1215 3599 de
1243 3526 1391 3621 accidia,
1416 3526 1595 3602 subtiliter
1624 3526 1820 3623 investigat
1854 3522 1958 3599 unde

775 3640 853 3737 ipsa
880 3643 1018 3719 accidia
1043 3644 1179 3719 habeat
1202 3651 1339 3740 ortum,
1365 3651 1403 3722 et
1427 3650 1560 3720 caetara
1577 3645 1663 3722 uitia
1684 3642 1865 3739 capitalia,
1883 3640 1952 3715 ibi:

776 3766 846 3837 Not
871 3784 1029 3837 aarum.
1057 3762 1110 3837 nd
1136 3764 1294 3860 primam
1319 3765 1470 3840 veniens
1492 3764 1574 3840 dico
1599 3764 1699 3858 quod
1715 3769 1823 3858 poeta
1844 3761 1956 3835 docet

775 3882 980 3957 refraenare
1013 3883 1127 3977 iram;
1163 3883 1227 3957 sed
1257 3883 1377 3977 primo
1407 3883 1624 3958 continuans
1656 3881 1753 3959 dicta
1789 3877 1955 3955 dicendis

773 4003 977 4097 praemittit,
1000 4002 1188 4096 quomodo
1211 4003 1265 4076 sol
1291 4002 1329 4075 in
1353 4022 1487 4077 occasu
1510 4002 1681 4097 apparuit
1705 3999 1773 4074 sibi
1798 3996 1953 4073 exeunti

771 4121 818 4197 de
835 4123 1001 4197 nubibus
1018 4122 1282 4197 iracundorum
1300 4142 1367 4217 per
1382 4142 1496 4201 uuam
1509 4120 1823 4216 comparationem
1843 4114 1954 4191 valde

771 4260 988 4317 consonam.
1015 4242 1059 4315 Et
1083 4240 1230 4315 ridetur
1249 4239 1372 4315 dicere
1391 4238 1670 4315 sententialiter:
1688 4238 1743 4312 vis
1764 4244 1803 4311 tu
1823 4234 1954 4310 ridere

772 4360 874 4434 clare
903 4360 1061 4454 qualiter
1086 4359 1184 4435 exiri
1209 4358 1354 4432 sumum
1378 4357 1489 4432 istum
1514 4358 1765 4450 tenebrosum,
1791 4359 1830 4431 et
1861 4372 1951 4450 per·

771 4477 857 4553 reni
884 4478 933 4553 ad
959 4498 1086 4554 aerem
1111 4476 1362 4551 luminosum?
1387 4474 1592 4571 Imaginare
1622 4475 1652 4548 si
1684 4472 1888 4568 aliqnando
1912 4470 1952 4544 iu

772 4598 933 4671 transitu
959 4597 1103 4692 Alpium
1120 4588 1157 4688 (³)
1184 4595 1307 4690 aliqua
1337 4594 1471 4669 nebula
1500 4595 1634 4669 velarit
1660 4592 1724 4667 tibi
1748 4592 1887 4686 risum,
1913 4595 1952 4665 et

771 4717 884 4811 paulo
903 4723 997 4813 post,
1009 4715 1086 4791 sole
1102 4714 1278 4810 paulatim
1296 4712 1546 4807 rarelaciene
1563 4712 1704 4807 ooepisti
1722 4728 1952 4805 recuperare

772 4834 895 4907 risum
923 4834 1090 4909 debiliter
1103 4823 1155 4927 (⁴),
1181 4840 1219 4907 et
1242 4831 1368 4907 ridere
1392 4830 1485 4905 sicut
1509 4831 1569 4905 illa
1593 4830 1746 4905 bestiola
1772 4850 1861 4923 quae
1884 4847 1953 4901 ro·

834 5016 863 5079 (¹)
882 5022 938 5077 11⁷,
956 5018 982 5067 in
999 5018 1048 5069 lato
1064 5018 1179 5082 capitulo
1194 5018 1269 5068 xvn
1284 5017 1337 5080 agit
1351 5020 1386 5066 et.
1507 5012 1537 5078 (¹)
1553 5015 1584 5065 lt.
1599 5030 1662 5066 curn
1677 5016 1836 5079 lngraditur.

835 5094 863 5157 (⁸)
881 5097 936 5153 ¹1⁷,
953 5092 1036 5156 Molo
1509 5090 1537 5155 (⁸)
1553 5092 1584 5142 n.
1600 5092 1764 5143 reundum
1779 5096 1818 5142 a.
1866 5133 1869 5137 a
