4542 6842
715 942 786 1012 380
1073 955 1279 1012 munorum
1302 957 1524 1012 runurroau

714 1121 834 1175 masse
871 1099 1038 1176 homines
1074 1099 1111 1174 in
1148 1099 1311 1176 divorsas
1343 1099 1482 1196 species
1518 1101 1700 1196 serarum,
1734 1103 1830 1178 sicut
1849 1095 1886 1196 (³)

712 1240 854 1316 pomos,
871 1241 992 1314 canes,
1013 1221 1130 1314 lupus.
1157 1219 1263 1295 ldodo
1287 1221 1356 1296 ista
1381 1219 1528 1296 ridetur
1547 1221 1720 1298 babuisse
1744 1222 1890 1297 istosin

713 1347 892 1437 potestate
917 1361 996 1433 sua,
1023 1348 1060 1416 et
1084 1339 1182 1435 ipsos
1206 1339 1349 1436 pavisse
1383 1341 1490 1416 malis
1521 1341 1696 1438 venenis,
1721 1342 1798 1417 imo
1823 1362 1890 1418 ve-

716 1480 811 1537 nena
828 1481 912 1555 quae
930 1459 988 1534 isti
1005 1460 1177 1534 videntur
1202 1460 1335 1536 bibisse
1358 1467 1446 1535 suut
1470 1460 1596 1556 peiora
1616 1482 1730 1556 quam
1748 1481 1890 1538 venena

716 1580 850 1676 Circes,
881 1581 968 1676 quia
993 1579 1098 1656 Circe
1129 1601 1204 1656 nou
1226 1580 1397 1656 mumbat
1422 1579 1490 1656 nisi
1514 1581 1655 1676 figuras
1679 1602 1890 1677 corporum,

716 1699 780 1776 sed
804 1721 879 1775 non
904 1700 1097 1794 qualitates
1121 1700 1333 1774 animorum
1348 1691 1400 1794 (²),
1430 1701 1526 1776 sicut
1555 1701 1730 1796 Apuleius
1763 1699 1891 1776 scribit

715 1820 763 1896 de
788 1841 828 1896 se
854 1821 942 1915 ipso,
961 1819 1060 1915 quod
1086 1819 1281 1896 ridebatur
1305 1821 1373 1896 sibi
1397 1820 1514 1896 iaetus
1539 1821 1675 1916 asinus,
1702 1829 1739 1896 et
1765 1826 1890 1897 tamen

716 1960 822 2015 mens
853 1941 1038 2016 rationalis
1070 1940 1216 2037 vigebat
1239 1940 1278 2016 in
1307 1961 1365 2016 eo.
1396 1941 1491 2016 Nota
1521 1946 1648 2016 tamon
1678 1941 1776 2036 quod
1808 1940 1890 2016 talis

716 2062 973 2138 transmutatio
1005 2082 1205 2157 corporum
1240 2082 1314 2136 uon
1347 2069 1403 2136 est
1434 2061 1620 2157 possibilis,
1653 2061 1749 2136 sicut
1781 2062 1890 2157 plene

714 2183 873 2279 disputat
901 2181 1139 2279 Augustinus
1164 2181 1228 2258 sed
1253 2189 1309 2257 est
1337 2182 1508 2276 quedam
1541 2182 1661 2258 illusio
1690 2180 1889 2276 daemonis3

715 2325 802 2378 nam
822 2303 968 2377 daemon
994 2301 1204 2377 ludificatur
1227 2301 1456 2398 phantasiam
1482 2303 1651 2396 bominis,
1668 2323 1753 2396 quae
1778 2300 1889 2376 etiam

716 2444 782 2519 per
806 2443 847 2498 se
871 2421 1064 2518 cogitando
1089 2423 1149 2497 vel
1173 2421 1390 2497 somniando
1423 2422 1589 2498 variatur
1621 2443 1687 2518 per
1716 2423 1889 2498 innume·

717 2543 844 2618 rabilia
868 2563 1007 2639 genera
1033 2561 1181 2618 rerum:
1208 2549 1247 2617 et
1270 2542 1322 2617 sic
1337 2541 1451 2618 etiam
1466 2543 1605 2618 deludit
1621 2544 1743 2618 visum
1764 2541 1890 2618 viden·

717 2663 810 2739 tium
845 2684 911 2758 per
941 2683 1068 2737 aerem
1103 2669 1193 2755 etc.;
1225 2662 1313 2758 imo,
1345 2663 1439 2737 sicut
1473 2661 1557 2738 dicit
1576 2654 1614 2756 (³)
1648 2663 1795 2757 Plinius,
1826 2662 1890 2736 ubi

717 2782 882 2877 loquitur
906 2782 953 2858 de
977 2782 1126 2857 bomine
1151 2788 1295 2857 mutato
1319 2781 1358 2857 iu
1382 2782 1524 2878 lupum,
1546 2783 1690 2857 nullum
1716 2789 1793 2858 tam
1818 2782 1890 2856 im-

717 2901 859 2999 pudens
883 2901 1129 2995 mendacium,
1156 2908 1197 2977 nt
1229 2908 1322 2977 toste
1353 2909 1553 2977 careat-
1570 2883 1653 2976 lta.
1685 2902 1751 2977 llic
1782 2909 1889 2998 poeta

718 3023 849 3118 probat
873 3021 1144 3097 conclusionem
1170 3022 1382 3117 generalem
1409 3041 1475 3115 per
1501 3043 1615 3096 uuam
1641 3021 1888 3098 inductionem

717 3141 976 3238 particularem
1004 3140 1273 3234 habitatorum3
1290 3148 1328 3216 et
1344 3140 1465 3236 primo
1480 3141 1604 3236 incipit
1627 3162 1651 3216 a
1676 3141 1803 3237 primis
1823 3143 1889 3217 ba·

715 3261 943 3354 bitatoribus,
968 3268 1006 3336 et
1030 3259 1124 3355 dicit,
1147 3261 1246 3356 quod
1271 3263 1393 3336 Arnus
1417 3261 1538 3357 primo
1558 3261 1688 3336 transit
1712 3281 1779 3357 per
1804 3283 1890 3358 por·

717 3404 791 3480 cos,
809 3384 901 3459 idest
926 3383 1078 3458 comites
1094 3381 1289 3477 Guidoues,
1307 3402 1402 3476 quos
1417 3383 1574 3477 appellat
1590 3403 1721 3478 porcos
1742 3388 1891 3479 propter

718 3504 852 3579 loedam
879 3503 1085 3599 luxuriam,
1103 3509 1142 3578 et
1162 3502 1306 3578 merito.
1324 3501 1392 3577 Ubi
1412 3508 1510 3598 nota,
1531 3503 1631 3596 quod
1656 3500 1714 3577 isti
1738 3502 1891 3579 comites

718 3625 805 3700 olim
849 3624 1060 3698 babuerunt
1097 3622 1302 3698 dominium
1336 3623 1375 3696 in
1408 3621 1555 3698 civitate
1588 3623 1789 3717 Ravenuae3
1828 3622 1892 3700 sed

719 3745 871 3821 inerunt
909 3744 987 3820 iere
1023 3764 1154 3819 omnes
1197 3743 1368 3818 trucidati
1404 3743 1442 3818 in
1475 3744 1603 3819 lurore
1643 3744 1768 3840 populi
1804 3763 1892 3840 pro·

720 3873 800 3962 pter
830 3865 1056 3941 eliraenatam
1089 3863 1300 3958 libidinem3
1331 3863 1431 3958 quia,
1457 3870 1499 3938 ut
1526 3863 1612 3938 dicit
1645 3863 1890 3958 philosophus,

719 3993 869 4082 proptor
899 3983 1051 4059 iniurias
1083 4004 1258 4077 urorum,
1289 3985 1415 4058 multae
1448 3983 1658 4079 tyrannides
1689 3983 1890 4078 perierunt.

719 4104 856 4181 Deinde
886 4123 934 4180 ex
968 4124 1043 4179 uuo
1077 4103 1273 4198 superstite
1284 4091 1323 4196 0)
1350 4103 1546 4178 restaurati
1580 4103 1618 4178 in
1652 4123 1890 4179 numerosam

651 4277 657 4286 ·
719 4225 872 4322 prolem,
898 4223 982 4299 iacti
1007 4233 1093 4300 sunt
1119 4221 1358 4319 potentissimi
1381 4223 1474 4298 citra
1498 4221 1730 4318 Apenninum
1759 4224 1796 4296 in
1816 4225 1892 4298 Ro-

719 4344 913 4438 mandiola,
939 4349 977 4418 et
1002 4344 1099 4419 ultra
1122 4341 1354 4438 Apenninum
1380 4341 1419 4417 in
1443 4342 1593 4437 Tuscia3
1615 4343 1679 4418 sed
1698 4342 1808 4420 bodie
1823 4365 1891 4439 pro

719 4487 854 4563 magna
879 4471 984 4560 parte
1008 4463 1221 4540 deiecerunt
1245 4463 1333 4538 uiris
1358 4471 1397 4538 et
1420 4463 1561 4538 viribus
1592 4483 1659 4558 per
1690 4463 1890 4559 potentiam

718 4585 1009 4662 florentinorum.
1035 4583 1128 4659 llicit
1153 4603 1262 4680 ergo:
1289 4583 1350 4659 illa
1375 4583 1478 4658 vallis
1496 4582 1598 4678 Arni,
1615 4585 1759 4656 muzza
1769 4586 1893 4676 prim

716 4711 830 4782 deuo
852 4727 986 4800 pooero
1010 4708 1111 4795 calle,
1136 4703 1229 4780 idest
1253 4725 1408 4778 cursum
1433 4723 1520 4778 cum
1551 4722 1671 4798 pauca
1697 4723 1807 4798 aqua,
1833 4710 1892 4778 tra

718 4827 823 4902 brutii
843 4829 965 4920 porci;
991 4825 1041 4900 ita
1066 4823 1151 4899 dicit
1176 4823 1359 4920 Horatius,
1385 4824 1486 4918 quod
1514 4824 1546 4898 si
1570 4823 1705 4921 Ulyxes
1734 4829 1892 4918 putasset

782 5013 811 5074 (¹)
827 5013 857 5062 E.
873 5013 941 5062 sicut
955 5012 982 5061 iu
998 5023 1100 5073 porcos.
1356 5007 1385 5070 ρ)
1401 5013 1456 5070 117,
1471 5010 1628 5061 mmmm,

784 5087 882 5154 (biit,
898 5087 987 5140 scribit
1003 5087 1109 5139 Plinius.
1358 5087 1387 5150 (⁸)
1403 5085 1434 5137 li.
1450 5099 1504 5138 uuo
1519 5087 1606 5151 stipite
1621 5087 1767 5138 ruuurati.
