4542 6842
744 956 815 1022 tlt
1104 968 1309 1024 uouendum
1333 969 1555 1026 nuuuxxunn

743 1111 878 1186 tionem
905 1113 1146 1206 lombardiae,
1163 1134 1247 1209 qnae
1265 1120 1414 1211 propter
1428 1113 1647 1188 discordiam
1667 1134 1771 1209 papae
1787 1121 1826 1190 et
1842 1115 1913 1188 im-

742 1231 921 1327 peratoris
954 1231 1075 1306 amisit
1107 1233 1204 1309 bona
1233 1234 1449 1329 temporalia
1480 1240 1518 1308 et
1546 1233 1757 1328 spiritualia.
1791 1235 1835 1308 lit
1866 1235 1914 1308 ad

743 1350 853 1426 huius
877 1352 992 1427 literae
1021 1354 1284 1447 expositionem
1301 1347 1337 1446 (¹)
1369 1360 1514 1450 oportet
1542 1353 1705 1430 breviter
1737 1355 1913 1450 perstrin-

742 1491 833 1567 gere
858 1473 982 1567 aliqua
998 1473 1044 1548 de
1060 1473 1246 1550 Friderioo
1261 1476 1304 1570 ll,
1321 1475 1369 1550 de
1394 1495 1470 1569 quo
1485 1475 1608 1568 aliqua
1626 1475 1752 1570 scripsi
1760 1466 1797 1568 (ἢ
1816 1476 1912 1549 Pur-

743 1592 872 1687 gatorii
898 1593 1058 1688 capitulo
1084 1593 1139 1666 lll.
1170 1594 1377 1670 Fridericus
1402 1615 1504 1691 ergo,
1530 1595 1649 1669 elatus
1678 1615 1813 1691 magua
1845 1615 1912 1690 po-

743 1714 854 1789 tentia
888 1716 1092 1788 multorum
1128 1736 1328 1812 regnorum
1362 1724 1400 1791 et
1433 1715 1543 1790 nobili
1573 1718 1677 1810 prole
1708 1717 1909 1812 proborum

743 1834 914 1928 liliorum,
942 1835 1157 1930 temporalia
1181 1841 1219 1912 et
1249 1836 1450 1931 spiritualia
1480 1837 1737 1912 conculcabat:
1762 1843 1911 1934 propter

744 1955 843 2050 quod
868 1955 935 2029 luit
960 1955 1302 2030 exeommunicatus
1326 1956 1374 2030 ab
1397 1956 1558 2031 Honorio
1575 1958 1621 2030 lll
1640 1977 1733 2052 papa
1753 1963 1790 2032 et
1814 1956 1913 2034 stetit

743 2083 942 2151 oontumax
968 2097 1032 2150 sex
1058 2075 1173 2150 anuis.
1200 2076 1361 2152 Honorio
1383 2083 1542 2170 mortuo,
1560 2077 1734 2152 suecessit
1757 2077 1794 2150 in
1819 2097 1912 2173 pou·

743 2194 880 2270 tilioatu
906 2195 1105 2292 Gregorius
1126 2196 1175 2269 lll
1200 2195 1247 2271 de
1270 2195 1448 2290 Anagnia,
1475 2195 1538 2289 qui
1563 2196 1655 2270 sedit
1685 2197 1911 2291 quatuorde-

741 2315 812 2389 cim
840 2315 961 2409 annis,
997 2337 1072 2410 quo
1105 2322 1271 2411 tempore
1295 2315 1501 2390 Friderieus
1534 2315 1659 2390 habuit
1684 2316 1911 2392 inexorabile

742 2436 879 2511 bellum
906 2456 1044 2510 secum.
1071 2437 1158 2510 Post
1177 2436 1248 2510 hoo
1264 2436 1470 2511 Fridericus
1497 2457 1630 2532 magna
1649 2437 1765 2512 classe
1791 2435 1910 2510 navali

742 2556 907 2631 transivit
932 2558 977 2630 ad
1004 2559 1155 2632 Terram
1178 2558 1361 2651 Sanctam,
1380 2557 1442 2630 ubi
1466 2557 1624 2651 privavit
1643 2577 1757 2653 regno
1778 2557 1912 2632 Hieru-

741 2677 855 2752 salem
882 2677 1085 2751 lohannem
1106 2677 1329 2752 Brenensem
1352 2697 1524 2752 socerum
1542 2698 1674 2771 suum,
1696 2677 1743 2751 de
1762 2697 1837 2771 quo
1857 2676 1911 2752 le-

741 2796 790 2870 cit
809 2816 849 2870 se
866 2797 1035 2870 coronari
1047 2787 1083 2888 (³)
1101 2817 1198 2871 anuo
1215 2796 1361 2870 Domini
1380 2796 1613 2871 llCGllllXV.
1630 2796 1831 2893 Gregorius
1847 2796 1908 2890 Ill,

741 2917 865 2990 audita
890 2937 981 3011 paee
1006 2916 1089 2991 licta
1114 2938 1227 3010 quam
1245 2917 1452 2992 Friderieus
1472 2918 1609 2992 lecerat
1634 2935 1721 2992 cum
1739 2916 1910 3010 soldano,

740 3035 838 3110 dedit
862 3055 1025 3131 operam,
1037 3037 1143 3131 -quod
1162 3036 1280 3126 dietus
1297 3057 1364 3111 rex
1381 3037 1565 3112 lohannes
1582 3037 1735 3110 intraret
1752 3057 1911 3133 regnum

741 3157 890 3252 Apuliae,
909 3157 1007 3251 quod
1033 3164 1152 3231 totum
1180 3158 1263 3232 lecit
1284 3158 1465 3232 rebellare
1481 3156 1676 3232 Friderico.
1698 3157 1770 3232 Sed
1787 3156 1912 3232 Fride-

741 3279 850 3372 rious,
871 3278 973 3352 velut
997 3277 1130 3352 ardens
1156 3278 1296 3352 fulmen
1321 3277 1417 3372 belli,
1438 3299 1525 3353 oum
1552 3297 1699 3352 summa
1723 3277 1912 3352 celeritate

741 3398 919 3474 revolavit
935 3397 973 3471 in
989 3395 1128 3472 ltaliam
1147 3419 1232 3472 eum
1251 3398 1396 3473 duabus
1412 3399 1537 3494 galeis,
1555 3405 1594 3474 et
1611 3405 1729 3472 totum
1753 3418 1909 3495 regnum

740 3518 897 3595 celerius
923 3517 1179 3612 recuperavit:
1205 3524 1243 3592 et
1275 3518 1372 3591 ultra
1406 3517 1477 3592 hoe
1509 3516 1703 3612 occupavit
1733 3517 1911 3613 patrimo·

599 3644 601 3648 ’
740 3638 843 3712 nium
861 3637 975 3710 saneti
992 3636 1101 3732 Petri,
1114 3637 1291 3712 ducatum
1309 3635 1445 3732 Spoleti
1462 3643 1500 3712 et
1522 3637 1719 3712 Maroniam
1736 3639 1909 3731 nnconae,

740 3757 878 3832 ducens
904 3777 1030 3832 secum
1064 3775 1259 3831 saracenos
1283 3755 1330 3830 de
1354 3756 1523 3851 Nuceria,
1549 3777 1644 3850 quos
1674 3763 1839 3832 traxerat
1864 3755 1910 3831 de

738 3877 859 3953 Sicilia
888 3876 934 3951 de
968 3875 1152 3949 montibus
1183 3875 1352 3971 Drepani,
1378 3884 1420 3951 ut
1449 3877 1567 3952 Sicilia
1599 3886 1696 3953 esset
1729 3877 1843 3952 tutior
1872 3884 1911 3953 et

738 3998 867 4096 Apulia
885 3997 1092 4074 subiectior.
1111 3992 1249 4070 Deinde
1268 4017 1355 4070 cum
1373 3997 1574 4093 Gregorius
1593 3998 1796 4073 ordinasset
1812 3998 1909 4072 Cou-

740 4118 865 4194 cilium
892 4123 1020 4190 eontra
1036 4115 1275 4210 Friderioum,
1293 4137 1451 4212 magnus
1469 4138 1649 4192 numerus
1669 4119 1906 4212 praelatorum

741 4236 890 4316 veniens
914 4236 961 4310 de
985 4236 1150 4330 partibus
1173 4235 1310 4330 Gallim,
1336 4242 1465 4334 eaptus
1483 4237 1553 4310 luit
1571 4237 1669 4332 apud
1686 4237 1797 4332 Pisas,
1815 4258 1910 4332 quos

740 4364 865 4454 postea
889 4355 1096 4431 Fridericus
1120 4355 1355 4450 pauperrime
1380 4356 1526 4450 dimisit,
1544 4356 1701 4431 instante
1725 4357 1910 4432 Ludovico

740 4498 829 4575 rege
853 4476 1034 4552 Franciae:
1061 4482 1097 4552 et
1123 4483 1211 4550 tune
1237 4482 1366 4552 natum
1392 4483 1448 4551 est
1473 4477 1611 4552 bellum
1636 4477 1732 4554 inter
1748 4480 1910 4573 januen·

740 4616 798 4671 ses
823 4602 861 4670 et
889 4595 1043 4690 pisanos.
1080 4595 1166 4669 Post
1197 4594 1267 4668 hoo
1297 4593 1503 4670 Fridericus
1531 4595 1696 4689 aspirare
1724 4596 1834 4691 ooepit
1864 4595 1911 4671 ad

740 4716 943 4790 dominium
969 4712 1210 4788 Lombardiae.
1228 4713 1332 4788 Unde
1348 4713 1519 4808 sentiens,
1536 4714 1636 4808 quod
1652 4715 1909 4810 Mediolanum,

802 4941 830 5004 (¹)
848 4946 902 5003 117,
918 4943 1104 5006 expositionem
1121 4942 1234 5007 plenam.
1568 4991 1570 4994 y

804 5017 831 5081 (¹)
849 5023 902 5077 117,
920 5019 1018 5082 scripsi,
1035 5020 1133 5070 luterni
1150 5019 1265 5082 capitulo
1280 5019 1305 5069 X
1322 5023 1348 5070 et
1364 5018 1437 5079 1111,
1453 5023 1481 5070 st
1494 5019 1642 5084 Purgatorli
1657 5018 1771 5083 capitulo
1785 5019 1833 5070 111.

803 5096 830 5157 (¹)
848 5100 900 5156 117,
918 5096 1038 5148 coronari
1053 5110 1144 5161 regem
1158 5109 1235 5148 anuo.
