4542 6842
742 994 881 1049 caurus
907 992 1065 1049 uncinus
1089 992 1232 1047 antuus.
1497 978 1567 1045 299
1698 1074 1702 1081 ι

397 1162 481 1215 mus
507 1160 573 1215 nos
604 1138 754 1235 diligere
783 1139 901 1212 Deum
936 1137 973 1212 in
1005 1144 1113 1213 seat
1144 1144 1294 1232 propter
1326 1156 1386 1229 se3
1412 1142 1449 1209 et
1482 1136 1569 1229 quia

399 1260 533 1335 vocasti
561 1280 647 1334 eum
675 1261 821 1334 Patrem
848 1265 885 1333 et
906 1258 1034 1344 ‚uixisti
1067 1278 1155 1333 eum
1190 1259 1355 1332 habitare
1384 1258 1421 1329 in
1455 1258 1569 1350 coetis,

397 1382 543 1458 videtur
571 1380 814 1475 respondere:
842 1379 929 1473 quid
964 1379 1029 1471 vis,
1055 1380 1143 1473 quid
1175 1380 1295 1474 petis?
1326 1379 1379 1452 Ad
1411 1380 1480 1452 noe
1510 1398 1571 1451 re·

398 1502 590 1597 spondens,
617 1508 711 1597 peto,
739 1508 780 1575 ut
804 1500 1051 1575 sanctificetur
1069 1520 1205 1574 nomen
1224 1507 1352 1574 tuum:
1374 1507 1412 1575 et
1439 1500 1571 1573 merito

399 1622 622 1716 praeponitur
649 1622 713 1695 ista
742 1622 877 1715 petitio,
904 1621 990 1715 quia
1015 1626 1101 1693 ante
1127 1622 1251 1694 omnia
1269 1620 1377 1693 debet
1394 1618 1489 1692 fliius
1508 1640 1571 1713 pe-
1716 1612 1718 1616 ’

401 1747 478 1816 tera
504 1742 781 1816 honorationem
808 1741 930 1837 patris.
959 1740 1003 1813 Et
1031 1739 1087 1812 hio
1114 1746 1200 1813 nota
1226 1740 1325 1833 qrrod
1354 1739 1442 1832 quia
1466 1739 1571 1813 titera

400 1860 592 1935 videbatur
617 1862 786 1955 obscura,
804 1859 991 1955 quomodo
1008 1860 1106 1934 enim
1133 1865 1251 1954 potest
1271 1859 1488 1933 sanctificari
1506 1859 1570 1952 qui

400 1986 454 2055 est
480 1986 627 2055 sanctus
652 1985 889 2055 sanctorum?
916 1984 1021 2074 poeta
1040 1981 1109 2054 hoo
1130 1979 1303 2073 declarat,
1325 1956 1468 2054 didens:
1495 1982 1573 2051 tou·

399 2104 484 2174 doto
517 2104 572 2174 sta
601 2105 629 2174 tt
659 2108 716 2175 tuo
745 2122 847 2174 nome
881 2103 945 2174 e't
974 2108 1032 2173 tuo
1071 2103 1205 2191 autore,
1237 2100 1328 2174 idest
1361 2101 1490 2193 virtus,
1522 2103 1572 2173 da
1678 2085 1682 2095 ’

399 2224 484 2313 opat
516 2228 696 2312 creatura,
730 2222 834 2317 quasi
860 2220 978 2295 dicat:
1006 2221 1062 2294 iac
1094 2241 1160 2294 nos
1189 2220 1241 2295 siu
1272 2220 1408 2314 vivere,
1436 2228 1477 2294 ut
1508 2240 1574 2315 per

401 2362 466 2415 nos
493 2349 528 2416 te
547 2342 707 2417 universi
717 2341 940 2438 glorificent,
960 2347 997 2415 et
1014 2361 1150 2415 nomen
1173 2348 1279 2414 tuum
1304 2341 1572 2417 sanctissimum

400 2462 597 2555 amplietur
624 2462 659 2537 in
686 2463 857 2537 omnibus
894 2463 1025 2558 digne3
1058 2462 1141 2535 ideo
1174 2462 1278 2536 dicit:
1309 2456 1431 2537 com'e'
1458 2466 1573 2554 depno

402 2582 440 2653 di
463 2584 592 2655 render
616 2586 742 2674 pruzia
760 2586 800 2656 ut
814 2591 872 2657 tuo
889 2585 986 2656 dolce
1007 2601 1139 2673 uapore
1148 2607 1164 2673 ,·
1180 2580 1284 2673 idest,
1303 2581 1469 2677 benigna
1485 2604 1574 2678 gra-

404 2701 488 2795 tiae3g
515 2703 572 2777 vei
597 2723 759 2798 expono:
786 2702 1044 2795 sanctificetur,
1071 2700 1173 2794 idest,
1191 2699 1362 2774 firmetur
1388 2703 1423 2774 in
1450 2703 1572 2796 nobis3

404 2828 570 2896 sanctum
598 2823 708 2917 enim,
735 2822 826 2897 idest
853 2822 1020 2915 firmum3
1047 2828 1084 2895 et
1110 2824 1188 2894 haee
1213 2820 1331 2914 prima
1352 2822 1476 2916 petitio
1494 2844 1575 2897 ma·

404 2940 504 3016 xime
529 2942 674 3017 videtur
691 2949 818 3017 contra
837 2943 1024 3037 superbos.
1039 2983 1089 2996 -
1111 2947 1236 3032 vepna.
1256 2940 1326 3015 ista
1343 2949 1398 3033 est
1414 2941 1575 3017 secunda

403 3062 541 3157 petitio,
575 3062 611 3135 in
645 3084 719 3157 qua
757 3069 836 3157 post
871 3060 1182 3136 honorificentiam
1221 3062 1332 3155 patris
1363 3061 1576 3157 adiungitur

404 3202 570 3278 congrua
583 3182 707 3276 petitio
726 3182 956 3275 haereditatis‚
971 3182 1006 3255 in
1021 3204 1094 3276 qua
1108 3180 1300 3277 dirigimus
1313 3203 1381 3256 nos
1392 3182 1429 3255 in
1443 3184 1575 3275 Deum,

403 3302 586 3377 dicentes:
614 3306 780 3376 adueniat
801 3324 949 3394 regnum
975 3309 1089 3375 tuum:
1115 3309 1154 3377 et
1179 3303 1266 3395 quia
1297 3301 1364 3377 ista
1391 3303 1494 3377 litera
1522 3304 1577 3375 vi·

403 3423 517 3497 detur
536 3422 704 3516 obscura,
732 3431 838 3519 poeta
864 3423 977 3518 ipsam
1004 3423 1177 3516 declarat,
1200 3423 1342 3497 dicens:
1372 3429 1488 3515 Vepna
1515 3444 1578 3497 uer

403 3546 463 3616 not
488 3546 524 3615 to
547 3564 635 3636 pure
659 3546 717 3617 det
739 3552 797 3617 tuo
822 3564 945 3635 repro,
967 3544 1070 3638 quasi
1092 3544 1208 3618 dicat:
1227 3565 1300 3619 nou
1320 3544 1479 3638 petimus
1503 3545 1578 3619 huc

404 3662 566 3738 eoetestia
592 3663 769 3757 inclinari,
787 3664 850 3739 sed
869 3662 985 3760 magis
1010 3684 1076 3737 nos
1100 3664 1147 3737 ad
1173 3664 1334 3737 coetestia
1357 3664 1494 3738 elevari
1515 3685 1578 3738 ca·

405 3788 490 3857 tena
505 3782 624 3857 ‘divini
652 3782 809 3877 luminis,
836 3803 920 3877 quae
947 3784 1096 3858 veniens
1112 3804 1133 3857 a
1152 3785 1247 3858 ooeto
1269 3785 1390 3857 trahat
1411 3806 1476 3858 nos
1493 3806 1578 3858 sur-

405 3925 511 3998 sum3
541 3912 579 3979 et
612 3904 773 4000 assignat
801 3925 950 3979 causam
985 3926 1102 3999 quare
1133 3904 1184 3979 sic
1214 3905 1316 3996 dixit,
1346 3905 1492 3979 dicens:
1519 3902 1581 3980 cta*

406 4029 712 4119 autumpnum,
738 4027 876 4121 supple,
904 4026 1042 4117 venire,
1076 4028 1126 4099 ud
1150 4046 1241 4115 essa,
1263 4024 1409 4118 scilicet,
1436 4046 1577 4119 pacem,

406 4149 455 4219 da
480 4149 540 4218 noi
563 4166 629 4218 con
653 4152 736 4218 tutto
761 4153 883 4217 nostro
908 4148 1070 4238 depugno,
1104 4144 1192 4238 quia
1219 4166 1292 4219 non
1323 4151 1379 4219 est
1411 4145 1579 4239 possibile

407 4267 544 4341 homini
569 4266 746 4341 accadens
771 4266 816 4340 ad
846 4286 1000 4362 regnum
1028 4266 1105 4358 Dei,
1127 4265 1192 4338 nisi
1214 4265 1331 4361 gratia
1358 4266 1422 4339 Dei
1448 4287 1580 4361 preve-

407 4386 484 4461 niat
508 4397 545 4462 et
570 4386 759 4481 perveniat
783 4386 828 4461 ad
850 4406 956 4480 eum3
975 4386 1056 4460 ideo
1073 4385 1175 4460 dicit:
1193 4389 1222 4459 s'
1235 4390 1316 4476 etto,
1334 4386 1437 4479 idest,
1455 4386 1484 4460 si
1503 4386 1579 4481 ipsa

408 4527 492 4602 pax,
509 4526 582 4578 non
601 4508 692 4597 urion,
710 4504 855 4598 seilicet,
874 4505 919 4578 ad
947 4526 1023 4579 nos.
1051 4506 1093 4577 Et
1112 4505 1169 4579 hia
1190 4513 1276 4580 nota
1295 4507 1393 4599 quod
1414 4500 1579 4580 Christus

407 4624 576 4720 proponit
609 4624 711 4698 nobis
750 4625 944 4719 praemium
986 4625 1218 4700 beatitudinis
1255 4626 1324 4698 sub
1363 4628 1577 4721 metaphora

407 4746 521 4842 regni.
548 4745 640 4819 Nam
668 4745 704 4819 in
730 4744 840 4818 domo
866 4766 941 4819 una
967 4744 1205 4818 inveniuntur
1231 4747 1436 4820 necessaria
1456 4746 1503 4820 ad
1522 4746 1579 4819 vi-

406 4871 494 4957 tam,
520 4864 584 4939 sed
611 4864 742 4939 matius
768 4864 804 4937 in
831 4864 922 4957 vico,
949 4870 987 4938 et
1011 4864 1149 4959 optime
1173 4866 1210 4938 in
1232 4865 1390 4959 civitate,
1409 4866 1445 4939 in
1464 4886 1579 4961 reguo

407 5005 497 5061 vero
523 4984 873 5079 superabundanter.
902 4985 971 5060 Per
999 5006 1154 5081 reguum
1173 5006 1263 5083 ergo
1285 4986 1442 5082 patimus
1465 4985 1579 5060 beati-

409 5107 584 5200 tudinem,
611 5114 746 5180 statum
773 5108 938 5181 omnium
966 5108 1148 5180 bonorum
1169 5108 1433 5204 aggregatione
1457 5107 1578 5202 perie-
