4542 6842
373 1357 540 1427 cnutus
569 1356 722 1437 NONUS,
752 1358 809 1425 ebt
837 1364 954 1426 tractat
982 1360 1064 1425 dett
1094 1360 1130 1425 in
1158 1379 1266 1425 somno
1297 1360 1450 1443 apparuit
1481 1359 1545 1425 sibi

451 1470 561 1555 cqude
583 1469 726 1553 quoedam
743 1490 812 1553 quc
828 1473 933 1552 ursum
947 1472 1132 1553 exportavit,
1149 1475 1179 1537 ei
1198 1477 1367 1555 postquam
1389 1472 1544 1538 arctatus

450 1587 498 1649 cst
519 1582 602 1647 dixit
630 1578 785 1665 Virydiue
806 1581 869 1647 sibi
890 1583 971 1648 sicud
999 1582 1065 1647 baec
1092 1583 1201 1667 aquila
1223 1583 1288 1665 suit
1310 1582 1402 1649 beata
1423 1582 1542 1665 Ictim·

450 1700 480 1761 et
494 1698 609 1777 postea
630 1694 712 1758 sicui
734 1693 1068 1777 appropinquaverunt
1089 1700 1220 1777 portam
1235 1696 1430 1779 purqatcrit
1454 1702 1483 1762 ct
1505 1696 1545 1763 dc

451 1804 562 1889 abydo
591 1804 708 1869 tenenti
736 1802 854 1883 clavem
885 1808 914 1869 ct
940 1802 1066 1869 Dentes
1092 1806 1195 1869 oravit
1218 1812 1331 1888 petens
1359 1808 1389 1871 ei
1421 1808 1545 1872 miseri-

451 1915 598 1993 cordiam,
624 1918 654 1979 ei
673 1913 742 1996 ipse
763 1913 930 1996 descripsit
950 1914 1086 1995 frontem
1108 1913 1214 1981 Danti
1234 1936 1303 1982 cum
1324 1922 1429 1999 spata.

447 2222 552 2391 LA
577 2318 768 2391 concubina
784 2319 823 2391 di
843 2320 960 2391 lt'tcne
985 2320 1109 2391 abdce
1129 2318 1327 2413 Postquam
1346 2314 1420 2413 ad)
1443 2322 1545 2417 prin·

372 2436 466 2533 cipio
483 2436 593 2511 buius
611 2436 691 2511 libri
709 2440 902 2532 hucusque
919 2444 1026 2533 poeta
1043 2445 1169 2514 noster
1186 2442 1355 2516 tractavit
1372 2450 1409 2517 et
1421 2444 1544 2519 deter-

374 2556 527 2633 minavit
550 2556 597 2631 de
622 2556 675 2652 iis,
700 2556 764 2652 qui
788 2556 963 2631 dicuntur
989 2558 1141 2655 relegati
1162 2569 1266 2636 extra
1284 2564 1542 2657 purgatorium

374 2678 411 2751 in
436 2677 739 2774 antipurgatcric,
757 2698 856 2753 nunc
880 2685 1150 2773 consequenter
1175 2679 1212 2752 in
1234 2680 1303 2755 istc
1318 2684 1368 2755 lll
1385 2685 1544 2779 capitulo

373 2798 588 2897 aggreditur
613 2804 811 2873 tractatum
838 2798 916 2874 veri
942 2798 1156 2895 purgatorii,
1176 2798 1214 2873 in
1239 2822 1314 2896 quo
1339 2804 1545 2898 puniuntur
1663 2874 1668 2886 .

375 2924 411 2993 et
436 2924 644 3015 purgantur
677 2918 921 3014 principaliter
956 2918 1019 3013 qui
1053 2928 1300 3013 peccaverunt
1333 2921 1371 2995 in
1404 2931 1544 3019 septem

376 3037 531 3132 peccatis
557 3037 784 3113 mortalibus.
817 3038 866 3112 Et
886 3058 1046 3132 praesens
1070 3038 1270 3133 capitulum
1295 3050 1413 3137 potest
1437 3046 1545 3121 dividi
1675 3059 1677 3063 “

375 3156 412 3231 in
438 3164 600 3253 quatuor
620 3164 742 3254 partes
757 3159 971 3255 generalem
988 3158 1025 3231 in
1043 3158 1161 3253 prima
1180 3180 1339 3253 quarum
1358 3172 1464 3259 poeta
1482 3167 1548 3243 de·

376 3277 499 3353 scribit
524 3298 642 3353 unum
670 3278 836 3355 mirabile
860 3278 1047 3353 somnium
1068 3278 1167 3373 quod
1188 3280 1316 3356 babuit
1340 3282 1378 3357 in
1404 3306 1544 3363 somno.

373 3398 415 3471 ln
440 3397 600 3473 secunda
626 3398 796 3473 describit
821 3398 1161 3494 interpretationem
1195 3400 1338 3495 somnii,
1365 3402 1433 3477 ibi:
1466 3410 1547 3480 Noc

375 3521 571 3593 ulciscenti.
598 3516 638 3589 ln
665 3518 771 3592 tertia
796 3517 966 3595 describit
987 3525 1130 3614 portam
1151 3525 1189 3594 et
1207 3522 1412 3616 portarium
1437 3525 1547 3620 buius

375 3636 589 3735 purgatorii,
615 3637 687 3712 ibi:
713 3642 842 3729 Lettcr,
868 3646 903 3713 tu
929 3642 1007 3711 cedi
1031 3640 1105 3713 ben.
1131 3639 1173 3713 ln
1198 3651 1331 3735 quarta
1357 3650 1395 3718 et
1421 3646 1548 3721 ultima

375 3756 545 3833 describit
569 3776 702 3831 eorum
727 3756 916 3831 introitum
944 3758 980 3831 in
1006 3778 1140 3833 verum
1172 3762 1443 3860 purgatorium,
1474 3766 1547 3841 ibi:

380 3882 508 3952 decere
537 3898 559 3949 o
591 3884 699 3951 terra.
730 3876 784 3951 Ad
817 3877 978 3972 primum
1012 3878 1162 3953 veniens
1190 3879 1282 3975 dico,
1313 3884 1410 3977 qrrcd
1440 3894 1548 3982 poeta

378 3995 548 4071 describit
577 4016 693 4070 unum
725 3996 892 4071 mirabile
917 3997 1121 4093 somnium3
1149 4000 1247 4074 unde
1275 4004 1422 4079 attende
1447 4010 1548 4101 quod

379 4117 475 4193 istud
492 4117 692 4213 capitulum
720 4126 775 4193 est
798 4115 904 4193 valde
930 4118 1074 4195 difficile
1091 4126 1128 4195 et
1145 4119 1288 4223 subtile,
1306 4121 1388 4197 ideo
1413 4128 1549 4220 peteris

379 4237 505 4313 videre
536 4235 566 4311 si
594 4235 728 4312 Dentes
760 4235 829 4310 luit
857 4236 1031 4313 mirabilis
1056 4244 1175 4333 poeta.
1198 4239 1331 4315 Volens
1364 4263 1454 4341 ergo
1484 4247 1549 4323 de·

379 4356 543 4433 scribere
568 4356 752 4431 somnium
779 4356 899 4454 prime
923 4359 1111 4454 praemittit
1136 4381 1320 4456 somnum,
1342 4363 1549 4443 describens

379 4480 509 4553 horem
537 4476 809 4573 temporisque
839 4476 1083 4575 obdormivit3
1113 4489 1151 4555 et
1181 4484 1443 4562 sententialiter
1475 4511 1549 4564 non

380 4598 460 4676 vult
476 4596 575 4673 aliud
595 4598 728 4693 dicere,
747 4598 813 4673 nisi
831 4598 930 4693 quod
955 4599 1052 4676 dedit
1071 4621 1111 4677 se
1128 4622 1270 4698 somno,
1291 4604 1462 4701 exigente
1480 4631 1549 4685 nu·

380 4727 476 4811 tura,
494 4718 592 4794 circa
613 4718 723 4794 finem
749 4718 866 4795 tertiae
891 4720 993 4793 borae
1014 4721 1129 4795 noetis
1146 4722 1252 4819 *jam
1279 4735 1454 4821 surgente
1479 4751 1548 4804 au-

379 4860 463 4915 rore
490 4841 600 4935 lunc,
626 4860 711 4935 quae
736 4840 773 4914 in
798 4850 931 4936 quartu
958 4841 1048 4915 born
1071 4835 1269 4937 noctis*(²)
1287 4866 1466 4941 apparere
1483 4853 1549 4929 de-

440 5024 470 5087 (¹)
485 5024 515 5075 B.
531 5038 546 5075 n
563 5024 690 5089 prlnclptc
706 5025 773 5077 libri.

442 5100 470 5165 (¹)
485 5102 522 5153 Lo
538 5102 627 5165 prrolc
642 5102 682 5153 irs
699 5104 708 5154 l
724 5104 775 5155 duc
789 5103 922 5155 uurbcbt
938 5116 985 5155 son
1002 5102 1113 5167 supplice
1130 5104 1200 5169 duell
1214 5105 1275 5158 utut
1290 5108 1358 5159 lectt.
