4542 6842
844 965 983 1023 caurus
1007 965 1136 1023 nouus.
1501 956 1573 1025 263

401 1114 452 1191 ab
467 1113 569 1190 omni
585 1113 717 1207 dubi03
738 1118 771 1187 et
789 1116 824 1187 to
844 1115 990 1205 direlro,
1007 1111 1148 1208 supple,
1165 1112 1265 1188 movi
1283 1133 1356 1209 me,
1374 1116 1475 1189 incer
1491 1119 1575 1191 Γαῖ-

405 1242 502 1327 ture,
526 1234 623 1309 illius
647 1234 755 1309 scalae
778 1235 873 1309 alte.

479 1360 606 1448 maor,
632 1363 668 1430 tu
693 1356 771 1429 cedi
794 1355 867 1427 ben.
893 1352 966 1429 lsta
990 1359 1046 1427 est
1075 1351 1182 1428 tertia
1205 1372 1291 1448 pars
1319 1356 1512 1451 generalis,
1537 1356 1576 1431 in

404 1496 480 1571 qua
504 1482 613 1572 poeta
637 1473 807 1551 describit
832 1481 975 1570 portam
997 1480 1035 1549 et
1055 1473 1259 1570 portarium
1286 1477 1507 1572 purgatorii3
1538 1484 1575 1551 et

406 1594 496 1691 quia
515 1596 595 1692 jam
613 1594 697 1671 lecit
713 1595 859 1690 palmas
877 1602 913 1669 et
929 1592 1144 1669 artificiosas
1164 1594 1339 1689 fictiones,
1356 1602 1394 1671 et
1411 1595 1576 1671 tacturus

404 1724 461 1795 est
486 1716 575 1791 alias
597 1715 635 1791 in
661 1715 728 1791 ista
746 1714 912 1808 matoria,
930 1712 1012 1789 ideo
1036 1713 1152 1787 reddit
1169 1714 1374 1790 auditorem
1392 1721 1574 1791 attentum

404 1837 452 1917 ad
477 1834 668 1931 sequentia
693 1834 930 1931 magnificans
944 1826 981 1927 (¹)
1009 1853 1222 1928 processum
1248 1855 1371 1908 suum.
1392 1835 1495 1909 Unde
1520 1836 1577 1909 di-

403 1958 479 2033 cit:
502 1962 533 2033 O
557 1960 671 2048 uuor,
697 1963 732 2029 tu
758 1957 836 2029 cedi
860 1954 936 2046 ben,
954 1953 1056 2048 idest,
1078 1952 1230 2029 faciliter
1256 1954 1382 2031 videre
1404 1956 1516 2031 debes
1540 1963 1578 2031 et

405 2083 507 2171 potes
532 2096 578 2151 ex
600 2076 679 2170 J'am
703 2074 818 2167 dictis,
842 2076 977 2147 com’to
999 2076 1158 2165 boabo,
1175 2074 1276 2167 idest,
1300 2076 1434 2169 exalto,
1452 2079 1488 2150 la
1505 2081 1578 2149 mic

406 2199 571 2287 macria,
594 2194 799 2271 secundum
830 2194 928 2289 quod
953 2193 1062 2268 allius
1085 2194 1245 2271 ascendo
1265 2216 1331 2291 per
1357 2203 1533 2291 montem,
1559 2219 1579 2269 e
1628 2222 1631 2227 ·

400 2309 492 2411 perd
516 2336 589 2389 rwu
614 2318 639 2388 o·
663 2318 899 2407 manenter
922 2317 952 2388 ε’
963 2318 999 2389 io
1024 2318 1060 2389 lu
1085 2318 1257 2409 rincalzo,
1277 2316 1382 2411 idest,
1404 2316 1576 2392 sullulcio

404 2444 442 2513 et
471 2435 609 2530 munio,
635 2456 701 2511 con
723 2430 788 2528 pu
818 2442 908 2527 crte,
935 2434 1082 2531 scilicet,
1108 2435 1314 2513 fictionibus
1343 2436 1461 2533 magis
1484 2437 1577 2512 arti·

407 2555 539 2633 liciosis
563 2561 600 2631 et
625 2554 862 2631 sententiosis.
889 2554 992 2631 Unde
1017 2563 1104 2633 nota
1120 2555 1179 2631 bic
1200 2556 1298 2650 quod
1323 2557 1577 2653 antipurgato-

402 2662 506 2753 ‘rium
533 2674 600 2750 luit
625 2674 779 2751 materia
797 2676 904 2770 plana
929 2681 967 2751 et
992 2666 1155 2767 lacilist²t
1174 2682 1340 2770 respectu
1363 2675 1577 2774 purgatorii,

405 2802 444 2873 et
470 2796 516 2871 ita
544 2794 899 2892 post-purgatorium
921 2794 991 2869 erit
1007 2794 1163 2869 materia
1179 2794 1390 2871 difficillima
1407 2806 1575 2891 respectu

405 2914 621 3013 purgatorii,
637 2922 682 2991 ut
706 2913 843 2990 videbis
864 2915 901 2987 in
927 2934 1111 3010 processu.
1126 2952 1176 2967 -
1188 2918 1266 3019 Not.
1289 2914 1354 2989 llic
1369 2922 1477 3010 poeta
1496 2923 1578 2991 tan-

407 3036 460 3135 git
484 3056 673 3113 accessum
700 3055 830 3109 eorum
857 3034 903 3109 ad
928 3034 1138 3130 proximum
1165 3035 1434 3131 purgatorium,
1452 3042 1489 3109 et
1513 3036 1578 3111 de-

407 3155 532 3233 scribit
557 3161 702 3251 portam
727 3161 765 3229 et
789 3152 992 3249 portarium
1011 3152 1047 3230 in
1066 3152 1250 3249 generali3
1271 3155 1369 3231 unde
1390 3141 1492 3229 dicit:
1511 3159 1582 3229 Not

408 3280 731 3371 ctappressammo,
744 3274 889 3371 scilicet,
903 3274 952 3349 illi
965 3273 1094 3369 balcio,
1108 3282 1141 3349 et
1156 3295 1324 3349 eravamo
1335 3279 1372 3349 tn
1383 3284 1504 3369 pore,
1516 3279 1578 3349 cte

408 3387 447 3473 ld
463 3399 552 3473 douc
561 3400 727 3490 pareamt
736 3399 859 3489 mma
874 3416 923 3469 un
942 3400 1047 3487 rotto,
1065 3394 1212 3489 scilicet,
1229 3400 1314 3470 ante
1329 3400 1474 3490 portam
1495 3417 1580 3491 quae

407 3524 488 3593 erat
512 3523 643 3595 cavata
667 3516 705 3592 in
732 3521 856 3591 monte
881 3515 1007 3610 tracto,
1030 3535 1053 3591 a
1074 3513 1192 3607 simili,
1207 3534 1278 3607 patr
1301 3534 1398 3588 corne
1415 3536 1464 3589 ua
1486 3521 1581 3610 sesso

406 3639 467 3713 clte
491 3639 628 3730 doberto
645 3656 759 3728 norro,
777 3634 879 3729 idest,
897 3634 1021 3710 dividit
1037 3654 1105 3730 pro
1122 3632 1288 3709 iaciendo
1310 3642 1466 3729 portam,
1484 3636 1580 3711 sicut

408 3777 506 3853 saepe
532 3754 571 3830 bt
595 3755 633 3831 in
658 3756 774 3831 muris
796 3754 929 3832 nostris
946 3754 1093 3849 quando
1111 3754 1285 3829 volumus
1303 3754 1427 3831 lacere
1444 3774 1577 3830 novam

408 3885 578 3974 portam
603 3882 641 3952 et
665 3896 763 3969 ecce,
786 3878 859 3951 uidi
881 3896 954 3951 unc
968 3880 1088 3968 porto,
1114 3896 1133 3949 e
1158 3882 1211 3949 tre
1226 3878 1335 3966 cradi
1350 3879 1389 3951 di
1404 3883 1494 3951 sotto
1513 3899 1581 3969 per

408 4000 486 4089 nire
506 3998 555 4071 cd
573 4016 665 4087 esso,
691 3994 777 4089 quia
802 3994 881 4070 sine
903 3994 979 4070 istis
996 4014 1071 4068 non
1088 4001 1206 4089 potest
1224 3995 1306 4089 quis
1323 4002 1424 4071 recte
1441 3996 1581 4071 intrare

411 4116 678 4214 purgatorium,
704 4118 742 4189 di
769 4118 868 4189 color
891 4117 1033 4207 ἀίυενεί,
1059 4122 1101 4189 ut
1126 4115 1247 4190 statim
1278 4115 1433 4211 dicetur,
1467 4125 1501 4191 et
1532 4138 1580 4191 un

407 4240 556 4331 porto,
573 4235 636 4330 qui
654 4241 735 4311 erat
752 4256 848 4311 uuus
867 4236 1033 4331 angelus,
1050 4238 1101 4311 cb'
1115 4258 1227 4309 ducor
1244 4258 1315 4309 uon
1329 4240 1434 4331 facea
1459 4244 1577 4329 molto,

410 4356 448 4431 in
472 4376 548 4449 quo
573 4354 738 4451 designat
762 4354 990 4431 sacerdotem
1016 4356 1275 4433 consessorem.
1293 4356 1338 4430 Et
1356 4356 1526 4431 describit
1543 4358 1581 4431 in

409 4476 555 4573 speciali
573 4476 689 4571 ipsum
708 4474 913 4572 portarium
931 4475 979 4550 ab
996 4476 1210 4553 excellentia
1228 4483 1266 4551 et
1282 4476 1421 4570 babitu,
1437 4476 1577 4552 dicens:

409 4620 428 4671 c
452 4618 548 4671 come
573 4597 725 4671 locello
744 4590 808 4689 ptri
832 4616 851 4669 e
872 4589 934 4688 pit
960 4597 991 4669 v'
1004 4598 1135 4688 apere,
1159 4595 1262 4690 idest,
1286 4603 1436 4671 etcum
1461 4596 1580 4691 magis

409 4724 447 4792 et
472 4715 588 4813 magis
613 4714 749 4791 intendi
774 4714 925 4791 oculum
959 4713 1242 4793 intellectualem
1275 4715 1322 4791 ad
1351 4716 1588 4799 cernendum¹

409 4837 542 4933 ipsum,
569 4837 654 4909 nidd
675 4836 776 4909 seder
799 4854 910 4927 sopra
922 4836 947 4909 'l
969 4837 1087 4926 orado
1106 4856 1278 4928 soprcno,
1295 4835 1441 4929 scilicet,
1458 4835 1579 4929 tertio,

473 5044 500 5107 (Ι)
516 5044 541 5095 S.
558 5045 709 5109 significans.

471 5124 497 5183 l'i
514 5122 544 5173 E·
561 5120 642 5172 tuellis
658 5128 776 5187 respsuu
792 5122 942 5187 purgatorii,
959 5127 990 5173 ut
1006 5122 1101 5176 rldcbls
1117 5122 1144 5173 tn
1161 5136 1291 5187 messem.
1301 5149 1333 5163 -
1343 5122 1399 5174 Not.
