<?xml version="1.0" encoding="UTF-8"?>
<!DOCTYPE html PUBLIC "-//W3C//DTD XHTML 1.0 Transitional//EN"
    "http://www.w3.org/TR/xhtml1/DTD/xhtml1-transitional.dtd">
<html xmlns="http://www.w3.org/1999/xhtml" xml:lang="en" lang="en">
 <head>
  <title>
</title>
<meta http-equiv="Content-Type" content="text/html;charset=utf-8" />
  <meta name='ocr-system' content='tesseract 3.04.00' />
  <meta name='ocr-capabilities' content='ocr_page ocr_carea ocr_par ocr_line ocrx_word'/>
</head>
<body>
  <div class='ocr_page' id='page_1' title='image "./comentumsuperda01unkngoog_0136.png"; bbox 0 0 4542 6842; ppageno 0'>
   <div class='ocr_carea' id='block_1_1' title="bbox 713 989 1526 1056">
    <p class='ocr_par' dir='ltr' id='par_1_1' title="bbox 713 989 1526 1056">
     <span class='ocr_line' id='line_1_1' title="bbox 713 989 1526 1056; baseline -0.007 0"><span class='ocrx_word' id='word_1_1' title='bbox 713 989 783 1056; x_wconf 74' lang='lat'><strong>122</strong></span> <span class='ocrx_word' id='word_1_2' title='bbox 1077 998 1281 1055; x_wconf 81' lang='lat' dir='ltr'><strong>counnruu</strong></span> <span class='ocrx_word' id='word_1_3' title='bbox 1305 999 1526 1055; x_wconf 72' lang='lat' dir='ltr'><strong>runourorur</strong></span> 
     </span>
    </p>
   </div>
   <div class='ocr_carea' id='block_1_2' title="bbox 707 1140 1913 4487">
    <p class='ocr_par' dir='ltr' id='par_1_2' title="bbox 707 1140 1913 4487">
     <span class='ocr_line' id='line_1_2' title="bbox 710 1140 1883 1241; baseline -0.002 -20"><span class='ocrx_word' id='word_1_4' title='bbox 710 1146 774 1221; x_wconf 90' lang='lat' dir='ltr'><strong>sed</strong></span> <span class='ocrx_word' id='word_1_5' title='bbox 800 1166 867 1241; x_wconf 92' lang='lat' dir='ltr'><strong>per</strong></span> <span class='ocrx_word' id='word_1_6' title='bbox 891 1144 1147 1241; x_wconf 89' lang='lat' dir='ltr'><strong>purgatorium</strong></span> <span class='ocrx_word' id='word_1_7' title='bbox 1175 1166 1366 1240; x_wconf 85' lang='lat' dir='ltr'><strong>nunquam</strong></span> <span class='ocrx_word' id='word_1_8' title='bbox 1395 1144 1552 1239; x_wconf 89' lang='lat' dir='ltr'><strong>portabit</strong></span> <span class='ocrx_word' id='word_1_9' title='bbox 1577 1144 1709 1239; x_wconf 91' lang='lat' dir='ltr'><strong>ipsum.</strong></span> <span class='ocrx_word' id='word_1_10' title='bbox 1741 1145 1812 1220; x_wconf 89' lang='lat' dir='ltr'><strong>Sed</strong></span> <span class='ocrx_word' id='word_1_11' title='bbox 1836 1140 1883 1219; x_wconf 89' lang='lat' dir='ltr'><strong>ad</strong></span> 
     </span>
     <span class='ocr_line' id='line_1_3' title="bbox 711 1264 1884 1361; baseline 0 -22"><span class='ocrx_word' id='word_1_12' title='bbox 711 1264 984 1361; x_wconf 77' lang='lat' dir='ltr'><strong>intelligentiam</strong></span> <span class='ocrx_word' id='word_1_13' title='bbox 1004 1264 1115 1338; x_wconf 88' lang='lat' dir='ltr'><strong>huius</strong></span> <span class='ocrx_word' id='word_1_14' title='bbox 1131 1266 1413 1360; x_wconf 88' lang='lat' dir='ltr'><strong>comparationis</strong></span> <span class='ocrx_word' id='word_1_15' title='bbox 1424 1266 1537 1340; x_wconf 67' lang='lat' dir='ltr'><strong>&#39;debes</strong></span> <span class='ocrx_word' id='word_1_16' title='bbox 1551 1272 1681 1340; x_wconf 85' lang='lat' dir='ltr'><strong>notare</strong></span> <span class='ocrx_word' id='word_1_17' title='bbox 1698 1266 1798 1359; x_wconf 91' lang='lat' dir='ltr'><strong>quod</strong></span> <span class='ocrx_word' id='word_1_18' title='bbox 1816 1264 1884 1341; x_wconf 85' lang='lat' dir='ltr'><strong>tria</strong></span> 
     </span>
     <span class='ocr_line' id='line_1_4' title="bbox 710 1384 1885 1482; baseline 0 -23"><span class='ocrx_word' id='word_1_19' title='bbox 710 1392 796 1459; x_wconf 90' lang='lat' dir='ltr'><strong>sunt</strong></span> <span class='ocrx_word' id='word_1_20' title='bbox 822 1384 1066 1461; x_wconf 84' lang='lat' dir='ltr'><strong>instrumenta</strong></span> <span class='ocrx_word' id='word_1_21' title='bbox 1092 1385 1229 1481; x_wconf 88' lang='lat' dir='ltr'><strong>quibus</strong></span> <span class='ocrx_word' id='word_1_22' title='bbox 1253 1386 1503 1461; x_wconf 91' lang='lat' dir='ltr'><strong>communiter</strong></span> <span class='ocrx_word' id='word_1_23' title='bbox 1524 1391 1683 1459; x_wconf 90' lang='lat' dir='ltr'><strong>utuntur</strong></span> <span class='ocrx_word' id='word_1_24' title='bbox 1699 1386 1885 1482; x_wconf 75' lang='lat' dir='ltr'><strong>astrologi,</strong></span> 
     </span>
     <span class='ocr_line' id='line_1_5' title="bbox 708 1504 1884 1601; baseline -0.001 -21"><span class='ocrx_word' id='word_1_25' title='bbox 708 1504 856 1599; x_wconf 89' lang='lat' dir='ltr'><strong>scilicet,</strong></span> <span class='ocrx_word' id='word_1_26' title='bbox 875 1526 982 1601; x_wconf 86' lang='lat' dir='ltr'><strong>spera</strong></span> <span class='ocrx_word' id='word_1_27' title='bbox 1001 1504 1197 1581; x_wconf 88' lang='lat' dir='ltr'><strong>materialis</strong></span> <span class='ocrx_word' id='word_1_28' title='bbox 1214 1526 1410 1601; x_wconf 86' lang='lat' dir='ltr'><strong>perquam</strong></span> <span class='ocrx_word' id='word_1_29' title='bbox 1430 1505 1627 1595; x_wconf 87' lang='lat' dir='ltr'><strong>ostendunt</strong></span> <span class='ocrx_word' id='word_1_30' title='bbox 1650 1526 1785 1601; x_wconf 90' lang='lat' dir='ltr'><strong>corpus</strong></span> <span class='ocrx_word' id='word_1_31' title='bbox 1801 1504 1884 1581; x_wconf 80' lang='lat' dir='ltr'><strong>coell</strong></span> 
     </span>
     <span class='ocr_line' id='line_1_6' title="bbox 708 1626 1886 1723; baseline 0.002 -22"><span class='ocrx_word' id='word_1_32' title='bbox 708 1644 796 1701; x_wconf 92' lang='lat' dir='ltr'><strong>cum</strong></span> <span class='ocrx_word' id='word_1_33' title='bbox 822 1626 967 1701; x_wconf 89' lang='lat' dir='ltr'><strong>circulis</strong></span> <span class='ocrx_word' id='word_1_34' title='bbox 992 1627 1079 1720; x_wconf 84' lang='lat' dir='ltr'><strong>suis,</strong></span> <span class='ocrx_word' id='word_1_35' title='bbox 1105 1626 1212 1701; x_wconf 90' lang='lat' dir='ltr'><strong>cuius</strong></span> <span class='ocrx_word' id='word_1_36' title='bbox 1244 1627 1402 1723; x_wconf 85' lang='lat' dir='ltr'><strong>cognitio</strong></span> <span class='ocrx_word' id='word_1_37' title='bbox 1433 1632 1487 1702; x_wconf 91' lang='lat' dir='ltr'><strong>est</strong></span> <span class='ocrx_word' id='word_1_38' title='bbox 1518 1628 1724 1701; x_wconf 84' lang='lat' dir='ltr'><strong>necessaria</strong></span> <span class='ocrx_word' id='word_1_39' title='bbox 1749 1627 1794 1701; x_wconf 87' lang='lat' dir='ltr'><strong>ad</strong></span> <span class='ocrx_word' id='word_1_40' title='bbox 1821 1648 1886 1703; x_wconf 93' lang='lat' dir='ltr'><strong>co·</strong></span> 
     </span>
     <span class='ocr_line' id='line_1_7' title="bbox 709 1746 1882 1845; baseline 0.001 -25"><span class='ocrx_word' id='word_1_41' title='bbox 709 1746 910 1845; x_wconf 89' lang='lat' dir='ltr'><strong>gnitionem</strong></span> <span class='ocrx_word' id='word_1_42' title='bbox 949 1753 1159 1845; x_wconf 83' lang='lat' dir='ltr'><strong>poetarum:</strong></span> <span class='ocrx_word' id='word_1_43' title='bbox 1197 1747 1401 1822; x_wconf 88' lang='lat' dir='ltr'><strong>secundum</strong></span> <span class='ocrx_word' id='word_1_44' title='bbox 1439 1753 1595 1821; x_wconf 87' lang='lat' dir='ltr'><strong>vocatur</strong></span> <span class='ocrx_word' id='word_1_45' title='bbox 1629 1748 1882 1843; x_wconf 87' lang='lat' dir='ltr'><strong>astrolabium,</strong></span> 
     </span>
     <span class='ocr_line' id='line_1_8' title="bbox 710 1866 1884 1964; baseline 0.002 -23"><span class='ocrx_word' id='word_1_46' title='bbox 710 1868 809 1962; x_wconf 88' lang='lat' dir='ltr'><strong>quod</strong></span> <span class='ocrx_word' id='word_1_47' title='bbox 835 1876 891 1943; x_wconf 87' lang='lat' dir='ltr'><strong>est</strong></span> <span class='ocrx_word' id='word_1_48' title='bbox 915 1868 1202 1942; x_wconf 84' lang='lat' dir='ltr'><strong>instrumentum</strong></span> <span class='ocrx_word' id='word_1_49' title='bbox 1229 1867 1411 1964; x_wconf 89' lang='lat' dir='ltr'><strong>spericum</strong></span> <span class='ocrx_word' id='word_1_50' title='bbox 1443 1875 1543 1942; x_wconf 87' lang='lat' dir='ltr'><strong>recte</strong></span> <span class='ocrx_word' id='word_1_51' title='bbox 1572 1866 1618 1941; x_wconf 86' lang='lat' dir='ltr'><strong>ad</strong></span> <span class='ocrx_word' id='word_1_52' title='bbox 1650 1869 1801 1943; x_wconf 93' lang='lat' dir='ltr'><strong>modum</strong></span> <span class='ocrx_word' id='word_1_53' title='bbox 1827 1871 1884 1943; x_wconf 86' lang='lat' dir='ltr'><strong>in·</strong></span> 
     </span>
     <span class='ocr_line' id='line_1_9' title="bbox 709 1986 1881 2083; baseline 0 -20"><span class='ocrx_word' id='word_1_54' title='bbox 709 1986 841 2082; x_wconf 85' lang='lat' dir='ltr'><strong>cisorii,</strong></span> <span class='ocrx_word' id='word_1_55' title='bbox 868 1988 904 2061; x_wconf 92' lang='lat' dir='ltr'><strong>in</strong></span> <span class='ocrx_word' id='word_1_56' title='bbox 930 2010 1005 2081; x_wconf 89' lang='lat' dir='ltr'><strong>quo</strong></span> <span class='ocrx_word' id='word_1_57' title='bbox 1036 1988 1241 2062; x_wconf 86' lang='lat' dir='ltr'><strong>ostenditur</strong></span> <span class='ocrx_word' id='word_1_58' title='bbox 1270 1996 1345 2063; x_wconf 85' lang='lat' dir='ltr'><strong>tota</strong></span> <span class='ocrx_word' id='word_1_59' title='bbox 1377 1988 1561 2083; x_wconf 84' lang='lat' dir='ltr'><strong>dispositio</strong></span> <span class='ocrx_word' id='word_1_60' title='bbox 1591 1988 1698 2063; x_wconf 84' lang='lat' dir='ltr'><strong>coeli:</strong></span> <span class='ocrx_word' id='word_1_61' title='bbox 1733 1990 1881 2064; x_wconf 90' lang='lat' dir='ltr'><strong>tertium</strong></span> 
     </span>
     <span class='ocr_line' id='line_1_10' title="bbox 710 2109 1885 2205; baseline 0.002 -23"><span class='ocrx_word' id='word_1_62' title='bbox 710 2114 865 2183; x_wconf 87' lang='lat' dir='ltr'><strong>vocatur</strong></span> <span class='ocrx_word' id='word_1_63' title='bbox 890 2109 1086 2202; x_wconf 86' lang='lat' dir='ltr'><strong>quadrans,</strong></span> <span class='ocrx_word' id='word_1_64' title='bbox 1108 2115 1146 2182; x_wconf 91' lang='lat' dir='ltr'><strong>et</strong></span> <span class='ocrx_word' id='word_1_65' title='bbox 1171 2116 1227 2184; x_wconf 91' lang='lat' dir='ltr'><strong>est</strong></span> <span class='ocrx_word' id='word_1_66' title='bbox 1251 2116 1383 2203; x_wconf 90' lang='lat' dir='ltr'><strong>quarta</strong></span> <span class='ocrx_word' id='word_1_67' title='bbox 1412 2130 1496 2205; x_wconf 85' lang='lat' dir='ltr'><strong>pars</strong></span> <span class='ocrx_word' id='word_1_68' title='bbox 1522 2109 1720 2204; x_wconf 83' lang='lat' dir='ltr'><strong>astrolabii,</strong></span> <span class='ocrx_word' id='word_1_69' title='bbox 1747 2110 1782 2183; x_wconf 93' lang='lat' dir='ltr'><strong>in</strong></span> <span class='ocrx_word' id='word_1_70' title='bbox 1809 2131 1885 2205; x_wconf 91' lang='lat' dir='ltr'><strong>quo</strong></span> 
     </span>
     <span class='ocr_line' id='line_1_11' title="bbox 709 2228 1882 2323; baseline 0.002 -21"><span class='ocrx_word' id='word_1_71' title='bbox 709 2228 917 2303; x_wconf 87' lang='lat' dir='ltr'><strong>continetur</strong></span> <span class='ocrx_word' id='word_1_72' title='bbox 942 2228 1104 2303; x_wconf 88' lang='lat' dir='ltr'><strong>breviter</strong></span> <span class='ocrx_word' id='word_1_73' title='bbox 1121 2228 1295 2323; x_wconf 88' lang='lat' dir='ltr'><strong>quicquid</strong></span> <span class='ocrx_word' id='word_1_74' title='bbox 1319 2235 1374 2304; x_wconf 89' lang='lat' dir='ltr'><strong>est</strong></span> <span class='ocrx_word' id='word_1_75' title='bbox 1393 2230 1427 2303; x_wconf 94' lang='lat' dir='ltr'><strong>in</strong></span> <span class='ocrx_word' id='word_1_76' title='bbox 1446 2230 1655 2305; x_wconf 85' lang='lat' dir='ltr'><strong>astrolabio.</strong></span> <span class='ocrx_word' id='word_1_77' title='bbox 1674 2232 1718 2304; x_wconf 88' lang='lat' dir='ltr'><strong>Et</strong></span> <span class='ocrx_word' id='word_1_78' title='bbox 1739 2237 1780 2305; x_wconf 92' lang='lat' dir='ltr'><strong>ut</strong></span> <span class='ocrx_word' id='word_1_79' title='bbox 1798 2232 1882 2307; x_wconf 88' lang='lat' dir='ltr'><strong>dem</strong></span> 
     </span>
     <span class='ocr_line' id='line_1_12' title="bbox 708 2347 1913 2444; baseline -0.002 -22"><span class='ocrx_word' id='word_1_80' title='bbox 708 2347 920 2441; x_wconf 80' lang='lat' dir='ltr'><strong>exemplum</strong></span> <span class='ocrx_word' id='word_1_81' title='bbox 945 2369 1129 2444; x_wconf 83' lang='lat' dir='ltr'><strong>grossum,</strong></span> <span class='ocrx_word' id='word_1_82' title='bbox 1155 2349 1251 2423; x_wconf 91' lang='lat' dir='ltr'><strong>istud</strong></span> <span class='ocrx_word' id='word_1_83' title='bbox 1277 2350 1565 2424; x_wconf 88' lang='lat' dir='ltr'><strong>instrumentum</strong></span> <span class='ocrx_word' id='word_1_84' title='bbox 1585 2356 1641 2425; x_wconf 90' lang='lat' dir='ltr'><strong>est</strong></span> <span class='ocrx_word' id='word_1_85' title='bbox 1664 2358 1765 2425; x_wconf 90' lang='lat' dir='ltr'><strong>recte</strong></span> <span class='ocrx_word' id='word_1_86' title='bbox 1790 2351 1883 2425; x_wconf 91' lang='lat' dir='ltr'><strong>sicut</strong></span> <span class='ocrx_word' id='word_1_87' title='bbox 1910 2412 1913 2419; x_wconf 92' lang='lat'><em>.</em></span> 
     </span>
     <span class='ocr_line' id='line_1_13' title="bbox 708 2466 1884 2565; baseline 0.005 -25"><span class='ocrx_word' id='word_1_88' title='bbox 708 2466 739 2541; x_wconf 93' lang='lat' dir='ltr'><strong>si</strong></span> <span class='ocrx_word' id='word_1_89' title='bbox 763 2466 901 2541; x_wconf 82' lang='lat' dir='ltr'><strong>dividas</strong></span> <span class='ocrx_word' id='word_1_90' title='bbox 926 2488 1044 2541; x_wconf 93' lang='lat' dir='ltr'><strong>unum</strong></span> <span class='ocrx_word' id='word_1_91' title='bbox 1071 2468 1283 2543; x_wconf 87' lang='lat' dir='ltr'><strong>incisorium</strong></span> <span class='ocrx_word' id='word_1_92' title='bbox 1310 2470 1347 2543; x_wconf 93' lang='lat' dir='ltr'><strong>in</strong></span> <span class='ocrx_word' id='word_1_93' title='bbox 1373 2475 1536 2562; x_wconf 86' lang='lat' dir='ltr'><strong>quatuor</strong></span> <span class='ocrx_word' id='word_1_94' title='bbox 1552 2470 1739 2564; x_wconf 87' lang='lat' dir='ltr'><strong>quarteria</strong></span> <span class='ocrx_word' id='word_1_95' title='bbox 1758 2490 1884 2565; x_wconf 85' lang='lat' dir='ltr'><strong>aequa·</strong></span> 
     </span>
     <span class='ocr_line' id='line_1_14' title="bbox 708 2587 1881 2691; baseline 0.004 -31"><span class='ocrx_word' id='word_1_96' title='bbox 708 2587 773 2661; x_wconf 87' lang='lat' dir='ltr'><strong>lia:</strong></span> <span class='ocrx_word' id='word_1_97' title='bbox 800 2609 875 2661; x_wconf 92' lang='lat' dir='ltr'><strong>una</strong></span> <span class='ocrx_word' id='word_1_98' title='bbox 902 2608 986 2682; x_wconf 85' lang='lat' dir='ltr'><strong>pars</strong></span> <span class='ocrx_word' id='word_1_99' title='bbox 1011 2588 1204 2662; x_wconf 85' lang='lat' dir='ltr'><strong>vocabitur</strong></span> <span class='ocrx_word' id='word_1_100' title='bbox 1230 2589 1426 2684; x_wconf 83' lang='lat' dir='ltr'><strong>quadrans.</strong></span> <span class='ocrx_word' id='word_1_101' title='bbox 1453 2589 1558 2691; x_wconf 87' lang='lat' dir='ltr'><strong>llodo</strong></span> <span class='ocrx_word' id='word_1_102' title='bbox 1583 2589 1629 2665; x_wconf 88' lang='lat' dir='ltr'><strong>ud</strong></span> <span class='ocrx_word' id='word_1_103' title='bbox 1654 2590 1881 2685; x_wconf 86' lang='lat' dir='ltr'><strong>propositum</strong></span> 
     </span>
     <span class='ocr_line' id='line_1_15' title="bbox 708 2708 1882 2805; baseline 0.005 -24"><span class='ocrx_word' id='word_1_104' title='bbox 708 2708 746 2781; x_wconf 91' lang='lat' dir='ltr'><strong>in</strong></span> <span class='ocrx_word' id='word_1_105' title='bbox 774 2708 844 2781; x_wconf 93' lang='lat' dir='ltr'><strong>isto</strong></span> <span class='ocrx_word' id='word_1_106' title='bbox 874 2709 1079 2801; x_wconf 79' lang='lat' dir='ltr'><strong>quadrante</strong></span> <span class='ocrx_word' id='word_1_107' title='bbox 1109 2714 1165 2783; x_wconf 88' lang='lat' dir='ltr'><strong>est</strong></span> <span class='ocrx_word' id='word_1_108' title='bbox 1200 2730 1271 2784; x_wconf 91' lang='lat' dir='ltr'><strong>una</strong></span> <span class='ocrx_word' id='word_1_109' title='bbox 1309 2710 1402 2783; x_wconf 89' lang='lat' dir='ltr'><strong>linea</strong></span> <span class='ocrx_word' id='word_1_110' title='bbox 1436 2709 1553 2784; x_wconf 93' lang='lat' dir='ltr'><strong>media</strong></span> <span class='ocrx_word' id='word_1_111' title='bbox 1589 2731 1673 2803; x_wconf 83' lang='lat' dir='ltr'><strong>quae</strong></span> <span class='ocrx_word' id='word_1_112' title='bbox 1703 2710 1825 2805; x_wconf 85' lang='lat' dir='ltr'><strong>incipit</strong></span> <span class='ocrx_word' id='word_1_113' title='bbox 1860 2732 1882 2787; x_wconf 86' lang='lat' dir='ltr'><strong>a</strong></span> 
     </span>
     <span class='ocr_line' id='line_1_16' title="bbox 709 2828 1882 2925; baseline 0.002 -22"><span class='ocrx_word' id='word_1_114' title='bbox 709 2834 848 2920; x_wconf 84' lang='lat' dir='ltr'><strong>centro,</strong></span> <span class='ocrx_word' id='word_1_115' title='bbox 874 2828 976 2923; x_wconf 82' lang='lat' dir='ltr'><strong>idest,</strong></span> <span class='ocrx_word' id='word_1_116' title='bbox 1001 2829 1049 2903; x_wconf 92' lang='lat' dir='ltr'><strong>ab</strong></span> <span class='ocrx_word' id='word_1_117' title='bbox 1079 2828 1137 2903; x_wconf 91' lang='lat' dir='ltr'><strong>illa</strong></span> <span class='ocrx_word' id='word_1_118' title='bbox 1170 2837 1304 2925; x_wconf 86' lang='lat' dir='ltr'><strong>punctu</strong></span> <span class='ocrx_word' id='word_1_119' title='bbox 1336 2836 1444 2903; x_wconf 85' lang='lat' dir='ltr'><strong>acuta</strong></span> <span class='ocrx_word' id='word_1_120' title='bbox 1475 2836 1512 2904; x_wconf 93' lang='lat' dir='ltr'><strong>et</strong></span> <span class='ocrx_word' id='word_1_121' title='bbox 1542 2830 1701 2903; x_wconf 84' lang='lat' dir='ltr'><strong>trahitur</strong></span> <span class='ocrx_word' id='word_1_122' title='bbox 1730 2831 1882 2924; x_wconf 81' lang='lat' dir='ltr'><strong>aequidi·</strong></span> 
     </span>
     <span class='ocr_line' id='line_1_17' title="bbox 710 2949 1881 3042; baseline 0.004 -21"><span class='ocrx_word' id='word_1_123' title='bbox 710 2954 849 3023; x_wconf 81' lang='lat' dir='ltr'><strong>stanter</strong></span> <span class='ocrx_word' id='word_1_124' title='bbox 882 2969 1002 3042; x_wconf 85' lang='lat' dir='ltr'><strong>usque</strong></span> <span class='ocrx_word' id='word_1_125' title='bbox 1036 2949 1083 3023; x_wconf 87' lang='lat' dir='ltr'><strong>ad</strong></span> <span class='ocrx_word' id='word_1_126' title='bbox 1119 2958 1326 3025; x_wconf 84' lang='lat' dir='ltr'><strong>extremam</strong></span> <span class='ocrx_word' id='word_1_127' title='bbox 1361 2950 1717 3042; x_wconf 78' lang='lat' dir='ltr'><strong>circumferentiam3</strong></span> <span class='ocrx_word' id='word_1_128' title='bbox 1752 2960 1790 3025; x_wconf 87' lang='lat' dir='ltr'><strong>ct</strong></span> <span class='ocrx_word' id='word_1_129' title='bbox 1815 2951 1881 3026; x_wconf 85' lang='lat' dir='ltr'><strong>ista</strong></span> 
     </span>
     <span class='ocr_line' id='line_1_18' title="bbox 710 3068 1881 3167; baseline 0.003 -25"><span class='ocrx_word' id='word_1_130' title='bbox 710 3068 817 3161; x_wconf 84' lang='lat' dir='ltr'><strong>linea,</strong></span> <span class='ocrx_word' id='word_1_131' title='bbox 843 3068 871 3142; x_wconf 91' lang='lat' dir='ltr'><strong>si</strong></span> <span class='ocrx_word' id='word_1_132' title='bbox 897 3068 1000 3165; x_wconf 90' lang='lat' dir='ltr'><strong>ponis</strong></span> <span class='ocrx_word' id='word_1_133' title='bbox 1024 3070 1269 3164; x_wconf 85' lang='lat' dir='ltr'><strong>quadrantem</strong></span> <span class='ocrx_word' id='word_1_134' title='bbox 1295 3070 1331 3144; x_wconf 90' lang='lat' dir='ltr'><strong>in</strong></span> <span class='ocrx_word' id='word_1_135' title='bbox 1358 3071 1466 3166; x_wconf 86' lang='lat' dir='ltr'><strong>plano</strong></span> <span class='ocrx_word' id='word_1_136' title='bbox 1492 3070 1528 3144; x_wconf 90' lang='lat' dir='ltr'><strong>in</strong></span> <span class='ocrx_word' id='word_1_137' title='bbox 1555 3092 1631 3146; x_wconf 93' lang='lat' dir='ltr'><strong>uno</strong></span> <span class='ocrx_word' id='word_1_138' title='bbox 1661 3070 1775 3145; x_wconf 86' lang='lat' dir='ltr'><strong>latere</strong></span> <span class='ocrx_word' id='word_1_139' title='bbox 1802 3092 1881 3167; x_wconf 87' lang='lat' dir='ltr'><strong>suo,</strong></span> 
     </span>
     <span class='ocr_line' id='line_1_19' title="bbox 710 3186 1881 3286; baseline 0.002 -23"><span class='ocrx_word' id='word_1_140' title='bbox 710 3188 847 3263; x_wconf 84' lang='lat' dir='ltr'><strong>videbis</strong></span> <span class='ocrx_word' id='word_1_141' title='bbox 877 3190 976 3265; x_wconf 85' lang='lat' dir='ltr'><strong>clare</strong></span> <span class='ocrx_word' id='word_1_142' title='bbox 1008 3191 1108 3284; x_wconf 89' lang='lat' dir='ltr'><strong>quod</strong></span> <span class='ocrx_word' id='word_1_143' title='bbox 1138 3192 1244 3265; x_wconf 91' lang='lat' dir='ltr'><strong>stabit</strong></span> <span class='ocrx_word' id='word_1_144' title='bbox 1276 3192 1363 3265; x_wconf 89' lang='lat' dir='ltr'><strong>satis</strong></span> <span class='ocrx_word' id='word_1_145' title='bbox 1392 3192 1477 3286; x_wconf 89' lang='lat' dir='ltr'><strong>alta,</strong></span> <span class='ocrx_word' id='word_1_146' title='bbox 1508 3190 1572 3264; x_wconf 89' lang='lat' dir='ltr'><strong>sed</strong></span> <span class='ocrx_word' id='word_1_147' title='bbox 1603 3212 1676 3265; x_wconf 93' lang='lat' dir='ltr'><strong>non</strong></span> <span class='ocrx_word' id='word_1_148' title='bbox 1710 3190 1816 3265; x_wconf 90' lang='lat' dir='ltr'><strong>nimis</strong></span> <span class='ocrx_word' id='word_1_149' title='bbox 1831 3186 1881 3286; x_wconf 74' lang='lat'><strong>(¹),</strong></span> 
     </span>
     <span class='ocr_line' id='line_1_20' title="bbox 709 3309 1883 3410; baseline 0.003 -26"><span class='ocrx_word' id='word_1_150' title='bbox 709 3309 759 3384; x_wconf 88' lang='lat' dir='ltr'><strong>ita</strong></span> <span class='ocrx_word' id='word_1_151' title='bbox 784 3310 883 3405; x_wconf 92' lang='lat' dir='ltr'><strong>quod</strong></span> <span class='ocrx_word' id='word_1_152' title='bbox 908 3310 937 3385; x_wconf 92' lang='lat' dir='ltr'><strong>si</strong></span> <span class='ocrx_word' id='word_1_153' title='bbox 968 3320 1079 3386; x_wconf 86' lang='lat' dir='ltr'><strong>autor</strong></span> <span class='ocrx_word' id='word_1_154' title='bbox 1109 3311 1194 3387; x_wconf 91' lang='lat' dir='ltr'><strong>dicit</strong></span> <span class='ocrx_word' id='word_1_155' title='bbox 1227 3312 1326 3407; x_wconf 91' lang='lat' dir='ltr'><strong>quod</strong></span> <span class='ocrx_word' id='word_1_156' title='bbox 1357 3319 1457 3387; x_wconf 85' lang='lat' dir='ltr'><strong>costa</strong></span> <span class='ocrx_word' id='word_1_157' title='bbox 1489 3312 1623 3386; x_wconf 90' lang='lat' dir='ltr'><strong>montis</strong></span> <span class='ocrx_word' id='word_1_158' title='bbox 1654 3319 1734 3387; x_wconf 89' lang='lat' dir='ltr'><strong>erat</strong></span> <span class='ocrx_word' id='word_1_159' title='bbox 1766 3313 1883 3410; x_wconf 92' lang='lat' dir='ltr'><strong>magis</strong></span> 
     </span>
     <span class='ocr_line' id='line_1_21' title="bbox 708 3427 1882 3535; baseline 0.003 -31"><span class='ocrx_word' id='word_1_160' title='bbox 708 3431 869 3525; x_wconf 87' lang='lat' dir='ltr'><strong>superba</strong></span> <span class='ocrx_word' id='word_1_161' title='bbox 889 3452 1001 3525; x_wconf 88' lang='lat' dir='ltr'><strong>quam</strong></span> <span class='ocrx_word' id='word_1_162' title='bbox 1021 3431 1116 3506; x_wconf 85' lang='lat' dir='ltr'><strong>linea</strong></span> <span class='ocrx_word' id='word_1_163' title='bbox 1142 3432 1220 3526; x_wconf 83' lang='lat' dir='ltr'><strong>ista,</strong></span> <span class='ocrx_word' id='word_1_164' title='bbox 1240 3433 1318 3507; x_wconf 89' lang='lat' dir='ltr'><strong>vult</strong></span> <span class='ocrx_word' id='word_1_165' title='bbox 1335 3427 1458 3535; x_wconf 88' lang='lat' dir='ltr'><strong>dicere</strong></span> <span class='ocrx_word' id='word_1_166' title='bbox 1476 3431 1512 3505; x_wconf 94' lang='lat' dir='ltr'><strong>in</strong></span> <span class='ocrx_word' id='word_1_167' title='bbox 1529 3430 1663 3507; x_wconf 86' lang='lat' dir='ltr'><strong>ellectu</strong></span> <span class='ocrx_word' id='word_1_168' title='bbox 1684 3434 1882 3527; x_wconf 87' lang='lat' dir='ltr'><strong>quoderat</strong></span> 
     </span>
     <span class='ocr_line' id='line_1_22' title="bbox 707 3551 1883 3645; baseline 0.003 -22"><span class='ocrx_word' id='word_1_169' title='bbox 707 3551 867 3624; x_wconf 89' lang='lat' dir='ltr'><strong>multum</strong></span> <span class='ocrx_word' id='word_1_170' title='bbox 893 3552 1046 3627; x_wconf 86' lang='lat' dir='ltr'><strong>difficilis</strong></span> <span class='ocrx_word' id='word_1_171' title='bbox 1072 3552 1118 3626; x_wconf 99' lang='lat' dir='ltr'><strong>ad</strong></span> <span class='ocrx_word' id='word_1_172' title='bbox 1149 3553 1433 3645; x_wconf 83' lang='lat' dir='ltr'><strong>ascendendum,</strong></span> <span class='ocrx_word' id='word_1_173' title='bbox 1459 3551 1522 3627; x_wconf 90' lang='lat' dir='ltr'><strong>sed</strong></span> <span class='ocrx_word' id='word_1_174' title='bbox 1552 3558 1779 3627; x_wconf 86' lang='lat' dir='ltr'><strong>nontamen</strong></span> <span class='ocrx_word' id='word_1_175' title='bbox 1812 3554 1883 3626; x_wconf 88' lang='lat' dir='ltr'><strong>im-</strong></span> 
     </span>
     <span class='ocr_line' id='line_1_23' title="bbox 707 3670 1881 3768; baseline 0.004 -24"><span class='ocrx_word' id='word_1_176' title='bbox 707 3671 895 3767; x_wconf 84' lang='lat' dir='ltr'><strong>possibilis,</strong></span> <span class='ocrx_word' id='word_1_177' title='bbox 916 3672 1010 3746; x_wconf 89' lang='lat' dir='ltr'><strong>sicut</strong></span> <span class='ocrx_word' id='word_1_178' title='bbox 1035 3679 1139 3767; x_wconf 87' lang='lat' dir='ltr'><strong>potes</strong></span> <span class='ocrx_word' id='word_1_179' title='bbox 1164 3674 1263 3748; x_wconf 86' lang='lat' dir='ltr'><strong>clare</strong></span> <span class='ocrx_word' id='word_1_180' title='bbox 1289 3672 1414 3747; x_wconf 87' lang='lat' dir='ltr'><strong>videre</strong></span> <span class='ocrx_word' id='word_1_181' title='bbox 1434 3672 1472 3744; x_wconf 93' lang='lat' dir='ltr'><strong>in</strong></span> <span class='ocrx_word' id='word_1_182' title='bbox 1493 3670 1609 3768; x_wconf 86' lang='lat' dir='ltr'><strong>ligura</strong></span> <span class='ocrx_word' id='word_1_183' title='bbox 1633 3672 1691 3747; x_wconf 91' lang='lat' dir='ltr'><strong>hic</strong></span> <span class='ocrx_word' id='word_1_184' title='bbox 1716 3693 1737 3746; x_wconf 89' lang='lat' dir='ltr'><strong>a</strong></span> <span class='ocrx_word' id='word_1_185' title='bbox 1766 3674 1881 3749; x_wconf 89' lang='lat' dir='ltr'><strong>latere</strong></span> 
     </span>
     <span class='ocr_line' id='line_1_24' title="bbox 708 3783 1881 3889; baseline 0.002 -26"><span class='ocrx_word' id='word_1_186' title='bbox 708 3783 1011 3886; x_wconf 79' lang='lat' dir='ltr'><strong>positn(¹).-lo.</strong></span> <span class='ocrx_word' id='word_1_187' title='bbox 1042 3792 1107 3867; x_wconf 91' lang='lat' dir='ltr'><strong>llic</strong></span> <span class='ocrx_word' id='word_1_188' title='bbox 1139 3800 1246 3889; x_wconf 90' lang='lat' dir='ltr'><strong>poeta</strong></span> <span class='ocrx_word' id='word_1_189' title='bbox 1278 3792 1449 3868; x_wconf 87' lang='lat' dir='ltr'><strong>describit</strong></span> <span class='ocrx_word' id='word_1_190' title='bbox 1478 3791 1726 3867; x_wconf 88' lang='lat' dir='ltr'><strong>lassitudinem</strong></span> <span class='ocrx_word' id='word_1_191' title='bbox 1762 3814 1881 3889; x_wconf 79' lang='lat' dir='ltr'><strong>suam,</strong></span> 
     </span>
     <span class='ocr_line' id='line_1_25' title="bbox 709 3900 1881 4011; baseline 0.003 -27"><span class='ocrx_word' id='word_1_192' title='bbox 709 3930 822 4003; x_wconf 84' lang='lat' dir='ltr'><strong>quam</strong></span> <span class='ocrx_word' id='word_1_193' title='bbox 849 3911 885 3985; x_wconf 94' lang='lat' dir='ltr'><strong>in</strong></span> <span class='ocrx_word' id='word_1_194' title='bbox 910 3910 1013 3986; x_wconf 86' lang='lat' dir='ltr'><strong>brevi</strong></span> <span class='ocrx_word' id='word_1_195' title='bbox 1038 3914 1220 3987; x_wconf 82' lang='lat' dir='ltr'><strong>contraxit</strong></span> <span class='ocrx_word' id='word_1_196' title='bbox 1246 3934 1293 3988; x_wconf 83' lang='lat' dir='ltr'><strong>er</strong></span> <span class='ocrx_word' id='word_1_197' title='bbox 1319 3912 1450 3986; x_wconf 90' lang='lat' dir='ltr'><strong>itinere</strong></span> <span class='ocrx_word' id='word_1_198' title='bbox 1475 3912 1544 3986; x_wconf 92' lang='lat' dir='ltr'><strong>isto</strong></span> <span class='ocrx_word' id='word_1_199' title='bbox 1569 3932 1654 3985; x_wconf 93' lang='lat' dir='ltr'><strong>cum</strong></span> <span class='ocrx_word' id='word_1_200' title='bbox 1673 3900 1710 4003; x_wconf 78' lang='lat'><strong>(³)</strong></span> <span class='ocrx_word' id='word_1_201' title='bbox 1731 3912 1881 4011; x_wconf 79' lang='lat' dir='ltr'><strong>consilio</strong></span> 
     </span>
     <span class='ocr_line' id='line_1_26' title="bbox 708 4028 1881 4127; baseline 0.002 -23"><span class='ocrx_word' id='word_1_202' title='bbox 708 4028 859 4127; x_wconf 80' lang='lat' dir='ltr'><strong>Virgilii,</strong></span> <span class='ocrx_word' id='word_1_203' title='bbox 884 4032 1027 4107; x_wconf 89' lang='lat' dir='ltr'><strong>dicens:</strong></span> <span class='ocrx_word' id='word_1_204' title='bbox 1054 4036 1096 4106; x_wconf 89' lang='lat' dir='ltr'><strong>lo</strong></span> <span class='ocrx_word' id='word_1_205' title='bbox 1120 4056 1185 4107; x_wconf 85' lang='lat' dir='ltr'><strong>era</strong></span> <span class='ocrx_word' id='word_1_206' title='bbox 1211 4036 1317 4125; x_wconf 84' lang='lat' dir='ltr'><strong>lasso,</strong></span> <span class='ocrx_word' id='word_1_207' title='bbox 1338 4031 1472 4107; x_wconf 87' lang='lat' dir='ltr'><strong>scilicet</strong></span> <span class='ocrx_word' id='word_1_208' title='bbox 1499 4032 1604 4106; x_wconf 83' lang='lat' dir='ltr'><strong>valde</strong></span> <span class='ocrx_word' id='word_1_209' title='bbox 1628 4031 1712 4124; x_wconf 88' lang='lat' dir='ltr'><strong>cito,</strong></span> <span class='ocrx_word' id='word_1_210' title='bbox 1739 4036 1881 4123; x_wconf 83' lang='lat' dir='ltr'><strong>quondo</strong></span> 
     </span>
     <span class='ocr_line' id='line_1_27' title="bbox 707 4151 1882 4249; baseline 0 -24"><span class='ocrx_word' id='word_1_211' title='bbox 707 4154 940 4243; x_wconf 81' lang='lat' dir='ltr'><strong>incomincioi,</strong></span> <span class='ocrx_word' id='word_1_212' title='bbox 972 4153 1119 4247; x_wconf 83' lang='lat' dir='ltr'><strong>scilicet,</strong></span> <span class='ocrx_word' id='word_1_213' title='bbox 1151 4154 1273 4229; x_wconf 89' lang='lat' dir='ltr'><strong>dicere</strong></span> <span class='ocrx_word' id='word_1_214' title='bbox 1298 4153 1448 4249; x_wconf 88' lang='lat' dir='ltr'><strong>Virgilio</strong></span> <span class='ocrx_word' id='word_1_215' title='bbox 1480 4151 1543 4245; x_wconf 86' lang='lat' dir='ltr'><strong>qui</strong></span> <span class='ocrx_word' id='word_1_216' title='bbox 1574 4151 1680 4225; x_wconf 87' lang='lat' dir='ltr'><strong>nimis</strong></span> <span class='ocrx_word' id='word_1_217' title='bbox 1712 4152 1882 4227; x_wconf 89' lang='lat' dir='ltr'><strong>celeriter</strong></span> 
     </span>
     <span class='ocr_line' id='line_1_28' title="bbox 710 4270 1881 4368; baseline 0.001 -22"><span class='ocrx_word' id='word_1_218' title='bbox 710 4273 930 4368; x_wconf 87' lang='lat' dir='ltr'><strong>procedebat</strong></span> <span class='ocrx_word' id='word_1_219' title='bbox 954 4273 990 4347; x_wconf 92' lang='lat' dir='ltr'><strong>iu</strong></span> <span class='ocrx_word' id='word_1_220' title='bbox 1017 4272 1095 4348; x_wconf 87' lang='lat' dir='ltr'><strong>via:</strong></span> <span class='ocrx_word' id='word_1_221' title='bbox 1127 4276 1280 4348; x_wconf 84' lang='lat' dir='ltr'><strong>Odolcc</strong></span> <span class='ocrx_word' id='word_1_222' title='bbox 1299 4274 1430 4366; x_wconf 84' lang='lat' dir='ltr'><strong>padre,</strong></span> <span class='ocrx_word' id='word_1_223' title='bbox 1452 4274 1584 4363; x_wconf 64' lang='lat' dir='ltr'><strong>uotplti</strong></span> <span class='ocrx_word' id='word_1_224' title='bbox 1609 4270 1744 4346; x_wconf 89' lang='lat' dir='ltr'><strong>scilicet</strong></span> <span class='ocrx_word' id='word_1_225' title='bbox 1770 4280 1881 4368; x_wconf 78' lang='lat' dir='ltr'><strong>retro,</strong></span> 
     </span>
     <span class='ocr_line' id='line_1_29' title="bbox 709 4392 1880 4487; baseline -0.001 -19"><span class='ocrx_word' id='word_1_226' title='bbox 709 4414 729 4468; x_wconf 83' lang='lat' dir='ltr'><strong>e</strong></span> <span class='ocrx_word' id='word_1_227' title='bbox 750 4397 880 4467; x_wconf 61' lang='lat' dir='ltr'><strong>nmmo</strong></span> <span class='ocrx_word' id='word_1_228' title='bbox 904 4396 992 4467; x_wconf 86' lang='lat' dir='ltr'><strong>com&#39;</strong></span> <span class='ocrx_word' id='word_1_229' title='bbox 1003 4396 1039 4467; x_wconf 88' lang='lat' dir='ltr'><strong>to</strong></span> <span class='ocrx_word' id='word_1_230' title='bbox 1063 4397 1229 4487; x_wconf 74' lang='lat' dir='ltr'><strong>rtmaupo</strong></span> <span class='ocrx_word' id='word_1_231' title='bbox 1254 4397 1320 4484; x_wconf 86' lang='lat' dir='ltr'><strong>sol,</strong></span> <span class='ocrx_word' id='word_1_232' title='bbox 1338 4394 1481 4486; x_wconf 87' lang='lat' dir='ltr'><strong>sinete,</strong></span> <span class='ocrx_word' id='word_1_233' title='bbox 1499 4413 1625 4465; x_wconf 82' lang='lat' dir='ltr'><strong>senon</strong></span> <span class='ocrx_word' id='word_1_234' title='bbox 1645 4396 1760 4483; x_wconf 64' lang='lat' dir='ltr'><strong>vistai,</strong></span> <span class='ocrx_word' id='word_1_235' title='bbox 1778 4392 1880 4487; x_wconf 77' lang='lat' dir='ltr'><strong>idest,</strong></span> 
     </span>
    </p>
   </div>
   <div class='ocr_carea' id='block_1_3' title="bbox 770 4644 1788 4789">
    <p class='ocr_par' dir='ltr' id='par_1_3' title="bbox 770 4644 1788 4789">
     <span class='ocr_line' id='line_1_30' title="bbox 771 4644 1218 4711; baseline 0.002 -15"><span class='ocrx_word' id='word_1_236' title='bbox 771 4644 799 4710; x_wconf 83' lang='lat'><strong>(¹)</strong></span> <span class='ocrx_word' id='word_1_237' title='bbox 814 4644 845 4695; x_wconf 82' lang='lat' dir='ltr'><strong>ll.</strong></span> <span class='ocrx_word' id='word_1_238' title='bbox 860 4646 937 4695; x_wconf 88' lang='lat' dir='ltr'><strong>nimis</strong></span> <span class='ocrx_word' id='word_1_239' title='bbox 952 4646 1070 4709; x_wconf 76' lang='lat' dir='ltr'><strong>superbo,</strong></span> <span class='ocrx_word' id='word_1_240' title='bbox 1087 4648 1123 4697; x_wconf 79' lang='lat' dir='ltr'><strong>lit</strong></span> <span class='ocrx_word' id='word_1_241' title='bbox 1139 4648 1218 4711; x_wconf 86' lang='lat' dir='ltr'><strong>quod.</strong></span> 
     </span>
     <span class='ocr_line' id='line_1_31' title="bbox 770 4720 1788 4789; baseline -0.004 -15"><span class='ocrx_word' id='word_1_242' title='bbox 770 4720 799 4784; x_wconf 80' lang='lat'><strong>(¹)</strong></span> <span class='ocrx_word' id='word_1_243' title='bbox 815 4721 864 4773; x_wconf 74' lang='lat' dir='ltr'><strong>Nol</strong></span> <span class='ocrx_word' id='word_1_244' title='bbox 879 4720 972 4773; x_wconf 79' lang='lat' dir='ltr'><strong>Codice</strong></span> <span class='ocrx_word' id='word_1_245' title='bbox 988 4723 1096 4774; x_wconf 73' lang='grc' dir='ltr'><strong>Ειιοιιιο</strong></span> <span class='ocrx_word' id='word_1_246' title='bbox 1112 4726 1137 4775; x_wconf 80' lang='lat' dir='ltr'><strong>vl</strong></span> <span class='ocrx_word' id='word_1_247' title='bbox 1153 4728 1168 4774; x_wconf 79' lang='lat' dir='ltr'><strong>e</strong></span> <span class='ocrx_word' id='word_1_248' title='bbox 1184 4724 1211 4775; x_wconf 94' lang='lat' dir='ltr'><strong>in</strong></span> <span class='ocrx_word' id='word_1_249' title='bbox 1227 4730 1319 4789; x_wconf 84' lang='lat' dir='ltr'><strong>questo</strong></span> <span class='ocrx_word' id='word_1_250' title='bbox 1336 4728 1417 4787; x_wconf 85' lang='lat' dir='ltr'><strong>punto</strong></span> <span class='ocrx_word' id='word_1_251' title='bbox 1433 4723 1557 4789; x_wconf 70' lang='lat' dir='ltr'><strong>letigum</strong></span> <span class='ocrx_word' id='word_1_252' title='bbox 1573 4725 1627 4772; x_wconf 78' lang='lat' dir='ltr'><strong>cosl</strong></span> <span class='ocrx_word' id='word_1_253' title='bbox 1642 4720 1788 4771; x_wconf 74' lang='lat' dir='ltr'><strong>delineatur</strong></span> 
     </span>
    </p>
   </div>
   <div class='ocr_carea' id='block_1_4' title="bbox 1128 4846 1439 5035">
    <p class='ocr_par' dir='ltr' id='par_1_4' title="bbox 1128 4846 1439 5035">
     <span class='ocr_line' id='line_1_32' title="bbox 1128 4846 1439 5035; baseline -0.003 -10"><span class='ocrx_word' id='word_1_254' title='bbox 1128 4846 1439 5035; x_wconf 53' lang='grc' dir='ltr'><em>Χ</em></span> 
     </span>
    </p>
   </div>
   <div class='ocr_carea' id='block_1_5' title="bbox 765 5134 1095 5200">
    <p class='ocr_par' dir='ltr' id='par_1_5' title="bbox 765 5134 1095 5200">
     <span class='ocr_line' id='line_1_33' title="bbox 765 5134 1095 5200; baseline 0.006 -15"><span class='ocrx_word' id='word_1_255' title='bbox 765 5135 800 5200; x_wconf 63' lang='lat'><strong>(⁸)</strong></span> <span class='ocrx_word' id='word_1_256' title='bbox 815 5134 846 5187; x_wconf 85' lang='lat' dir='ltr'><strong>B.</strong></span> <span class='ocrx_word' id='word_1_257' title='bbox 863 5140 890 5187; x_wconf 86' lang='lat' dir='ltr'><strong>et</strong></span> <span class='ocrx_word' id='word_1_258' title='bbox 904 5148 965 5186; x_wconf 87' lang='lat' dir='ltr'><strong>com</strong></span> <span class='ocrx_word' id='word_1_259' title='bbox 979 5135 1095 5188; x_wconf 85' lang='lat' dir='ltr'><strong>consilio.</strong></span> 
     </span>
    </p>
   </div>
   <div class='ocr_carea' id='block_1_6' title="bbox 0 0 2276 6837">
    <p class='ocr_par' dir='ltr' id='par_1_6' title="bbox 0 0 2276 6837">
     <span class='ocr_line' id='line_1_34' title="bbox 0 0 2276 6837; baseline 0 0"><span class='ocrx_word' id='word_1_260' title='bbox 0 0 2276 6837; x_wconf 95' lang='lat' dir='ltr'><strong> </strong></span> 
     </span>
    </p>
   </div>
  </div>
 </body>
</html>
