4542 6842
749 974 820 1041 482
1111 984 1315 1040 counnrnu
1339 984 1558 1040 runnaronu

750 1130 1053 1205 malefactorem?
1078 1130 1161 1225 quis
1180 1136 1364 1204 mercator
1381 1150 1455 1203 non
1476 1128 1573 1202 dicat
1589 1125 1846 1225 negligentiam
1865 1125 1923 1199 ni-

752 1249 869 1323 mium
886 1249 1015 1325 obesse
1033 1249 1288 1347 negotiationi?
1305 1249 1387 1344 quis
1408 1248 1552 1344 sapiens
1570 1269 1643 1322 non
1659 1247 1790 1343 probet
1807 1246 1922 1321 multa

749 1369 898 1445 consilia
924 1389 1004 1444 esse
1029 1369 1235 1443 necessaria
1253 1368 1419 1443 mundot
1439 1368 1522 1463 quis
1541 1366 1701 1465 agricola
1721 1388 1796 1440 non
1821 1366 1924 1441 novit

751 1491 934 1565 culturam
963 1490 1136 1586 prodesse
1153 1490 1200 1565 ad
1220 1489 1443 1565 fertilitatem
1462 1490 1679 1563 fructuum?
1699 1490 1769 1564 Sed
1791 1497 1833 1563 ut
1850 1488 1924 1563 cito

751 1609 885 1704 dicam,
921 1617 1094 1705 quaerunt
1131 1610 1298 1684 homines
1336 1610 1629 1703 excusationem,
1667 1615 1925 1705 retorquentes

751 1732 875 1806 omnia
893 1732 979 1809 vitia
992 1756 994 1760 ·
1005 1753 1073 1806 sua
1098 1732 1134 1804 in
1161 1731 1310 1825 coelum,
1328 1730 1467 1825 inlata,
1485 1732 1522 1804 in
1547 1730 1746 1824 fortunam,
1763 1730 1925 1806 dicentes

752 1850 840 1925 illud
850 1852 1005 1927 Cleantis
1018 1852 1235 1947 philosophi:
1248 1854 1503 1946 coloniensum
1515 1854 1655 1943 ducum,
1665 1854 1835 1925 nolentem
1848 1860 1925 1926 tru-

752 1975 844 2046 dunt.
863 1974 906 2047 Et
922 1973 1072 2047 demum
1093 1972 1245 2047 remittit
1261 1972 1431 2068 Virgilius
1449 1978 1594 2067 poetam
1618 1971 1665 2045 ad
1689 1971 1923 2069 theologiam,

753 2098 790 2167 et
814 2092 899 2165 dicit
922 2092 1184 2167 sententialiter
1209 2091 1309 2186 quod
1333 2092 1409 2186 ipse
1433 2112 1500 2187 per
1525 2112 1657 2165 sesua
1683 2092 1832 2167 scientia
1858 2114 1927 2167 na·
1955 2190 1959 2197 Ι

752 2212 862 2285 turali
888 2234 962 2288 non
988 2219 1106 2308 potest
1130 2214 1239 2288 altius
1259 2212 1437 2288 accedere
1453 2211 1500 2286 ad
1517 2211 1801 2287 declarationem
1819 2234 1924 2308 quae-

753 2332 888 2426 stionis,
915 2334 1001 2429 quia
1028 2341 1170 2423 tantum
1194 2334 1335 2430 judicat
1360 2353 1510 2407 causam
1542 2353 1610 2426 per
1641 2331 1836 2427 ellectum;
1863 2333 1926 2409 sed

753 2452 897 2527 Beatrix
925 2453 1088 2547 intendit,
1115 2454 1213 2549 quod
1244 2452 1372 2527 nobilis
1404 2451 1532 2545 virtus,
1558 2451 1661 2546 idest,
1691 2452 1928 2528 excellentior

754 2592 839 2667 qua:¹
863 2574 909 2673 sit
933 2575 970 2647 in
996 2574 1146 2649 bomine
1163 2581 1218 2649 est
1237 2573 1396 2647 liberum
1421 2571 1627 2667 arbitrium,
1646 2573 1733 2665 quia
1751 2594 1817 2667 per
1830 2566 1867 2665 (¹)
1888 2594 1928 2649 se

754 2691 874 2787 ipsum
906 2714 1097 2769 meremur
1109 2686 1149 2785 (²)
1182 2693 1302 2767 vitam
1329 2699 1520 2784 aternam,
1551 2692 1609 2767 vol
1641 2692 1926 2769 damnationem.

755 2812 847 2886 llicit
872 2833 981 2911 ergo:
1008 2817 1168 2887 Bcutrice
1190 2816 1327 2887 intende
1358 2814 1394 2885 lu
1424 2814 1537 2886 nobile
1562 2807 1673 2905 emti,
1699 2813 1846 2908 scilicet,
1871 2814 1928 2887 in·
2010 2809 2015 2819 ’

756 2940 894 3027 naum,
915 2956 983 3026 per
1009 2936 1043 3007 lo
1068 2936 1176 3007 libero
1201 2936 1363 3025 arbitrio,
1389 2954 1408 3007 e
1429 2925 1519 3025 perd
1549 2936 1693 3026 puurda
1723 2937 1784 3007 cbo
1813 2935 1930 3007 tabu

757 3075 781 3125 a
806 3062 926 3147 manu,
952 3058 1017 3127 s'u
1037 3058 1171 3148 purior
1195 3056 1423 3147 lappa-ende,
1445 3053 1537 3128 sicut
1563 3055 1700 3149 patebit
1720 3054 1749 3127 V
1769 3054 1928 3149 capitulo

660 3160 665 3174 '
756 3160 927 3267 Paradisi,
950 3174 1012 3247 ubi
1038 3174 1142 3248 dicit:
1164 3176 1199 3247 to
1224 3178 1388 3265 maggior
1407 3176 1480 3247 don
1496 3176 1555 3247 cte
1572 3176 1655 3266 Dio,
1676 3181 1745 3248 etc.
1763 3172 1829 3248 Vel
1853 3173 1927 3248 dic:

757 3294 954 3368 recordare
978 3300 1104 3390 petere
1129 3293 1176 3368 de
1202 3295 1271 3368 boc
1296 3293 1444 3388 quando
1465 3294 1538 3368 eris
1555 3314 1705 3389 secum3
1728 3293 1827 3368 unde
1848 3301 1930 3367 tan-

756 3413 809 3511 git
834 3414 974 3489 dehac
1000 3435 1041 3489 re
1066 3414 1186 3509 primo
1211 3414 1371 3509 capitulo
1391 3414 1553 3489 Paradisi
1570 3415 1675 3510 quasi
1693 3414 1790 3490 circa
1807 3414 1930 3507 finem,
2077 3486 2085 3497 ,

758 3534 820 3609 ubi
847 3534 942 3630 dicit
970 3535 1069 3629 quod
1094 3536 1186 3610 ordo
1212 3556 1325 3630 quem
1352 3537 1451 3610 Deus
1468 3535 1567 3611 dedit
1583 3542 1726 3611 naturae
1742 3543 1870 3611 causat
1894 3536 1932 3609 in

759 3654 864 3728 nobis
889 3653 1026 3749 primos
1052 3663 1177 3729 motus
1203 3662 1271 3729 etc.

833 3778 885 3847 Lu
910 3777 1003 3849 luna.
1031 3776 1101 3850 lsta
1127 3782 1183 3849 est
1209 3774 1315 3849 tertia
1341 3795 1426 3869 pars
1454 3774 1636 3872 generalis
1661 3775 1699 3848 in
1725 3796 1799 3870 qua
1824 3783 1933 3871 poeta

759 3894 928 3969 describit
954 3895 1210 3993 purgationem
1236 3894 1523 3988 accidiosorum3
1550 3900 1586 3969 et
1612 3894 1732 3990 primo
1757 3895 1842 3972 lacit
1866 3896 1932 3971 de-

760 4016 993 4112 scriptionem
1020 4016 1206 4111 temporis,
1240 4021 1278 4091 et
1306 4014 1453 4089 videtur
1484 4017 1578 4092 velle
1610 4016 1733 4091 dicere
1758 4017 1931 4110 breviter,

761 4136 860 4231 quod
884 4136 972 4212 luna
998 4156 1071 4210 non
1097 4142 1178 4211 erat
1202 4134 1359 4230 amplius
1385 4135 1491 4231 plena
1516 4156 1586 4211 nec
1611 4136 1774 4233 opposita
1789 4128 1827 4229 (³)
1854 4138 1932 4231 soli,

761 4256 856 4331 sicut
880 4264 962 4332 erat
986 4257 1021 4330 in
1048 4256 1223 4353 principio
1248 4256 1389 4350 inferni,
1411 4264 1447 4331 et
1472 4256 1662 4332 oriebatur
1689 4257 1871 4333 luminosa
1895 4266 1934 4333 et

762 4376 953 4473 splendens
978 4375 1075 4451 circa
1111 4375 1270 4451 mediam
1302 4384 1460 4451 noctem.
1493 4376 1585 4450 llicit
1616 4396 1726 4473 ergo:
1757 4382 1810 4451 Lo
1835 4380 1933 4471 lum,

762 4518 846 4592 quae
877 4504 956 4572 erat
987 4497 1240 4613 Q
1270 4500 1372 4594 quasi
1404 4518 1429 4571 α
1460 4518 1585 4571 mezzo
1618 4504 1733 4593 ποίεε,ο
1763 4498 1822 4573 bic
1854 4506 1934 4574 erat

763 4639 905 4714 vesper,
931 4620 1051 4712 turdo,
1077 4618 1123 4692 ad
1155 4617 1360 4713 oriendum,
1383 4622 1487 4719 succo
1512 4620 1542 4691 te
1566 4622 1659 4692 stelle
1689 4640 1713 4693 u
1741 4622 1802 4692 noi
1822 4640 1935 4713 parer

758 4735 822 4833 pid
841 4742 942 4831 rude,
960 4738 1047 4833 quia
1074 4739 1161 4812 luna
1187 4738 1353 4818 obfuscat
1370 4737 1531 4813 minores
1551 4739 1673 4814 stellas
1694 4738 1833 4814 lumine
1849 4760 1934 4832 suo;

828 4960 856 5026 (¹)
873 4966 927 5023 tlt,
944 4976 991 5026 per
1013 4964 1097 5027 ipsum
1117 4977 1251 5016 murenam
1272 4966 1315 5017 rel
1335 4966 1510 5017 demeremur.
1526 4966 1595 5019 Dicit
1610 4980 1692 5031 ergo:
1709 4966 1831 5026 Bactria,
1847 4966 1937 5018 excel·

766 5040 861 5091 lentior
876 5039 939 5097 allis.
956 5040 1066 5092 intende.

829 5113 857 5179 (¹)
873 5116 899 5165 S.
916 5121 1042 5167 meretur.
1355 5118 1383 5182 (Ἴ
1398 5118 1429 5170 ll.
1445 5121 1562 5184 opposita
1578 5121 1634 5183 sibl,
1648 5122 1723 5172 slent
