4542 6842
855 976 993 1034 CANTUS
1017 979 1161 1035 ramus.
1545 969 1592 1036 29

420 1141 485 1194 cen
510 1126 625 1194 waere
658 1123 751 1194 ultro
786 1123 941 1214 oioppto,
975 1122 1074 1216 quod
1106 1127 1226 1198 totum
1256 1123 1305 1198 ibi
1341 1125 1447 1220 plene
1480 1146 1596 1222 erpo-

420 1239 529 1314 situm
556 1240 642 1334 iuit;
659 1239 744 1334 quia
770 1239 907 1316 scilicet
926 1243 1118 1337 oportebat
1135 1243 1291 1319 Dantem
1308 1244 1532 1323 descendere
1548 1246 1595 1322 de

420 1381 517 1435 novo
543 1361 590 1435 ad
615 1361 813 1456 infernum,
839 1361 903 1438 sed
929 1383 994 1458 per
1020 1363 1129 1438 aliam
1152 1363 1250 1438 viam
1272 1387 1384 1459 quarn
1402 1367 1523 1463 primo
1539 1368 1595 1442 in-

418 1487 592 1576 traverat,
619 1481 754 1558 scilicet
779 1503 845 1578 per
870 1483 1170 1578 speculationem,
1196 1491 1238 1558 ut
1268 1488 1412 1582 cognita
1446 1488 1593 1564 miseria

419 1601 594 1676 viliorum
619 1602 758 1678 iacilius
783 1601 993 1698 perveniret
1017 1602 1064 1676 ad
1092 1604 1350 1700 purgationem
1377 1626 1529 1701 eorum;
1555 1616 1593 1683 et

418 1743 505 1798 ecce
530 1723 628 1799 riam
654 1744 720 1820 per
745 1742 860 1817 quam
876 1721 965 1798 duni
983 1743 1091 1798 cnm:
1113 1731 1285 1799 nostrata
1305 1729 1351 1799 lto
1374 1730 1423 1801 tui
1447 1733 1534 1802 tutto
1554 1732 1591 1801 tu

416 1851 517 1936 pente
538 1847 611 1938 n'a,
628 1844 730 1938 idest,
752 1864 881 1919 omnes
906 1865 1039 1940 pravos
1060 1845 1206 1941 punitos
1225 1847 1263 1920 in
1283 1846 1443 1942 iniern03
1465 1855 1503 1922 et
1522 1849 1592 1923 hoc

418 1970 473 2040 est
498 1983 630 2040 verum
656 1964 702 2040 de
727 1963 925 2060 generibus
950 1963 1194 2061 singulorum,
1220 1972 1259 2040 et
1275 1987 1349 2041 non
1372 1967 1419 2043 de
1440 1967 1591 2065 singulis

416 2105 611 2182 generum,
645 2086 690 2157 cd
725 2104 794 2157 ora
826 2085 966 2158 inundo
991 2091 1149 2158 mostror
1177 2067 1280 2176 poeti
1307 2089 1421 2180 spirti,
1456 2087 1592 2163 scilicet

416 2204 684 2300 poenitentium,
701 2205 761 2277 cde
781 2225 927 2297 purpon
951 2226 989 2278 sc
1011 2211 1100 2278 sotto
1125 2208 1163 2278 to
1188 2213 1249 2280 tuo
1273 2200 1381 2300 odiu,
1403 2207 1507 2299 idest,
1525 2207 1589 2302 qui

417 2324 642 2401 mundantur
667 2345 691 2402 a
715 2324 871 2420 peccatis
898 2323 934 2398 in
960 2326 1187 2421 purgatorio,
1204 2328 1310 2402 cuius
1333 2334 1372 2402 tu
1395 2347 1435 2403 es
1455 2333 1589 2402 custos.

414 2447 460 2520 Et
485 2454 637 2522 excusat
661 2465 702 2520 se
727 2445 897 2541 Virgilius
922 2444 953 2518 si
978 2465 1051 2518 non
1072 2453 1200 2520 narrat
1220 2452 1334 2522 totam
1354 2448 1513 2522 sormam
1532 2445 1589 2521 sui

415 2585 619 2662 processus,
645 2565 791 2638 diceus:
818 2567 905 2638 com’
917 2566 952 2637 io
969 2566 1049 2638 tto
1067 2571 1189 2656 datto,
1208 2566 1354 2660 scilicet,
1372 2587 1438 2663 per
1459 2587 1589 2642 omnes

415 2685 572 2762 circulos
598 2684 740 2779 interni,
765 2687 860 2758 sota
878 2687 984 2776 longo
1010 2705 1034 2758 o
1054 2687 1150 2777 dicti,
1168 2685 1255 2780 quia
1273 2687 1432 2761 multum
1450 2708 1589 2782 expeu-

414 2806 541 2882 derem
567 2805 755 2900 temporis,
780 2812 817 2881 et
842 2806 913 2880 hoc
938 2811 1034 2880 esset
1059 2804 1186 2886 inutile
1211 2805 1290 2900 sibi,
1314 2813 1351 2880 et
1377 2827 1451 2880 uon
1475 2827 1589 2901 expe·

414 2926 516 3002 diens
549 2925 623 3021 tibi,
650 2924 736 3019 quia
752 2916 788 3018 (⁴)
822 2925 886 3000 tibi
920 2924 1054 3001 sufficit
1086 2925 1133 3000 ad
1165 2924 1431 3001 admittendum
1466 2925 1586 3021 ipsum

414 3047 511 3122 intra
537 3065 694 3142 regnum
722 3052 841 3139 tuum,
863 3045 982 3120 solum
1009 3045 1114 3140 scire,
1132 3046 1231 3138 quod
1257 3067 1304 3122 ex
1328 3046 1448 3142 gratia
1465 3045 1587 3122 divina

413 3175 452 3244 et
475 3169 628 3243 honesta
652 3167 700 3242 de
724 3186 837 3242 causa
854 3165 992 3259 veniat;
1012 3166 1109 3240 unde
1126 3167 1231 3241 dicit:
1249 3162 1341 3241 oirtcl
1360 3171 1420 3240 cte
1438 3170 1588 3242 m’otutu

412 3291 621 3363 conducente
647 3309 671 3360 c
696 3289 827 3360 vadati
850 3292 883 3360 ct
906 3288 1038 3360 uudirti
1060 3289 1185 3360 scendo
1208 3289 1381 3378 dettotto,
1403 3287 1540 3362 scilicet
1564 3306 1588 3360 a

411 3411 518 3504 cralo,
546 3409 633 3503 quia
657 3427 742 3482 mea
768 3407 884 3481 virtus
909 3408 1073 3481 humana
1102 3426 1177 3481 non
1206 3415 1288 3482 erat
1316 3428 1383 3504 per
1412 3428 1453 3482 se
1482 3408 1588 3482 suffi-

411 3530 512 3605 ciens
537 3530 584 3604 ad
609 3529 689 3603 hoc.
703 3568 753 3581 -
770 3531 822 3601 Or
847 3530 873 3600 o·
889 3529 1039 3620 plasma.
1060 3527 1166 3600 Nunc
1186 3525 1356 3623 Virgilius
1375 3527 1462 3602 iacit
1479 3548 1586 3602 suam

411 3649 621 3745 petitionem
636 3646 884 3743 principaliter
901 3646 1078 3720 intentam
1096 3645 1235 3741 Catoni,
1251 3653 1288 3722 et
1304 3646 1449 3723 adiurat
1467 3647 1586 3742 ipsum

411 3791 478 3866 per
503 3789 654 3844 causam
679 3766 940 3861 acceptabilem
962 3787 1046 3859 qnae
1070 3765 1207 3840 inducit
1232 3787 1321 3842 eum
1347 3775 1388 3841 ut
1412 3767 1585 3863 dignetur

410 3890 606 3967 admittere
635 3889 767 3984 ipsum,
793 3886 857 3981 qui
888 3907 1036 3962 summo
1068 3887 1189 3962 studio
1221 3888 1353 3981 quaerit
1377 3887 1583 3964 libertatem

411 4011 581 4107 exemplo
607 4009 718 4104 ipsius
743 4007 898 4082 Catonis.
925 4007 996 4082 Sed
1016 4007 1062 4081 ad
1083 4007 1353 4104 intelligendam
1375 4007 1482 4082 istam
1502 4007 1584 4083 lite·

411 4153 493 4208 ram
519 4129 677 4204 nobilem
704 4134 741 4204 et
766 4127 949 4221 subtilem,
976 4127 1059 4202 volo
1078 4133 1115 4202 le
1131 4128 1295 4223 apertius
1309 4119 1345 4221 (²)
1365 4129 1482 4203 molta
1500 4128 1584 4223 pul-

410 4273 474 4328 cra
500 4261 640 4327 notare.
667 4250 710 4323 Et
736 4247 855 4344 primo
881 4247 1028 4342 quidem
1048 4248 1147 4341 quod
1164 4247 1248 4324 felix
1266 4267 1385 4343 genus
1408 4268 1584 4322 romano-

412 4393 497 4446 rum
523 4390 590 4465 pro
616 4389 751 4465 magna
777 4373 882 4463 parte
905 4365 1016 4463 gessit
1041 4367 1224 4464 magnalia
1244 4367 1420 4442 libertatis
1441 4387 1582 4442 amore.

409 4492 512 4567 Unde
536 4489 763 4587 Augustinus
783 4488 829 4563 de
849 4487 1003 4563 Civitate
1023 4488 1107 4562 Dei:
1135 4493 1222 4562 Huc
1243 4492 1388 4582 mount
1406 4491 1586 4582 proectpuc

408 4613 470 4686 itta
500 4613 584 4701 duo,
619 4630 695 4701 porc
727 4611 966 4702 compulerunt
996 4627 1166 4682 romanos
1197 4611 1248 4682 cd
1275 4615 1375 4700 gestu
1401 4608 1584 4698 mirando,

407 4733 535 4806 scilicet
558 4733 710 4824 defensio
735 4729 900 4804 libertatis
926 4735 959 4802 ct
981 4731 1150 4821 cupiditas
1182 4732 1330 4822 ptmtoe5
1363 4729 1451 4823 quia
1483 4727 1583 4802 enim

408 4851 612 4948 gloriosum
639 4848 830 4924 videbatur
847 4847 900 4924 eis
915 4847 1096 4922 dominari
1112 4855 1226 4943 atque
1243 4849 1447 4945 imperare;
1465 4847 1584 4944 inglo-

471 5101 499 5164 (')
514 5101 545 5152 lt.
563 5103 622 5167 qnia
637 5101 740 5154 rudiclt.
928 5098 956 5164 (¹)
973 5106 1019 5153 11⁷
1035 5117 1049 5153 a
1065 5103 1096 5154 li.
1113 5103 1194 5168 prius.
