4542 6842
739 954 877 1017 clusus
903 956 1061 1021 oncrum
1085 958 1229 1023 rutilus-
1495 948 1567 1033 anx

392 1106 500 1188 ceant
518 1098 709 1179 meliorem
735 1100 853 1197 uiam3
876 1107 912 1179 et
930 1101 966 1184 iu
993 1102 1097 1182 ltrevi
1117 1108 1155 1180 et
1164 1102 1299 1206 pulcra
1315 1105 1483 1181 oratione
1500 1126 1569 1186 sua

392 1220 563 1317 Virgilius
580 1220 700 1321 primo
719 1220 802 1301 lacit
820 1222 1027 1317 exordium,
1040 1223 1202 1305 seeundo
1220 1224 1443 1321 petitionem,
1459 1226 1568 1307 tertio

393 1340 723 1422 nonlirmationem.
743 1341 868 1418 Primo
889 1342 1039 1437 quidem
1066 1349 1188 1437 captat
1210 1344 1502 1425 benevolentiam
1520 1346 1569 1433 al)

392 1460 469 1543 istis
491 1480 559 1559 per
584 1461 620 1538 id
649 1462 750 1559 quod
782 1462 990 1539 desiderant
1021 1484 1133 1567 super
1165 1464 1301 1559 omnia,
1334 1465 1470 1539 scilicet
1503 1486 1570 1561 per

393 1579 559 1659 festinam
588 1580 838 1683 liberationem
866 1602 1020 1675 eorum5
1043 1582 1141 1658 unde
1162 1582 1308 1658 adiurat
1334 1605 1410 1679 eos,
1427 1585 1568 1662 dicens:
1632 1594 1636 1600 ·

392 1703 494 1781 trel!
518 1700 626 1779 dictio
651 1701 883 1796 deprecativa
909 1709 976 1795 est,
1000 1723 1038 1775 se
1064 1705 1230 1795 moruzio
1256 1695 1405 1807 emti,
1426 1706 1567 1800 justitia

392 1820 503 1913 enim,
530 1827 567 1896 et
593 1820 840 1901 misericordia
867 1830 1090 1899 exercentur
1108 1843 1198 1918 erga
1216 1823 1306 1917 illos,
1325 1825 1388 1920 qui
1406 1825 1568 1919 puniun-

392 1942 517 2018 turin
544 1942 769 2041 purgatorio,
798 1948 838 2015 ut
858 1942 937 2038 jam
964 1942 1224 2037 saepedictum
1250 1952 1317 2041 est,
1344 1949 1380 2019 vi
1412 1949 1570 2039 dugreoi

392 2068 493 2153 msto,
519 2062 621 2157 idest,
647 2060 793 2139 alleviet
817 2061 865 2141 ab
891 2062 1066 2140 oneribus
1096 2063 1238 2158 vestris,
1263 2057 1293 2137 si
1326 2067 1386 2137 cte
1412 2069 1568 2158 poenale

391 2204 511 2262 monor
540 2186 563 2257 l
577 2186 650 2275 ulo,
676 2181 722 2256 ad
748 2182 946 2256 volandum
973 2204 1135 2277 sursum,
1161 2186 1222 2257 ete
1246 2188 1396 2259 secontia
1421 2189 1448 2259 il
1475 2171 1565 2264 disti

391 2310 510 2383 vestm
536 2306 571 2376 ni
595 2306 672 2393 lem,
695 2301 845 2399 seilicet,
868 2303 914 2377 ad
940 2304 1089 2397 eoelum,
1111 2304 1209 2399 quod
1235 2305 1356 2381 solum
1382 2306 1569 2382 desidera-

392 2426 447 2518 tis‚
477 2431 645 2503 nostran
668 2426 718 2495 do
743 2426 828 2515 qual
851 2444 971 2513 muno,
992 2424 1139 2518 scilieet,
1155 2447 1204 2499 an
1223 2418 1260 2518 (¹)
1288 2427 1334 2502 ad
1359 2427 1567 2520 dexteram,

392 2566 441 2623 an
465 2544 662 2638 sinistram,
687 2546 719 2617 st
740 2564 789 2619 nu
807 2538 872 2641 pul
894 2552 995 2619 corto
1020 2548 1058 2617 tn
1083 2568 1145 2619 ner
1169 2550 1206 2620 lu
1239 2550 1351 2639 muln,
1386 2567 1471 2644 qnae
1495 2548 1565 2621 du-

394 2665 442 2740 cit
467 2665 513 2744 ad
539 2663 735 2739 cornicem.
763 2664 805 2740 Et
830 2662 882 2737 sic
909 2663 1001 2757 vide,
1020 2664 1118 2759 quod
1146 2666 1307 2739 nondum
1339 2666 1566 2742 intraverant

395 2786 505 2878 viam,
536 2784 602 2859 sed
639 2790 775 2858 stantes
809 2790 926 2878 extra,
960 2784 1079 2881 primo
1112 2785 1279 2861 viderant
1304 2788 1564 2862 exaltationem

398 2904 591 2983 humilium
612 2904 649 2987 in
666 2905 744 2999 ripa
762 2904 958 3001 figuratam
969 2929 979 2998 ;
1000 2904 1130 2981 deinde
1148 2927 1295 3001 poenam
1317 2909 1563 3003 superborum

306 3018 313 3033 '
395 3046 523 3101 veram
556 3024 594 3103 in
629 3024 698 3120 xia,
725 3024 802 3099 sire
827 3024 983 3099 cornice.
1010 3026 1054 3099 Et
1079 3024 1183 3099 dicit:
1210 3032 1290 3100 ese
1313 3024 1377 3101 aa*
1388 3024 1452 3120 ptri
1476 3032 1568 3104 d'un

394 3165 516 3234 omen,
542 3143 644 3236 idest,
669 3164 807 3239 passus,
835 3145 891 3219 vel
921 3164 1107 3239 ascensus
1142 3148 1222 3237 quel
1253 3150 1484 3240 ne'nseynote
1507 3151 1568 3222 cle

392 3285 471 3339 men
495 3272 570 3339 erto
595 3268 675 3340 coln
688 3292 704 3359 ,·
729 3265 834 3360 quasi
857 3266 972 3340 dicat:
998 3265 1027 3339 si
1054 3266 1090 3339 in
1116 3266 1289 3341 dextrum
1317 3276 1354 3343 et
1378 3269 1565 3344 sinistrum

391 3386 601 3462 ascenditur
625 3387 821 3462 ostendatis
848 3387 950 3461 nobis
976 3408 1051 3486 quo
1077 3388 1194 3461 levius
1210 3389 1410 3463 ascendere
1435 3410 1565 3484 possu-

392 3530 476 3583 mus
492 3500 554 3600 (²):
581 3515 619 3583 et
643 3508 803 3604 assignat
828 3530 977 3583 eausam
1005 3529 1122 3603 quare
1147 3509 1198 3584 sic
1223 3510 1322 3605 petit,
1347 3512 1488 3585 dicens:
1505 3507 1568 3585 ent

391 3633 499 3723 questi
517 3632 671 3703 etenim
691 3650 800 3720 meno,
817 3628 919 3722 idest,
939 3628 1000 3725 qui
1020 3628 1189 3731 sequitur
1209 3629 1420 3723 medonem
1441 3652 1565 3727 suum,

385 3772 455 3844 per
481 3754 659 3825 l'trwurm
685 3752 777 3823 delta
802 3770 910 3821 earne
935 3751 1122 3839 d'Adnmm
1140 3749 1243 3841 idest,
1269 3750 1444 3844 corporis,
1466 3751 1565 3844 quod

391 3871 502 3947 traxit
534 3869 714 3966 originem
744 3869 792 3943 ab
820 3868 949 3961 Adam,
975 3868 1025 3943 ita
1055 3868 1155 3963 quod
1184 3870 1294 3943 babet
1326 3891 1444 3943 unum
1471 3892 1567 3945 onus

392 3990 523 4086 earnis,
549 3996 587 4067 et
612 3991 691 4065 vult
715 3989 840 4067 subire
864 3989 975 4081 aliud,
1000 3989 1138 4067 scilieet
1163 4010 1296 4063 saxum
1323 4010 1446 4084 snum,
1474 3994 1565 4065 oum

392 4114 550 4202 sinam,
586 4111 675 4204 quia
699 4118 757 4185 est
779 4109 901 4185 adhue
927 4109 1044 4202 vivus,
1069 4112 1109 4183 ul
1126 4116 1268 4187 nwntnr
1283 4132 1338 4200 su,
1364 4131 1431 4204 per
1456 4109 1563 4183 istam

393 4229 541 4323 scalam,
566 4238 692 4303 nonno
717 4251 783 4303 sna
807 4232 926 4321 noyltu
950 4222 1118 4321 inmun,
1148 4230 1240 4303 idest
1271 4250 1425 4323 avarus;
1459 4230 1563 4324 quasi

392 4351 511 4427 dicat:
538 4351 685 4445 spiritus
708 4350 790 4425 eius
815 4356 1006 4445 promptus
1037 4358 1102 4443 est,
1129 4369 1217 4423 caro
1246 4356 1372 4422 autem
1405 4348 1565 4443 infirma,

392 4471 438 4547 de
464 4491 539 4564 quo
562 4470 671 4547 dolet.
687 4474 804 4542 -Lu
832 4469 897 4543 llic
922 4476 1028 4563 poeta
1055 4469 1155 4563 ponit
1188 4469 1458 4563 responsionem
1488 4470 1567 4543 illa-

390 4612 478 4671 rum
494 4581 530 4683 li)
559 4590 778 4665 umbrarum
804 4588 891 4663 satis
916 4590 1039 4683 elare3
1065 4595 1103 4663 et
1128 4588 1236 4662 dicit:
1269 4594 1314 4661 Le
1339 4591 1395 4661 lor
1424 4592 1564 4682 parole,

392 4714 452 4787 elra
475 4713 641 4801 reatino,
668 4709 737 4784 illae
770 4708 916 4802 animae,
947 4730 973 4780 u
1003 4716 1131 4801 queste,
1163 4708 1300 4784 seilicet
1332 4708 1465 4804 verbis,
1504 4712 1565 4781 cle

392 4836 479 4907 nette
504 4852 592 4903 aven
617 4832 719 4920 nolui,
744 4828 892 4921 scilicet,
919 4829 1101 4925 virgilius,
1127 4832 1183 4902 eui
1213 4833 1248 4902 tn
1278 4832 1435 4920 seauton,
1464 4828 1566 4923 idest,

452 5020 479 5079 (Ἷ
497 5022 551 5077 117,
568 5032 601 5067 an
611 5032 631 5073 ‚a
648 5018 747 5077 tlextra,
764 5032 796 5067 an
812 5031 827 5067 a
843 5016 954 5068 sinislra.
1142 5018 1170 5079 (¹)
1186 5018 1217 5067 Ε.
1233 5019 1368 5081 ponimus.

454 5094 480 5158 (¹)
497 5095 527 5145 E.
543 5094 647 5145 illarum
664 5095 809 5145 animarum
825 5107 871 5143 sen
888 5094 1039 5144 umbrarum
1055 5093 1117 5143 salis
1132 5095 1211 5145 clare.

525 5203 566 5246 111.
1404 5202 1433 5245 20
