4542 6842
714 939 786 1005 224
1076 949 1283 1005 munerun
1306 950 1526 1005 rununronu

710 1093 903 1189 aequaliter
929 1093 1044 1188 posita
1070 1093 1165 1168 inter
1185 1092 1364 1190 justitiam
1382 1100 1421 1169 et
1436 1094 1737 1170 misericordiam.
1759 1097 1803 1169 Et
1819 1096 1886 1170 de·

711 1213 836 1288 scribit
862 1213 1115 1289 excellentiam
1141 1214 1323 1289 dictorum
1339 1208 1377 1306 (¹)
1402 1216 1633 1313 angelorum,
1658 1215 1803 1291 dicens:
1820 1217 1886 1290 ben

709 1336 891 1408 decerem
914 1338 953 1409 in
977 1338 1047 1428 lor,
1073 1335 1221 1429 scilicet,
1245 1335 1397 1433 angelis,
1435 1339 1473 1409 lu
1510 1343 1596 1409 asto
1623 1337 1767 1428 moda,
1793 1337 1885 1413 idest

710 1474 891 1549 auream,
917 1461 1066 1559 propter
1092 1456 1192 1551 quod
1218 1455 1354 1551 figurat
1378 1455 1639 1551 perfectionem
1665 1457 1883 1553 angelicam,

710 1574 806 1649 sicut
822 1596 959 1649 aurum
977 1582 1033 1649 est
1049 1575 1353 1671 perfectissimum
1372 1575 1620 1668 metallorum,
1633 1596 1694 1649 mo
1705 1580 1793 1650 nette
1802 1581 1886 1670 suc·

710 1697 762 1768 cie
786 1696 985 1769 t’occbtosi
1007 1698 1180 1788 omnnio,
1197 1702 1347 1791 propter
1363 1714 1557 1769 excessum
1578 1694 1778 1789 splendens
1797 1717 1886 1792 pro-

711 1814 873 1890 cedentis
888 1836 912 1890 a
928 1815 1090 1891 faciebus
1115 1836 1260 1910 eornm,
1278 1835 1389 1910 quem
1411 1815 1543 1889 oculus
1568 1822 1692 1890 noster
1715 1816 1886 1892 infirmus

711 1938 893 2013 sustinere
909 1959 983 2012 non
1000 1938 1115 2032 valet3
1133 1938 1216 2013 ideo
1231 1936 1336 2013 dicit:
1353 1958 1449 2011 come
1473 1932 1572 2011 uerbi
1590 1939 1642 2010 cb'
1653 1957 1679 2009 u
1703 1944 1829 2029 troppo
1853 1939 1886 2011 si

710 2063 900 2156 confundo,
922 2060 1016 2133 sicut
1032 2059 1149 2133 virtus
1173 2058 1288 2133 visiva
1316 2063 1495 2154 gravatur
1523 2056 1572 2131 ad
1600 2056 1745 2132 radium
1776 2056 1881 2151 solis3

709 2180 817 2255 etde
842 2179 896 2253 rei
921 2178 1076 2254 veritate
1101 2178 1306 2253 intellectus
1324 2183 1448 2252 noster
1464 2197 1561 2272 saepe
1585 2178 1778 2271 alteratur,
1803 2196 1877 2251 non

709 2299 834 2375 valens
859 2318 1013 2373 cernere
1037 2298 1094 2371 vel
1115 2297 1429 2391 comprehendere
1447 2296 1730 2393 profunditatem
1747 2296 1880 2371 dirinae

703 2419 854 2517 justitie
886 2418 944 2493 rel
975 2416 1245 2492 misericordie.
1271 2418 1317 2491 Et
1344 2418 1500 2491 ostendit
1530 2417 1691 2491 officium
1724 2417 1879 2491 istorum

708 2542 942 2637 angelorum,
967 2539 1113 2615 dicens:
1139 2543 1232 2615 disse
1255 2544 1428 2631 Sordelto,
1453 2541 1542 2614 mibi
1575 2541 1768 2616 admiranti
1799 2542 1878 2615 illos

708 2662 879 2759 angelos:
906 2661 1009 2733 carbo
1034 2681 1170 2753 ecpnon
1186 2663 1245 2734 del
1257 2661 1402 2751 prembo
1418 2664 1457 2734 di
1473 2664 1609 2753 Murro,
1625 2662 1728 2757 idest,
1748 2684 1771 2735 a
1791 2663 1880 2757 Deo,

710 2782 772 2877 qui
799 2803 865 2877 per
890 2780 1040 2855 Mariam
1067 2782 1151 2857 fecit
1170 2780 1350 2878 justitiam
1382 2787 1421 2857 et
1449 2782 1737 2857 misericerdiam
1765 2782 1881 2877 nobis,

710 2904 809 2978 unde
833 2903 911 2977 sine
936 2901 1047 2976 bieria
1078 2924 1151 2977 non
1181 2908 1276 2977 esset
1307 2902 1587 2999 purgatorium;
1613 2923 1704 2999 ergo
1734 2903 1881 2977 benea

708 3024 820 3099 Maria
847 3022 946 3097 venit
972 3022 1074 3097 nobis
1091 3022 1284 3117 auxilium,
1301 3022 1339 3096 in
1355 3023 1462 3097 cuins
1478 3022 1625 3097 landem
1642 3022 1781 3097 dictum
1801 3028 1879 3099 est:

712 3150 817 3234 Quem
834 3134 871 3237 (²)
898 3151 985 3217 totus
1023 3146 1173 3217 mundus
1208 3163 1335 3236 capere
1367 3164 1440 3215 aon
1466 3150 1621 3236 poterut,
1654 3151 1712 3217 tuo
1742 3147 1879 3235 promo

708 3266 888 3339 contubsti.
922 3264 965 3337 Et
1001 3282 1087 3337 ecce
1116 3263 1163 3337 ad
1189 3261 1300 3357 quid:
1326 3283 1352 3335 u
1374 3265 1530 3355 puurdiu
1558 3266 1651 3337 dello
1673 3266 1777 3355 ualle,
1810 3284 1878 3359 pro

706 3407 780 3483 qua
807 3384 1019 3481 intelligitur
1045 3384 1149 3458 vallis
1173 3382 1241 3457 ista
1267 3382 1435 3478 miseriae,
1452 3405 1520 3475 per
1540 3387 1575 3457 lo
1598 3393 1768 3477 serpente,
1785 3384 1878 3459 idest

705 3504 944 3582 tentationem
970 3502 1113 3597 diaboli,
1141 3502 1205 3597 qui
1230 3501 1420 3577 insidiatur
1444 3504 1619 3579 fallaciter
1643 3505 1876 3579 tendentibus

705 3627 751 3701 ad
777 3623 1053 3722 poenitentiam:
1079 3623 1226 3697 daemon
1250 3622 1348 3698 enim
1374 3623 1412 3696 in
1437 3623 1558 3718 specie
1588 3624 1766 3720 serpentis
1795 3630 1876 3700 ten·

705 3746 796 3821 tavit
820 3744 957 3840 primos
984 3749 1154 3839 parentes
1180 3749 1334 3817 nostros,
1356 3743 1400 3815 Et
1426 3743 1483 3817 bic
1507 3752 1595 3817 nota
1620 3743 1719 3838 quod
1744 3744 1878 3820 animae

704 3866 860 3941 istorum
887 3886 971 3960 quae
1001 3863 1165 3938 nendum
1191 3862 1423 3939 intraverunt
1446 3864 1703 3959 purgatorium
1725 3872 1875 3960 possunt

706 3984 851 4079 tentari,
875 3990 918 4058 ut
942 3984 1002 4058 bic
1026 3982 1183 4077 dicitur3
1208 3982 1273 4058 sed
1296 3982 1431 4057 animae
1455 3983 1690 4058 existentium
1718 3985 1755 4058 in
1785 4006 1876 4081 pur·

705 4106 860 4204 gatorio,
886 4125 972 4199 nou,
1003 4109 1044 4179 nt
1074 4110 1173 4198 patet
1203 4102 1296 4177 infra
1324 4104 1484 4199 capitulo
1509 4105 1568 4177 xl.
1601 4105 1645 4178 llt
1677 4105 1787 4180 dicit:
1817 4108 1877 4179 clte

706 4217 813 4301 ocrrd
837 4229 897 4301 oia
921 4228 994 4315 uia,
1020 4224 1121 4319 idest,
1149 4244 1247 4299 nunc
1272 4244 1382 4319 nunc,
1408 4224 1495 4318 quia
1520 4224 1606 4301 facit
1631 4225 1804 4300 ultimum
1828 4224 1876 4301 de

703 4346 875 4443 potentia,
903 4351 944 4419 ut
969 4350 1119 4419 revocet
1143 4342 1475 4439 appropinquantes
1499 4344 1546 4419 ad
1570 4352 1715 4441 portam
1736 4367 1876 4443 purga-

702 4466 786 4543 torii
811 4488 834 4541 a
859 4466 956 4541 bono
981 4465 1176 4562 proposito.
1201 4465 1246 4537 Et
1270 4464 1453 4539 concludit
1472 4463 1646 4539 ellectum
1672 4468 1874 4541 verborum

703 4588 856 4665 Sordelli
881 4608 928 4663 ex
953 4594 1058 4683 parte
1082 4586 1152 4679 sui,
1172 4584 1312 4661 dicens:
1333 4588 1416 4659 oud'
1428 4588 1464 4658 to
1487 4588 1547 4658 cte
1571 4607 1645 4659 oon
1660 4607 1792 4680 sopeou
1804 4606 1874 4679 per

703 4712 788 4803 quot
810 4711 910 4800 colle,
936 4708 1074 4803 supple,
1101 4713 1281 4781 venturus
1305 4712 1401 4780 esset
1425 4726 1587 4801 serpens,
1607 4706 1695 4800 quia
1720 4705 1874 4782 tentatio

705 4829 804 4905 venit
834 4830 989 4923 occulta,
1021 4834 1059 4903 et
1094 4828 1277 4901 subintrat
1312 4826 1479 4921 latenter,
1509 4829 1559 4899 mi
1595 4830 1684 4900 nebi
1717 4830 1872 4920 iamne,

768 5082 796 5144 (¹)
813 5086 865 5143 m,
883 5082 993 5134 blorum
1010 5083 1174 5148 ungulorum.
1295 5080 1324 5143 (¹)
1339 5080 1371 5131 B.
1389 5082 1470 5145 Qum
1483 5082 1539 5131 uult
1553 5094 1641 5144 euporo
1654 5092 1708 5129 aa»
1720 5083 1846 5143 poterunt.
