4542 6842
708 939 779 1008 352
1071 947 1277 1004 counurmr
1300 947 1521 1004 innormen

705 1095 741 1168 in
775 1097 873 1170 hune
906 1093 1099 1187 mundum,
1125 1115 1151 1167 o
1180 1098 1237 1168 riri
1265 1096 1414 1188 adamo
1443 1096 1598 1183 intuo,
1624 1091 1712 1187 quia
1744 1092 1882 1168 scilicet

705 1215 860 1292 fidenter
885 1223 1007 1312 sperat
1032 1215 1068 1289 in
1094 1214 1213 1311 gratia
1238 1215 1316 1308 Dei,
1341 1215 1405 1308 qui
1438 1212 1603 1289 habilitat
1633 1233 1674 1288 se
1704 1213 1752 1289 ad
1781 1213 1881 1288 illam

706 1337 952 1434 recipiendam
974 1356 1040 1432 per
1057 1335 1322 1431 poenitentiam,
1339 1357 1407 1429 per
1422 1338 1457 1408 lo
1473 1355 1590 1408 nuovo
1606 1339 1772 1426 commit,
1790 1333 1883 1408 idest

706 1457 802 1531 viam
821 1449 857 1550 (¹)
885 1455 1040 1549 invidiae,
1063 1455 1172 1530 cuius
1195 1456 1390 1530 materiam
1408 1454 1559 1550 dispono
1581 1454 1725 1530 noviter
1743 1453 1883 1530 descri-

707 1577 808 1671 bere,
847 1585 882 1651 tu
907 1599 951 1650 nc
976 1580 1134 1667 conduci
1161 1597 1207 1651 ex
1227 1596 1303 1671 quo
1329 1596 1402 1651 non
1427 1575 1608 1650 habemns
1635 1575 1692 1650 hic
1715 1575 1879 1670 aliquam

706 1699 853 1792 ducem,
891 1719 988 1772 come
1010 1700 1148 1771 coluter
1179 1700 1212 1771 si
1241 1699 1324 1770 vitot
1353 1699 1569 1789 quocontra,
1599 1695 1747 1788 scilicet,
1781 1695 1879 1768 intra

707 1819 817 1893 istum
846 1817 1048 1894 secundum
1080 1818 1346 1892 circulum.'llt
1377 1837 1426 1892 ne
1456 1837 1524 1892 sua
1555 1817 1682 1911 petitio
1712 1816 1880 1890 videatur

709 1960 802 2014 vana
829 1937 994 2030 ostendit,
1021 1936 1120 2030 qnod
1145 1937 1278 2012 merito
1301 1937 1435 2012 debeat
1462 1956 1614 2032 sperare
1642 1935 1880 2029 conductum,

706 2059 842 2151 dicens,
866 2065 901 2132 tu
925 2060 1037 2130 scaldi
1061 2059 1088 2130 il
1112 2059 1255 2147 moldo,
1274 2062 1464 2150 tamquam
1489 2056 1628 2150 lampas
1658 2054 1880 2149 indeficiens,

709 2185 744 2250 tu
768 2178 864 2249 soor‘
877 2195 954 2248 esso
978 2176 1058 2264 luci,
1075 2173 1201 2248 omnia
1227 2174 1447 2269 illuminans,
1472 2180 1509 2248 et
1530 2173 1632 2249 ideoe
1653 2177 1680 2247 li
1704 2177 1753 2247 toi
1771 2176 1880 2266 roppi

707 2299 775 2370 den
799 2317 937 2388 snopre
956 2316 1051 2368 esser
1071 2297 1164 2385 duci,
1192 2293 1359 2368 omniurn
1376 2294 1626 2370 itinerantium
1644 2315 1877 2390 peromnem

708 2415 850 2508 callem,
884 2417 984 2488 solvo
1008 2417 1036 2487 s’
1051 2417 1147 2487 altro
1172 2418 1303 2505 rupion
1332 2419 1369 2487 io
1399 2410 1582 2488 contorio
1612 2435 1685 2487 noo
1718 2422 1882 2508 prom,-

707 2542 745 2610 et
770 2541 826 2610 est
851 2533 1073 2629 pulcerrima
1100 2535 1326 2628 metaphora.
1358 2533 1460 2609 Sicut
1490 2535 1589 2609 enim
1622 2535 1678 2608 sol
1703 2533 1881 2609 sensibilis

708 2674 855 2748 semper
885 2653 1066 2727 illuminat
1095 2654 1289 2747 mundum,
1320 2661 1357 2729 et
1388 2660 1513 2730 tamen
1544 2653 1730 2729 interdum
1763 2653 1881 2728 nubes

709 2775 768 2850 vel
792 2773 926 2849 nebula
952 2772 1058 2868 eripit
1083 2773 1187 2848 nobis
1212 2781 1448 2869 conspectum
1475 2775 1575 2868 eius;
1593 2774 1643 2848 ita
1661 2776 1725 2848 lux
1749 2773 1883 2848 divinae

691 2894 839 2992 vgratiae
864 2914 1011 2988 semper
1036 2893 1218 2968 illuminat
1237 2915 1316 2986 nos,
1334 2894 1401 2968 nisi
1427 2895 1578 2970 tenebra
1597 2895 1735 2990 peccati
1762 2893 1882 2991 privet

710 3035 777 3088 nos
802 3013 872 3088 illa.
899 3013 969 3089 Sed
994 3020 1193 3107 antequam
1220 3013 1374 3088 ulterius
1406 3015 1614 3109 procedam,
1639 3017 1768 3108 lector,
1795 3015 1881 3088 nolo

709 3134 992 3231 praetermittere
1017 3134 1257 3228 quaestionem
1282 3134 1532 3210 difficillimam
1554 3156 1639 3231 quae
1656 3135 1775 3209 oritur
1801 3134 1880 3226 hic;

710 3277 828 3350 quare
853 3255 988 3330 scilicet
1017 3263 1124 3351 poeta
1157 3262 1282 3330 noster
1310 3262 1386 3329 tarn
1413 3255 1559 3331 curiose
1587 3263 1626 3331 et
1655 3256 1795 3330 seriose
1824 3255 1883 3329 iric

709 3381 906 3472 pertractat
931 3376 977 3450 de
1003 3375 1148 3468 invidia,
1165 3375 1212 3450 de
1228 3375 1334 3450 cuius
1355 3397 1463 3470 poena
1490 3378 1628 3452 nullam
1656 3376 1882 3452 mentionem

709 3496 795 3572 lecit
819 3496 856 3569 in
882 3495 1042 3589 iniern03
1070 3515 1137 3570 nec
1162 3496 1283 3570 minus
1300 3497 1446 3572 videtur
1462 3496 1703 3572 dubitandum
1722 3497 1769 3572 de
1786 3517 1881 3571 vana

709 3615 837 3712 gloria,
864 3615 909 3689 de
936 3635 1009 3709 qua
1036 3622 1111 3689 tam
1137 3616 1288 3713 egregie
1307 3617 1387 3711 jam
1409 3618 1580 3692 tractavit
1601 3617 1669 3711 hic,
1700 3625 1736 3692 et
1762 3617 1800 3690 in
1824 3615 1883 3689 io-

710 3736 815 3810 ierno
842 3735 985 3810 videtur
1010 3735 1160 3809 omnino
1185 3736 1413 3830 praeteriisse
1439 3735 1494 3809 Ad
1524 3736 1632 3810 cuius
1664 3736 1766 3811 sortis
1797 3734 1881 3810 nodi

710 3854 982 3930 dissolutionem
1009 3861 1065 3928 est
1089 3853 1296 3948 dicendum,
1322 3855 1421 3948 qnod
1447 3863 1555 3950 pocta
1579 3862 1697 3952 potest
1721 3854 1792 3930 dici
1812 3876 1883 3950 pu-

712 3975 807 4050 nisse
831 3973 1003 4048 invidiam
1028 3981 1066 4048 et
1089 3974 1238 4050 inanem
1260 3975 1415 4072 gloriam
1441 3975 1479 4050 in
1505 3976 1660 4070 inferno,
1677 3975 1741 4050 sed
1761 3973 1882 4070 impli-

710 4096 781 4170 cite
806 4101 843 4169 et
867 4096 1020 4170 occulte.
1048 4095 1298 4170 consideravit
1323 4095 1432 4190 enim,
1460 4095 1558 4190 quod
1583 4096 1650 4171 ista
1680 4097 1755 4169 duo
1780 4095 1880 4189 vitia,

711 4216 794 4292 licet
819 4215 1011 4290 videantur
1036 4215 1181 4290 diversa
1206 4223 1242 4289 et
1267 4215 1405 4291 habere
1425 4216 1589 4305 diver-sos
1609 4216 1802 4291 ellectus'a
1819 4217 1884 4290 sn-

711 4336 847 4432 peruia,
866 4343 990 4410 tamen
1014 4337 1127 4411 ambo
1152 4342 1238 4410 sunt
1253 4336 1303 4410 ab
1318 4357 1395 4411 nno
1412 4336 1533 4432 stipite
1556 4344 1596 4411 et
1622 4337 1739 4434 magis
1758 4338 1883 4412 adhae-

712 4455 828 4530 rentia
855 4455 963 4530 matri
991 4477 1103 4549 quam
1131 4463 1284 4550 caetera3
1307 4477 1375 4531 nec
1388 4448 1427 4549 (²)
1453 4464 1528 4530 tam
1555 4457 1714 4551 superba
1739 4465 1778 4532 et
1801 4457 1884 4531 dili·

710 4596 801 4672 gens
820 4583 939 4651 mater
952 4584 1072 4672 potest
1087 4597 1134 4652 er
1152 4578 1276 4671 aliqua
1288 4585 1452 4672 partese
1471 4585 1690 4653 convertere
1703 4579 1792 4672 quin
1820 4580 1884 4654 has

711 4696 803 4771 duas
829 4697 918 4772 lilias
943 4717 1090 4794 semper
1115 4719 1242 4773 securn
1257 4687 1295 4790 (³)
1318 4699 1449 4772 mahat.
1481 4700 1521 4771 ln
1551 4699 1766 4795 purgatorio
1790 4718 1883 4774 vero

711 4817 759 4913 de
775 4818 981 4894 his-tractat
1006 4819 1174 4915 explicite
1200 4825 1237 4894 et
1261 4826 1401 4912 aperte,
1426 4819 1514 4913 qnia
1546 4819 1729 4914 duplicem
1757 4819 1884 4894 habuit

775 5003 801 5065 (¹)
818 5003 848 5053 Ε.
866 5004 931 5054 idest
948 5005 973 5054 in
990 5007 1057 5056 viam
1074 5005 1183 5062 invidia.
1413 5005 1441 5070 (¹)
1458 5007 1488 5058 Ε.
1505 5021 1554 5060 nec
1569 5013 1665 5058 lamen.

774 5077 801 5141 Ρ)
817 5079 848 5130 E.
864 5093 953 5132 aecum
969 5081 1071 5143 hbeat,
1087 5087 1114 5132 et
1130 5083 1225 5133 ualui.
