4542 6842
739 925 813 995 tte
1102 940 1305 995 counuruu
1330 940 1549 995 runeamru

735 1058 821 1179 gina
847 1084 1021 1178 requisita
1038 1104 1061 1159 a
1082 1104 1172 1179 rege
1192 1083 1280 1177 quid
1299 1083 1419 1177 vellet,
1437 1082 1564 1178 petivit
1579 1081 1834 1158 liberationem
1851 1086 1909 1159 sni

734 1202 859 1299 populi
885 1203 1022 1278 hebraei
1048 1222 1161 1298 quem
1186 1205 1306 1277 Arnen
1330 1203 1577 1278 destinaverat
1594 1203 1716 1278 morti.
1734 1204 1813 1279 Rex
1835 1204 1910 1281 ira-

737 1331 814 1399 tus·
828 1345 985 1421 surgens
1019 1324 1168 1400 intravit
1200 1322 1429 1417 viridarium,
1453 1330 1492 1399 et
1515 1323 1636 1399 Amen
1669 1325 1820 1400 territus
1845 1325 1910 1399 ivit

737 1464 869 1520 versus
895 1444 1061 1541 reginam
1089 1452 1129 1519 ut
1153 1445 1317 1539 placaret
1342 1465 1446 1520 earn:
1473 1451 1511 1519 et
1535 1464 1623 1519 ecce
1649 1465 1910 1522 terreremus

652 1548 658 1561 '
735 1564 772 1637 in
797 1564 1010 1640 cubiculum
1038 1565 1175 1661 reperit
1200 1565 1317 1640 Amara
1344 1566 1408 1659 qui
1433 1572 1629 1640 corruerat
1651 1586 1765 1660 super
1789 1568 1908 1641 lectu-

735 1684 815 1759 lum
841 1684 878 1758 in
903 1706 978 1780 quo
1003 1686 1152 1761 sedebat
1172 1685 1313 1778 Esther,
1331 1693 1369 1761 et
1384 1685 1494 1759 dixit:
1512 1685 1623 1761 etiam
1642 1685 1807 1783 reginam
1829 1690 1907 1762 vult

735 1806 945 1902 opprimere
981 1827 1041 1882 me
1074 1810 1279 1902 praesentet
1303 1806 1349 1879 Et
1372 1806 1548 1881 continuo
1583 1828 1681 1881 unns
1713 1808 1908 1881 eunuchus

735 1926 825 2003 dixit
851 1926 949 2022 regi:
972 1926 1054 2001 vide
1071 1925 1212 2023 lignum
1231 1926 1329 2020 quod
1347 1926 1469 2020 parari
1487 1925 1572 2001 iecit
1588 1947 1656 2022 pro
1674 1933 1794 2001 morte
1811 1927 1906 2001 llar—

734 2045 885 2121 docbaei.
912 2045 978 2119 Cui
1004 2045 1093 2120 dixit
1118 2067 1202 2119 rex:
1228 2046 1420 2141 appendite
1445 2066 1532 2120 eum
1560 2045 1597 2119 in
1623 2066 1689 2121 eo:
1715 2046 1829 2121 etsie
1853 2045 1908 2120 i-

735 2174 837 2241 ctum
865 2174 930 2260 est,
957 2174 994 2241 et
1020 2165 1116 2261 regis
1142 2166 1197 2241 ira
1223 2166 1373 2260 quievit,
1391 2173 1429 2241 et
1454 2166 1628 2241 contiuuo
1650 2188 1716 2241 reu
1739 2167 1909 2241 substulit

734 2288 1005 2363 Mardonbaeum
1031 2286 1068 2361 in
1094 2288 1218 2361 locum
1234 2290 1365 2381 Aman,
1386 2287 1477 2362 dans
1494 2287 1562 2362 sibi
1581 2288 1774 2382 annulum,
1805 2294 1843 2361 et
1861 2286 1907 2361 ad

734 2426 863 2503 preces
888 2407 1018 2481 Esther
1044 2405 1232 2481 revocavit
1256 2406 1379 2482 literas
1405 2407 1534 2481 missas
1559 2407 1595 2480 in
1621 2406 1820 2502 perniciem
1845 2408 1908 2502 ju·

734 2526 923 2621 daeorum3
950 2533 986 2600 et
1012 2527 1141 2601 decem
1167 2526 1229 2601 filii
1254 2528 1373 2601 Aman
1400 2528 1567 2624 suspensi
1596 2535 1693 2621 suut,
1719 2539 1757 2605 et
1781 2528 1907 2601 multi-

736 2646 825 2721 tudo
853 2646 1013 2721 maxima
1038 2646 1229 2722 interiecta
1254 2655 1308 2722 est
1332 2669 1356 2721 a
1376 2647 1508 2744 judaeis
1540 2641 1751 2740 numero(¹)
1775 2668 1908 2723 eorum

736 2766 801 2860 qui
826 2772 1047 2861 paraverant
1073 2765 1279 2842 interlicere
1305 2787 1379 2842 eos.
1404 2767 1493 2856 Quis
1508 2759 1545 2860 (¹)
1572 2768 1609 2841 in
1641 2769 1712 2843 boc
1736 2788 1811 2841 uon
1836 2767 1907 2841 mi·

736 2894 842 2961 retur
854 2886 1034 2981 justitiam
1055 2894 1093 2961 et
1112 2887 1326 2982 sapientiam
1343 2888 1434 2963 lleit
1451 2890 1515 2983 qui
1533 2908 1607 2974 non
1623 2891 1744 2963 solnm
1763 2889 1904 2984 punivit

738 3005 999 3101 malignitatem
1025 3005 1154 3100 aman,
1181 3007 1245 3082 sed
1270 3008 1477 3105 excogitata
1508 3009 1546 3082 in
1576 3010 1689 3084 alium
1724 3015 1906 3085 tormenta

736 3126 916 3201 convertit
928 3126 965 3199 in
978 3130 1084 3200 eum!
1101 3127 1132 3201 N
1136 3148 1207 3202 unc
1222 3128 1269 3201 ad
1287 3129 1432 3203 literam
1448 3129 1533 3205 dicit
1551 3137 1677 3224 poeta:
1693 3134 1759 3203 Poi
1767 3134 1907 3223 pioooe,

735 3245 882 3341 scilicet,
915 3267 981 3341 per
1015 3248 1305 3342 imaginatiram,
1338 3252 1463 3322 dentre
1494 3252 1641 3323 merua
1670 3254 1829 3344 saatmw
1859 3274 1908 3325 aa

735 3370 925 3459 mumfissm
946 3367 1080 3441 scilicet
1098 3368 1217 3441 Aman
1241 3369 1338 3443 altus
1363 3369 1542 3465 princeps,
1560 3371 1624 3465 qui
1647 3372 1830 3445 exaltatus
1853 3378 1909 3445 est

733 3486 771 3560 in
796 3506 947 3561 crucem
973 3486 1185 3563 altissimam
1204 3508 1290 3562 cum
1312 3510 1460 3564 summa
1478 3490 1679 3587 ignominia
1705 3498 1743 3566 et
1768 3491 1908 3565 exalta-

734 3607 834 3682 tione
859 3607 981 3697 bostis,
1007 3628 1120 3701 quem
1146 3608 1377 3683 infestissime
1408 3610 1548 3706 oderat,
1580 3614 1778 3707 dispectoso,
1804 3611 1907 3703 idest,

736 3726 1041 3825 indignabundus,
1066 3729 1210 3821 efiero,
1236 3728 1328 3803 idest
1352 3730 1511 3805 crudelis
1544 3731 1630 3825 quia
1663 3752 1906 3807 numerosum

735 3868 854 3943 genus
875 3847 1111 3923 innocentum
1130 3850 1276 3923 volebat
1292 3849 1491 3925 crudeliter
1508 3851 1656 3926 tradere
1673 3852 1794 3947 morti,
1811 3856 1904 3927 netto

734 3990 801 4043 cua
826 3972 927 4060 vom,
953 3969 1055 4064 idest,
1081 3969 1305 4065 apparentia,
1330 3992 1349 4043 e
1380 3974 1474 4044 rotat
1494 3975 1527 4045 si
1550 3976 1682 4064 moria,
1705 3982 1753 4048 en
1782 3974 1839 4051 ira
1869 3983 1909 4051 et

735 4087 983 4184 indignatione
1009 4089 1105 4186 regis
1126 4089 1296 4184 assueri,
1317 4091 1416 4166 unde
1435 4092 1575 4166 subdit:
1592 4096 1734 4167 intorno
1751 4096 1800 4167 ud
1813 4116 1908 4188 csso,

736 4207 882 4301 scilicet,
907 4210 1036 4302 riman,
1062 4213 1089 4283 tt
1110 4213 1249 4301 pronde
1276 4216 1444 4302 Assumo,
1469 4212 1609 4306 supple,
1640 4213 1740 4307 pluit.
1768 4213 1813 4287 Et
1849 4214 1909 4289 bio

736 4329 820 4404 volo
846 4334 882 4401 te
907 4328 1012 4423 seire,
1030 4329 1129 4424 quod
1148 4330 1205 4404 bic
1220 4329 1406 4405 bssuerus
1421 4330 1490 4405 init
1506 4332 1694 4409 cambises
1712 4333 1806 4407 iilius
1823 4334 1908 4430 Cyri

737 4448 820 4523 victi
836 4470 860 4523 a
876 4449 1048 4543 Tbamiri,
1066 4450 1129 4544 qui
1146 4451 1244 4546 apud
1269 4452 1423 4525 Esdram
1448 4450 1582 4526 dicitur
1605 4452 1841 4547 Artaxerses3
1868 4454 1904 4528 iu

736 4570 859 4644 Juditb
884 4590 974 4644 vero
999 4570 1132 4645 dicitur
1164 4571 1512 4666 Nabuchodonosor,
1538 4594 1651 4668 quem
1678 4582 1786 4670 poeta
1812 4577 1907 4651 bene

737 4697 842 4766 vocat
869 4712 1056 4787 magnum.
1084 4694 1177 4766 Nam
1203 4694 1280 4788 ipse
1300 4692 1458 4767 condidit
1476 4704 1650 4791 magnam
1667 4695 1905 4794 Babyloniam

736 4810 772 4883 in
798 4811 954 4907 AEgypto
980 4816 1017 4884 et
1042 4812 1088 4884 ab
1106 4811 1206 4885 lndia
1225 4832 1344 4906 usque
1360 4813 1581 4909 AEtbiopiam
1604 4816 1722 4889 tenuit
1747 4838 1904 4912 regnum

799 5066 827 5130 (¹)
844 5067 875 5117 E.
891 5081 906 5119 e
922 5068 949 5119 S.
965 5070 997 5119 du
1013 5084 1133 5123 numero.
1336 5071 1365 5136 (Ἴ
1378 5072 1404 5122 S.
1423 5073 1485 5123 cE.
1501 5073 1564 5135 Quis
1579 5086 1645 5138 ergo
1659 5074 1759 5128 mbae.
