4542 6842
719 953 860 1010 murus
884 953 1044 1008 uramus
1068 951 1247 1030 eunucus
1499 937 1570 1006 att

397 1118 511 1194 quam
541 1119 627 1174 cum
660 1101 737 1194 ipse
764 1117 877 1176 muer
904 1098 1105 1193 reperisset
1138 1095 1371 1170 coniunctam
1400 1116 1573 1172 amorosa

399 1239 484 1294 curu
511 1219 700 1296 llinciardn
725 1217 836 1294 nobili
851 1219 991 1314 juvene
1008 1219 1054 1292 de
1072 1217 1265 1292 llalnardis
1280 1217 1328 1291 de
1345 1217 1570 1310 fluctuantia,

399 1361 446 1415 ex
471 1340 604 1416 astutia
630 1340 761 1435 puellm
786 1345 823 1414 et
848 1339 1077 1434 simplicitate
1096 1341 1276 1430 materna,
1293 1337 1574 1432 prudentissima

401 1460 485 1536 lacit
510 1479 594 1534 aum
619 1457 830 1554 desponsari
854 1458 934 1534 siue
959 1457 1202 1532 diminutione
1228 1457 1387 1550 honeris,
1403 1457 1499 1532 sicut
1512 1458 1574 1552 jo»

400 1580 569 1654 cunditer
578 1571 616 1672 (⁴)
635 1577 760 1654 scribit
777 1577 996 1653 Maccius
1012 1577 1059 1652 de
1074 1576 1254 1652 Certaldo.
1272 1575 1316 1648 lit
1333 1577 1497 1652 nominat
1515 1597 1576 1653 se·

401 1700 578 1793 cundum,
603 1699 746 1774 diceus:
772 1705 805 1772 et
828 1701 962 1789 Atrine
988 1699 1182 1772 Mnmardi.
1213 1697 1286 1772 late
1309 1697 1356 1772 de
1381 1698 1574 1774 Maiuardis

401 1819 448 1895 de
473 1819 687 1894 Breteunrio
711 1818 877 1894 similiter
899 1818 957 1893 vir
982 1817 1111 1892 nabilis
1128 1823 1166 1892 et
1184 1817 1346 1911 prudeus
1361 1817 1430 1892 luit
1446 1818 1483 1892 iu
1501 1819 1576 1896 vitu

401 1940 521 2014 socius
546 1939 649 2014 istius
673 1938 811 2013 domiui
831 1937 1017 2033 (luidonis,
1035 1937 1098 2032 qui
1116 1937 1292 2032 loquitur.
1310 1937 1392 2031 Qui,
1410 1959 1456 2014 eo
1473 1959 1576 2013 men

401 2067 478 2154 tuo,
504 2060 589 2134 lecit
619 2059 734 2134 secari
754 2050 790 2152 (¹)
825 2059 965 2155 liguum
996 2079 1064 2153 per
1095 2058 1273 2152 medium,
1304 2058 1341 2132 iu
1374 2079 1450 2152 qun
1481 2059 1576 2135 saliti

400 2187 506 2256 eraut
530 2180 642 2256 ambo
672 2180 813 2274 sedere,
830 2197 997 2254 assereus
1014 2177 1114 2271 qued
1132 2197 1206 2252 nnn
1228 2185 1457 2253 remanserat
1480 2179 1576 2253 alius

399 2299 525 2374 similis
551 2299 587 2374 ln
614 2299 829 2374 liberalitate
854 2305 891 2374 et
916 2297 1214 2390 honorificarem
1233 2298 1316 2372 iden
1332 2298 1427 2372 bene
1443 2298 1576 2392 qumit

401 2435 500 2494 nunc
524 2419 571 2494 da
596 2439 641 2494 eo
675 2418 738 2492 ubi
762 2419 831 2511 sit3
856 2417 961 2512 quasi
987 2417 1101 2492 dicut:
1129 2436 1203 2492 unu
1227 2417 1413 2493 iuvenitur
1436 2419 1573 2494 similis

401 2537 538 2614 Deinde
567 2538 733 2613 nominat
763 2537 854 2612 alios
883 2537 977 2612 duas
1007 2538 1157 2632 spiritus
1189 2538 1361 2630 illustres,
1385 2545 1424 2613 et
1455 2539 1575 2634 primo

402 2660 553 2733 Petrum
586 2658 878 2734 Travamarium.
912 2657 977 2732 Hic
1011 2657 1079 2734 luit
1113 2657 1285 2732 domiuus
1317 2659 1471 2734 civitatis
1502 2661 1575 2734 lla·

403 2761 545 2870 venum,
571 2777 628 2852 vir
654 2778 912 2875 magnanimus
937 2783 974 2852 et
1001 2778 1230 2875 magnificus,
1250 2779 1313 2873 qui
1334 2779 1445 2853 liliam
1465 2801 1573 2856 suam

402 2898 548 2974 tradidit
564 2899 601 2973 iu
620 2917 777 2974 urorum
797 2899 982 2993 Stephano
1000 2899 1078 2996 regi
1098 2899 1319 2996 lluugariae3
1337 2898 1462 2973 lloruit
1479 2903 1585 2974 taur·-v

403 3039 494 3114 pure
519 3018 691 3094 Friderici
708 3020 750 3112 ll,
768 3025 806 3094 et
829 3035 943 3094 ausus
960 3026 1016 3094 est
1033 3020 1210 3095 recedere
1224 3020 1273 3093 al)
1293 3040 1350 3094 eo.
1369 3019 1453 3094 Post
1468 3020 1576 3094 cuius

404 3144 561 3214 martem
579 3138 787 3214 Fridericus
803 3138 944 3214 dimit
960 3139 1187 3232 Ravennam,
1199 3149 1238 3215 et
1254 3139 1360 3233 oepit.
1377 3139 1463 3215 ldcn
1481 3140 1576 3214 bana

402 3259 536 3355 quaerit
561 3258 774 3353 intellude,
793 3261 876 3332 Piar
898 3263 1132 3350 statuturo,
1153 3258 1217 3332 uni
1238 3263 1319 3332 esti
1336 3259 1441 3353 quusi
1457 3258 1573 3333 dicat:
1734 3305 1739 3312 -

401 3380 680 3475 quaestione
700 3379 870 3454 dominus
895 3379 933 3452 in
957 3378 1197 3454 llnmandinla
1221 3378 1349 3452 similis
1372 3378 1452 3471 sihi,
1471 3399 1575 3454 ama-

402 3507 461 3576 tur
486 3519 564 3574 suae
588 3500 768 3575 civitatis?
794 3500 837 3573 lit
862 3499 1026 3574 nominat
1051 3498 1178 3592 alium,
1195 3498 1376 3573 diceua:e
1403 3502 1516 3572 Guido
1536 3501 1575 3573 di

260 3693 264 3703 ,
405 3623 612 3713 Gutum?
637 3621 707 3694 lata
732 3619 800 3693 luit
826 3617 954 3695 nobilis
970 3618 1028 3692 vir
1044 3617 1090 3692 de
1106 3617 1346 3713 lllnutaleltrn,
1365 3620 1428 3712 qui
1445 3637 1576 3694 omues

402 3741 469 3816 sibi
495 3761 603 3836 pares
618 3740 835 3815 liberalitate
850 3739 1055 3834 superavit:
1073 3737 1120 3812 da
1137 3754 1213 3832 qun
1229 3739 1341 3814 audin
1358 3740 1470 3834 quod,
1487 3758 1575 3814 num

404 3861 546 3936 launna
569 3860 734 3934 solemne
759 3857 969 3962 convivium
994 3859 1031 3932 iu
1052 3857 1279 3954 Bretauorio,
1294 3859 1486 3935 deliciante
1511 3879 1577 3955 pe·

403 3980 525 4074 cunia,
539 3978 623 4054 lacit
633 3979 742 4054 vendi
758 3979 948 4054 dimidium
966 3993 1065 4054 carte
1080 3981 1211 4054 cultrre
1223 3971 1260 4072 (³)
1276 4000 1388 4073 quam
1407 3979 1575 4054 lrabumt

405 4101 458 4174 lle
475 4120 549 4192 qua
569 4118 609 4173 re
627 4099 835 4194 increpatus
854 4119 876 4172 r
898 4099 1077 4195 familiari,
1094 4099 1338 4174 curialitatem
1359 4121 1465 4174 suam
1486 4119 1577 4174 nnn-

403 4217 493 4294 divit
517 4219 647 4294 curiali
671 4225 886 4312 scommate,
906 4218 1047 4296 diceus:
1073 4221 1173 4313 quud
1199 4220 1236 4294 iu
1260 4225 1388 4296 metata
1411 4241 1488 4316 proe
1512 4241 1576 4296 ca·

404 4341 483 4415 lure
508 4337 655 4414 tenebat
680 4339 791 4434 pedes
814 4344 935 4433 extra,
952 4346 989 4414 et
1006 4339 1043 4414 iu
1063 4342 1198 4437 hyeme
1223 4361 1313 4416 raro
1337 4362 1414 4436 prae
1438 4340 1577 4437 frigore

404 4460 551 4536 tenebat
576 4477 687 4534 crura
713 4461 911 4534 contracta.
939 4459 1024 4534 ldeo
1048 4460 1117 4534 iste
1141 4460 1260 4535 Guidn
1279 4460 1338 4534 del
1355 4461 1469 4554 Dura,
1485 4479 1576 4534 cnu-

404 4577 567 4654 sidetaus
592 4579 684 4653 tales
708 4577 808 4654 viror
832 4578 870 4652 iu
895 4578 1133 4654 ilomandinln
1154 4579 1282 4675 dignm
1306 4599 1460 4654 romana
1484 4578 1576 4654 ciui-

405 4707 490 4792 tate,
515 4698 698 4773 cremarat
717 4717 809 4772 ‘cum
835 4697 979 4773 dolore:
1011 4702 1042 4772 0
1065 4701 1290 4789 νοηιαρηιιοᾰ·
1309 4703 1440 4772 tnrnmi
1454 4702 1494 4772 in
1509 4698 1575 4772 tu-

401 4822 539 4894 stnrdi!
569 4817 683 4891 Nimis
715 4818 903 4892 curialiter
934 4817 1098 4911 loquitur
1129 4818 1216 4892 iste:
1247 4819 1362 4893 immo
1390 4819 1575 4894 debuisset

468 5077 496 5139 (n
513 5077 568 5128 aa
580 5077 764 5141 lunum.
826 5075 855 5140 ρ)
870 5077 897 5128 s.
907 5077 993 5130 mn
1008 5075 1089 5128 aet-n
1104 5077 1215 5141 upa.
1275 5077 1304 5140 r)
1319 5077 1351 5129 a
1366 5085 1433 5128 w·
1449 5076 1575 5128 mune.
