<?xml version="1.0" encoding="UTF-8"?>
<!DOCTYPE html PUBLIC "-//W3C//DTD XHTML 1.0 Transitional//EN"
    "http://www.w3.org/TR/xhtml1/DTD/xhtml1-transitional.dtd">
<html xmlns="http://www.w3.org/1999/xhtml" xml:lang="en" lang="en">
 <head>
  <title>
</title>
<meta http-equiv="Content-Type" content="text/html;charset=utf-8" />
  <meta name='ocr-system' content='tesseract 3.04.00' />
  <meta name='ocr-capabilities' content='ocr_page ocr_carea ocr_par ocr_line ocrx_word'/>
</head>
<body>
  <div class='ocr_page' id='page_1' title='image "./comentumsuperda01unkngoog_0032.png"; bbox 0 0 4542 6842; ppageno 0'>
   <div class='ocr_carea' id='block_1_1' title="bbox 677 927 1485 1010">
    <p class='ocr_par' dir='ltr' id='par_1_1' title="bbox 677 927 1485 1010">
     <span class='ocr_line' id='line_1_1' title="bbox 677 927 1485 1010; baseline -0.005 0"><span class='ocrx_word' id='word_1_1' title='bbox 677 945 732 1010; x_wconf 39' lang='lat'><strong>22*</strong></span> <span class='ocrx_word' id='word_1_2' title='bbox 1037 953 1241 1008; x_wconf 81' lang='lat' dir='ltr'><strong>couenruu</strong></span> <span class='ocrx_word' id='word_1_3' title='bbox 1266 927 1485 1008; x_wconf 70' lang='lat' dir='ltr'><strong>ronolromr</strong></span> 
     </span>
    </p>
   </div>
   <div class='ocr_carea' id='block_1_2' title="bbox 666 1098 1852 4926">
    <p class='ocr_par' dir='ltr' id='par_1_2' title="bbox 666 1098 1852 4926">
     <span class='ocr_line' id='line_1_2' title="bbox 675 1098 1850 1196; baseline -0.003 -18"><span class='ocrx_word' id='word_1_4' title='bbox 675 1101 789 1178; x_wconf 78' lang='lat' dir='ltr'><strong>verbo</strong></span> <span class='ocrx_word' id='word_1_5' title='bbox 814 1098 916 1174; x_wconf 81' lang='lat' dir='ltr'><strong>Plinii</strong></span> <span class='ocrx_word' id='word_1_6' title='bbox 942 1100 1001 1174; x_wconf 85' lang='lat' dir='ltr'><strong>Vll</strong></span> <span class='ocrx_word' id='word_1_7' title='bbox 1025 1099 1209 1174; x_wconf 89' lang='lat' dir='ltr'><strong>Naturalis</strong></span> <span class='ocrx_word' id='word_1_8' title='bbox 1228 1098 1407 1193; x_wconf 74' lang='lat' dir='ltr'><strong>Historia,</strong></span> <span class='ocrx_word' id='word_1_9' title='bbox 1432 1098 1500 1174; x_wconf 84' lang='lat' dir='ltr'><strong>luit</strong></span> <span class='ocrx_word' id='word_1_10' title='bbox 1524 1100 1683 1196; x_wconf 90' lang='lat' dir='ltr'><strong>optimus</strong></span> <span class='ocrx_word' id='word_1_11' title='bbox 1708 1107 1850 1195; x_wconf 87' lang='lat' dir='ltr'><strong>orator,</strong></span> 
     </span>
     <span class='ocr_line' id='line_1_3' title="bbox 675 1219 1850 1318; baseline -0.001 -21"><span class='ocrx_word' id='word_1_12' title='bbox 675 1221 835 1318; x_wconf 88' lang='lat' dir='ltr'><strong>optimus</strong></span> <span class='ocrx_word' id='word_1_13' title='bbox 868 1227 1027 1314; x_wconf 92' lang='lat' dir='ltr'><strong>senator,</strong></span> <span class='ocrx_word' id='word_1_14' title='bbox 1061 1219 1221 1316; x_wconf 88' lang='lat' dir='ltr'><strong>optimus</strong></span> <span class='ocrx_word' id='word_1_15' title='bbox 1256 1219 1467 1314; x_wconf 89' lang='lat' dir='ltr'><strong>imperator.</strong></span> <span class='ocrx_word' id='word_1_16' title='bbox 1502 1219 1650 1314; x_wconf 80' lang='lat' dir='ltr'>Orator,</span> <span class='ocrx_word' id='word_1_17' title='bbox 1686 1221 1850 1316; x_wconf 86' lang='lat' dir='ltr'><strong>iuquam,</strong></span> 
     </span>
     <span class='ocr_line' id='line_1_4' title="bbox 675 1338 1852 1436; baseline -0.002 -19"><span class='ocrx_word' id='word_1_18' title='bbox 675 1339 976 1436; x_wconf 86' lang='lat' dir='ltr'><strong>elegantissimus,</strong></span> <span class='ocrx_word' id='word_1_19' title='bbox 1003 1347 1152 1415; x_wconf 91' lang='lat' dir='ltr'><strong>senator</strong></span> <span class='ocrx_word' id='word_1_20' title='bbox 1177 1338 1428 1436; x_wconf 85' lang='lat' dir='ltr'><strong>gravissimus,</strong></span> <span class='ocrx_word' id='word_1_21' title='bbox 1453 1338 1653 1435; x_wconf 88' lang='lat' dir='ltr'><strong>imperator</strong></span> <span class='ocrx_word' id='word_1_22' title='bbox 1678 1341 1852 1417; x_wconf 83' lang='lat' dir='ltr'><strong>victorio-</strong></span> 
     </span>
     <span class='ocr_line' id='line_1_5' title="bbox 674 1459 1849 1558; baseline 0.003 -25"><span class='ocrx_word' id='word_1_23' title='bbox 674 1460 848 1534; x_wconf 90' lang='lat' dir='ltr'><strong>sissimus.</strong></span> <span class='ocrx_word' id='word_1_24' title='bbox 875 1461 967 1534; x_wconf 89' lang='lat' dir='ltr'><strong>Nam</strong></span> <span class='ocrx_word' id='word_1_25' title='bbox 994 1461 1031 1533; x_wconf 97' lang='lat' dir='ltr'><strong>in</strong></span> <span class='ocrx_word' id='word_1_26' title='bbox 1043 1461 1242 1556; x_wconf 76' lang='lat' dir='ltr'><strong>iuventute</strong></span> <span class='ocrx_word' id='word_1_27' title='bbox 1263 1459 1388 1534; x_wconf 90' lang='lat' dir='ltr'><strong>multis</strong></span> <span class='ocrx_word' id='word_1_28' title='bbox 1404 1459 1512 1534; x_wconf 89' lang='lat' dir='ltr'><strong>claris</strong></span> <span class='ocrx_word' id='word_1_29' title='bbox 1533 1461 1663 1558; x_wconf 83' lang='lat' dir='ltr'><strong>pugnis</strong></span> <span class='ocrx_word' id='word_1_30' title='bbox 1682 1469 1849 1556; x_wconf 88' lang='lat' dir='ltr'><strong>ornatus,</strong></span> 
     </span>
     <span class='ocr_line' id='line_1_6' title="bbox 674 1580 1847 1680; baseline 0.003 -27"><span class='ocrx_word' id='word_1_31' title='bbox 674 1590 868 1676; x_wconf 86' lang='lat' dir='ltr'><strong>postquam</strong></span> <span class='ocrx_word' id='word_1_32' title='bbox 893 1581 941 1655; x_wconf 92' lang='lat' dir='ltr'><strong>ad</strong></span> <span class='ocrx_word' id='word_1_33' title='bbox 965 1586 1112 1656; x_wconf 79' lang='lat' dir='ltr'><strong>aaron</strong></span> <span class='ocrx_word' id='word_1_34' title='bbox 1133 1586 1170 1656; x_wconf 90' lang='lat' dir='ltr'><strong>et</strong></span> <span class='ocrx_word' id='word_1_35' title='bbox 1187 1581 1400 1680; x_wconf 84' lang='lat' dir='ltr'><strong>dignitatem</strong></span> <span class='ocrx_word' id='word_1_36' title='bbox 1419 1580 1529 1674; x_wconf 91' lang='lat' dir='ltr'><strong>venit,</strong></span> <span class='ocrx_word' id='word_1_37' title='bbox 1547 1581 1657 1657; x_wconf 88' lang='lat' dir='ltr'><strong>laude</strong></span> <span class='ocrx_word' id='word_1_38' title='bbox 1674 1582 1847 1678; x_wconf 89' lang='lat' dir='ltr'><strong>muliplici</strong></span> 
     </span>
     <span class='ocr_line' id='line_1_7' title="bbox 673 1699 1851 1795; baseline 0.001 -19"><span class='ocrx_word' id='word_1_39' title='bbox 673 1700 791 1776; x_wconf 86' lang='lat' dir='ltr'><strong>extitit</strong></span> <span class='ocrx_word' id='word_1_40' title='bbox 816 1701 1040 1795; x_wconf 90' lang='lat' dir='ltr'><strong>honestatus,</strong></span> <span class='ocrx_word' id='word_1_41' title='bbox 1058 1700 1147 1773; x_wconf 92' lang='lat' dir='ltr'><strong>nulli</strong></span> <span class='ocrx_word' id='word_1_42' title='bbox 1176 1700 1367 1774; x_wconf 91' lang='lat' dir='ltr'><strong>bominum</strong></span> <span class='ocrx_word' id='word_1_43' title='bbox 1393 1699 1589 1794; x_wconf 76' lang='lat' dir='ltr'><strong>secundm,</strong></span> <span class='ocrx_word' id='word_1_44' title='bbox 1616 1700 1778 1776; x_wconf 89' lang='lat' dir='ltr'><strong>inomni</strong></span> <span class='ocrx_word' id='word_1_45' title='bbox 1806 1723 1851 1777; x_wconf 87' lang='lat' dir='ltr'><strong>re</strong></span> 
     </span>
     <span class='ocr_line' id='line_1_8' title="bbox 675 1818 1847 1918; baseline 0.002 -24"><span class='ocrx_word' id='word_1_46' title='bbox 675 1841 788 1915; x_wconf 90' lang='lat' dir='ltr'><strong>quam</strong></span> <span class='ocrx_word' id='word_1_47' title='bbox 807 1820 1092 1918; x_wconf 78' lang='lat' dir='ltr'><strong>aggrediebatur</strong></span> <span class='ocrx_word' id='word_1_48' title='bbox 1111 1819 1411 1913; x_wconf 80' lang='lat' dir='ltr'><strong>modestissimus,</strong></span> <span class='ocrx_word' id='word_1_49' title='bbox 1429 1819 1467 1893; x_wconf 91' lang='lat' dir='ltr'><strong>in</strong></span> <span class='ocrx_word' id='word_1_50' title='bbox 1483 1818 1724 1896; x_wconf 88' lang='lat' dir='ltr'><strong>advocatione</strong></span> <span class='ocrx_word' id='word_1_51' title='bbox 1741 1841 1847 1896; x_wconf 88' lang='lat' dir='ltr'><strong>acer·</strong></span> 
     </span>
     <span class='ocr_line' id='line_1_9' title="bbox 675 1938 1847 2036; baseline 0 -22"><span class='ocrx_word' id='word_1_52' title='bbox 675 1941 804 2036; x_wconf 85' lang='lat' dir='ltr'><strong>rimus,</strong></span> <span class='ocrx_word' id='word_1_53' title='bbox 830 1940 917 2014; x_wconf 91' lang='lat' dir='ltr'><strong>nulli</strong></span> <span class='ocrx_word' id='word_1_54' title='bbox 944 1940 1087 2032; x_wconf 84' lang='lat' dir='ltr'><strong>cedens,</strong></span> <span class='ocrx_word' id='word_1_55' title='bbox 1109 1940 1186 2013; x_wconf 91' lang='lat' dir='ltr'><strong>imo</strong></span> <span class='ocrx_word' id='word_1_56' title='bbox 1202 1945 1304 2014; x_wconf 89' lang='lat' dir='ltr'><strong>tanto</strong></span> <span class='ocrx_word' id='word_1_57' title='bbox 1321 1938 1462 2033; x_wconf 90' lang='lat' dir='ltr'><strong>durior,</strong></span> <span class='ocrx_word' id='word_1_58' title='bbox 1479 1946 1618 2034; x_wconf 86' lang='lat' dir='ltr'><strong>quanto</strong></span> <span class='ocrx_word' id='word_1_59' title='bbox 1640 1941 1699 2016; x_wconf 92' lang='lat' dir='ltr'><strong>ille</strong></span> <span class='ocrx_word' id='word_1_60' title='bbox 1718 1947 1847 2016; x_wconf 87' lang='lat' dir='ltr'><strong>contra</strong></span> 
     </span>
     <span class='ocr_line' id='line_1_10' title="bbox 675 2059 1849 2157; baseline 0 -23"><span class='ocrx_word' id='word_1_61' title='bbox 675 2082 787 2156; x_wconf 89' lang='lat' dir='ltr'><strong>quem</strong></span> <span class='ocrx_word' id='word_1_62' title='bbox 813 2061 954 2154; x_wconf 90' lang='lat' dir='ltr'><strong>orabat,</strong></span> <span class='ocrx_word' id='word_1_63' title='bbox 980 2066 1060 2134; x_wconf 91' lang='lat' dir='ltr'><strong>erat</strong></span> <span class='ocrx_word' id='word_1_64' title='bbox 1086 2059 1217 2152; x_wconf 90' lang='lat' dir='ltr'><strong>maior,</strong></span> <span class='ocrx_word' id='word_1_65' title='bbox 1242 2079 1339 2155; x_wconf 86' lang='lat' dir='ltr'><strong>saepe</strong></span> <span class='ocrx_word' id='word_1_66' title='bbox 1363 2079 1541 2132; x_wconf 89' lang='lat' dir='ltr'><strong>accusans</strong></span> <span class='ocrx_word' id='word_1_67' title='bbox 1571 2060 1723 2155; x_wconf 89' lang='lat' dir='ltr'><strong>nobiles,</strong></span> <span class='ocrx_word' id='word_1_68' title='bbox 1750 2081 1849 2157; x_wconf 84' lang='lat' dir='ltr'><strong>saepe</strong></span> 
     </span>
     <span class='ocr_line' id='line_1_11' title="bbox 672 2179 1847 2276; baseline -0.001 -19"><span class='ocrx_word' id='word_1_69' title='bbox 672 2189 865 2257; x_wconf 88' lang='lat' dir='ltr'><strong>accusatus</strong></span> <span class='ocrx_word' id='word_1_70' title='bbox 889 2182 936 2256; x_wconf 90' lang='lat' dir='ltr'><strong>ab</strong></span> <span class='ocrx_word' id='word_1_71' title='bbox 962 2181 1040 2275; x_wconf 93' lang='lat' dir='ltr'><strong>illis,</strong></span> <span class='ocrx_word' id='word_1_72' title='bbox 1067 2180 1130 2256; x_wconf 91' lang='lat' dir='ltr'><strong>sed</strong></span> <span class='ocrx_word' id='word_1_73' title='bbox 1156 2200 1302 2275; x_wconf 83' lang='lat' dir='ltr'><strong>semper</strong></span> <span class='ocrx_word' id='word_1_74' title='bbox 1332 2179 1547 2274; x_wconf 82' lang='lat' dir='ltr'><strong>absolutus3</strong></span> <span class='ocrx_word' id='word_1_75' title='bbox 1581 2201 1649 2256; x_wconf 92' lang='lat' dir='ltr'><strong>nec</strong></span> <span class='ocrx_word' id='word_1_76' title='bbox 1681 2203 1847 2276; x_wconf 85' lang='lat' dir='ltr'><strong>unquam</strong></span> 
     </span>
     <span class='ocr_line' id='line_1_12' title="bbox 674 2299 1848 2396; baseline -0.001 -20"><span class='ocrx_word' id='word_1_77' title='bbox 674 2301 790 2376; x_wconf 87' lang='lat' dir='ltr'><strong>victus</strong></span> <span class='ocrx_word' id='word_1_78' title='bbox 815 2302 941 2376; x_wconf 91' lang='lat' dir='ltr'><strong>labore</strong></span> <span class='ocrx_word' id='word_1_79' title='bbox 966 2307 1004 2376; x_wconf 88' lang='lat' dir='ltr'><strong>et</strong></span> <span class='ocrx_word' id='word_1_80' title='bbox 1028 2301 1203 2396; x_wconf 90' lang='lat' dir='ltr'><strong>periculo,</strong></span> <span class='ocrx_word' id='word_1_81' title='bbox 1229 2306 1294 2374; x_wconf 92' lang='lat' dir='ltr'><strong>aut</strong></span> <span class='ocrx_word' id='word_1_82' title='bbox 1326 2299 1494 2395; x_wconf 89' lang='lat' dir='ltr'><strong>territus;</strong></span> <span class='ocrx_word' id='word_1_83' title='bbox 1520 2321 1675 2374; x_wconf 90' lang='lat' dir='ltr'><strong>securus</strong></span> <span class='ocrx_word' id='word_1_84' title='bbox 1700 2321 1848 2396; x_wconf 88' lang='lat' dir='ltr'><strong>semper</strong></span> 
     </span>
     <span class='ocr_line' id='line_1_13' title="bbox 672 2420 1848 2514; baseline 0 -18"><span class='ocrx_word' id='word_1_85' title='bbox 672 2427 709 2496; x_wconf 88' lang='lat' dir='ltr'><strong>et</strong></span> <span class='ocrx_word' id='word_1_86' title='bbox 734 2421 933 2497; x_wconf 81' lang='lat' dir='ltr'><strong>indefessus</strong></span> <span class='ocrx_word' id='word_1_87' title='bbox 958 2421 1005 2496; x_wconf 91' lang='lat' dir='ltr'><strong>ad</strong></span> <span class='ocrx_word' id='word_1_88' title='bbox 1030 2421 1166 2514; x_wconf 91' lang='lat' dir='ltr'><strong>omnia,</strong></span> <span class='ocrx_word' id='word_1_89' title='bbox 1192 2421 1242 2496; x_wconf 88' lang='lat' dir='ltr'><strong>ita</strong></span> <span class='ocrx_word' id='word_1_90' title='bbox 1269 2427 1309 2494; x_wconf 95' lang='lat' dir='ltr'><strong>ut</strong></span> <span class='ocrx_word' id='word_1_91' title='bbox 1335 2420 1522 2496; x_wconf 85' lang='lat' dir='ltr'><strong>videretur</strong></span> <span class='ocrx_word' id='word_1_92' title='bbox 1551 2420 1695 2496; x_wconf 82' lang='lat' dir='ltr'><strong>ferreus</strong></span> <span class='ocrx_word' id='word_1_93' title='bbox 1722 2423 1848 2496; x_wconf 90' lang='lat' dir='ltr'><strong>animo</strong></span> 
     </span>
     <span class='ocr_line' id='line_1_14' title="bbox 672 2540 1848 2638; baseline -0.003 -21"><span class='ocrx_word' id='word_1_94' title='bbox 672 2549 710 2618; x_wconf 88' lang='lat' dir='ltr'><strong>et</strong></span> <span class='ocrx_word' id='word_1_95' title='bbox 722 2562 895 2638; x_wconf 91' lang='lat' dir='ltr'><strong>corpore;</strong></span> <span class='ocrx_word' id='word_1_96' title='bbox 911 2563 997 2616; x_wconf 89' lang='lat' dir='ltr'><strong>nam</strong></span> <span class='ocrx_word' id='word_1_97' title='bbox 1012 2562 1218 2635; x_wconf 82' lang='lat' dir='ltr'><strong>numquam</strong></span> <span class='ocrx_word' id='word_1_98' title='bbox 1236 2540 1396 2636; x_wconf 87' lang='lat' dir='ltr'><strong>aliquam</strong></span> <span class='ocrx_word' id='word_1_99' title='bbox 1415 2547 1557 2636; x_wconf 89' lang='lat' dir='ltr'><strong>partem</strong></span> <span class='ocrx_word' id='word_1_100' title='bbox 1573 2541 1655 2614; x_wconf 78' lang='lat' dir='ltr'><strong>vita</strong></span> <span class='ocrx_word' id='word_1_101' title='bbox 1669 2542 1848 2636; x_wconf 84' lang='lat' dir='ltr'><strong>tranquil-</strong></span> 
     </span>
     <span class='ocr_line' id='line_1_15' title="bbox 671 2661 1846 2757; baseline 0.002 -21"><span class='ocrx_word' id='word_1_102' title='bbox 671 2663 745 2738; x_wconf 88' lang='lat' dir='ltr'><strong>lam</strong></span> <span class='ocrx_word' id='word_1_103' title='bbox 772 2661 886 2755; x_wconf 82' lang='lat' dir='ltr'><strong>duxit,</strong></span> <span class='ocrx_word' id='word_1_104' title='bbox 914 2662 999 2755; x_wconf 89' lang='lat' dir='ltr'><strong>quia</strong></span> <span class='ocrx_word' id='word_1_105' title='bbox 1026 2681 1232 2756; x_wconf 91' lang='lat' dir='ltr'><strong>numquam</strong></span> <span class='ocrx_word' id='word_1_106' title='bbox 1259 2661 1361 2736; x_wconf 92' lang='lat' dir='ltr'><strong>arei</strong></span> <span class='ocrx_word' id='word_1_107' title='bbox 1393 2661 1548 2757; x_wconf 82' lang='lat' dir='ltr'><strong>publicae</strong></span> <span class='ocrx_word' id='word_1_108' title='bbox 1579 2662 1846 2738; x_wconf 76' lang='lat' dir='ltr'><strong>ministratione</strong></span> 
     </span>
     <span class='ocr_line' id='line_1_16' title="bbox 671 2781 1845 2878; baseline -0.001 -21"><span class='ocrx_word' id='word_1_109' title='bbox 671 2782 848 2876; x_wconf 85' lang='lat' dir='ltr'><strong>cessabat,</strong></span> <span class='ocrx_word' id='word_1_110' title='bbox 876 2802 943 2857; x_wconf 90' lang='lat' dir='ltr'><strong>nec</strong></span> <span class='ocrx_word' id='word_1_111' title='bbox 971 2783 1081 2856; x_wconf 89' lang='lat' dir='ltr'><strong>ullam</strong></span> <span class='ocrx_word' id='word_1_112' title='bbox 1107 2787 1251 2878; x_wconf 91' lang='lat' dir='ltr'><strong>partem</strong></span> <span class='ocrx_word' id='word_1_113' title='bbox 1277 2782 1362 2856; x_wconf 75' lang='lat' dir='ltr'><strong>rita</strong></span> <span class='ocrx_word' id='word_1_114' title='bbox 1387 2782 1434 2855; x_wconf 88' lang='lat' dir='ltr'><strong>ab</strong></span> <span class='ocrx_word' id='word_1_115' title='bbox 1464 2781 1597 2856; x_wconf 89' lang='lat' dir='ltr'><strong>invidia</strong></span> <span class='ocrx_word' id='word_1_116' title='bbox 1622 2783 1845 2856; x_wconf 81' lang='lat' dir='ltr'><strong>oemulorum</strong></span> 
     </span>
     <span class='ocr_line' id='line_1_17' title="bbox 673 2901 1845 2998; baseline 0.002 -22"><span class='ocrx_word' id='word_1_117' title='bbox 673 2909 790 2976; x_wconf 90' lang='lat' dir='ltr'><strong>tutam</strong></span> <span class='ocrx_word' id='word_1_118' title='bbox 818 2902 901 2998; x_wconf 84' lang='lat' dir='ltr'><strong>egit.</strong></span> <span class='ocrx_word' id='word_1_119' title='bbox 928 2901 1013 2977; x_wconf 91' lang='lat' dir='ltr'><strong>ldeo</strong></span> <span class='ocrx_word' id='word_1_120' title='bbox 1039 2902 1291 2998; x_wconf 87' lang='lat' dir='ltr'><strong>octuagesimo</strong></span> <span class='ocrx_word' id='word_1_121' title='bbox 1315 2909 1421 2976; x_wconf 80' lang='lat' dir='ltr'><strong>serto</strong></span> <span class='ocrx_word' id='word_1_122' title='bbox 1451 2921 1549 2976; x_wconf 90' lang='lat' dir='ltr'><strong>anno</strong></span> <span class='ocrx_word' id='word_1_123' title='bbox 1578 2910 1772 2978; x_wconf 88' lang='lat' dir='ltr'><strong>accusatus</strong></span> <span class='ocrx_word' id='word_1_124' title='bbox 1797 2903 1845 2978; x_wconf 88' lang='lat' dir='ltr'><strong>de</strong></span> 
     </span>
     <span class='ocr_line' id='line_1_18' title="bbox 670 3023 1845 3119; baseline -0.001 -20"><span class='ocrx_word' id='word_1_125' title='bbox 670 3025 824 3099; x_wconf 92' lang='lat' dir='ltr'><strong>crimine</strong></span> <span class='ocrx_word' id='word_1_126' title='bbox 849 3023 1003 3119; x_wconf 88' lang='lat' dir='ltr'><strong>capitali,</strong></span> <span class='ocrx_word' id='word_1_127' title='bbox 1029 3045 1115 3098; x_wconf 93' lang='lat' dir='ltr'><strong>cum</strong></span> <span class='ocrx_word' id='word_1_128' title='bbox 1143 3024 1294 3099; x_wconf 90' lang='lat' dir='ltr'><strong>baberet</strong></span> <span class='ocrx_word' id='word_1_129' title='bbox 1322 3029 1469 3118; x_wconf 86' lang='lat' dir='ltr'><strong>paratos</strong></span> <span class='ocrx_word' id='word_1_130' title='bbox 1489 3025 1648 3119; x_wconf 81' lang='lat' dir='ltr'><strong>juvenes</strong></span> <span class='ocrx_word' id='word_1_131' title='bbox 1676 3031 1845 3099; x_wconf 81' lang='lat' dir='ltr'><strong>oratores</strong></span> 
     </span>
     <span class='ocr_line' id='line_1_19' title="bbox 671 3143 1843 3240; baseline 0.001 -21"><span class='ocrx_word' id='word_1_132' title='bbox 671 3145 735 3240; x_wconf 88' lang='lat' dir='ltr'><strong>qui</strong></span> <span class='ocrx_word' id='word_1_133' title='bbox 760 3152 906 3240; x_wconf 81' lang='lat' dir='ltr'><strong>possent</strong></span> <span class='ocrx_word' id='word_1_134' title='bbox 931 3144 1108 3219; x_wconf 89' lang='lat' dir='ltr'><strong>adiuvare</strong></span> <span class='ocrx_word' id='word_1_135' title='bbox 1133 3152 1171 3218; x_wconf 89' lang='lat' dir='ltr'><strong>et</strong></span> <span class='ocrx_word' id='word_1_136' title='bbox 1195 3144 1392 3218; x_wconf 79' lang='lat' dir='ltr'><strong>detondere</strong></span> <span class='ocrx_word' id='word_1_137' title='bbox 1421 3143 1665 3219; x_wconf 81' lang='lat' dir='ltr'><strong>innocentiam</strong></span> <span class='ocrx_word' id='word_1_138' title='bbox 1691 3150 1728 3218; x_wconf 88' lang='lat' dir='ltr'><strong>et</strong></span> <span class='ocrx_word' id='word_1_139' title='bbox 1752 3151 1843 3220; x_wconf 82' lang='lat' dir='ltr'><strong>aeta·</strong></span> 
     </span>
     <span class='ocr_line' id='line_1_20' title="bbox 670 3259 1844 3361; baseline -0.001 -22"><span class='ocrx_word' id='word_1_140' title='bbox 670 3272 746 3340; x_wconf 89' lang='lat' dir='ltr'><strong>tem</strong></span> <span class='ocrx_word' id='word_1_141' title='bbox 772 3266 860 3340; x_wconf 89' lang='lat' dir='ltr'><strong>tanti</strong></span> <span class='ocrx_word' id='word_1_142' title='bbox 887 3265 967 3361; x_wconf 87' lang='lat' dir='ltr'><strong>viri,</strong></span> <span class='ocrx_word' id='word_1_143' title='bbox 994 3259 1179 3357; x_wconf 73' lang='lat' dir='ltr'><strong>nuliiusl¹l</strong></span> <span class='ocrx_word' id='word_1_144' title='bbox 1205 3264 1384 3338; x_wconf 83' lang='lat' dir='ltr'><strong>auxilium</strong></span> <span class='ocrx_word' id='word_1_145' title='bbox 1414 3264 1544 3358; x_wconf 75' lang='lat' dir='ltr'><strong>voluit,</strong></span> <span class='ocrx_word' id='word_1_146' title='bbox 1571 3264 1670 3358; x_wconf 88' lang='lat' dir='ltr'><strong>quod</strong></span> <span class='ocrx_word' id='word_1_147' title='bbox 1694 3265 1844 3340; x_wconf 90' lang='lat' dir='ltr'><strong>adstan-</strong></span> 
     </span>
     <span class='ocr_line' id='line_1_21' title="bbox 672 3384 1844 3480; baseline 0.003 -22"><span class='ocrx_word' id='word_1_148' title='bbox 672 3386 768 3462; x_wconf 90' lang='lat' dir='ltr'><strong>tibus</strong></span> <span class='ocrx_word' id='word_1_149' title='bbox 792 3387 1014 3462; x_wconf 86' lang='lat' dir='ltr'><strong>miraculum</strong></span> <span class='ocrx_word' id='word_1_150' title='bbox 1047 3386 1167 3461; x_wconf 89' lang='lat' dir='ltr'><strong>visum</strong></span> <span class='ocrx_word' id='word_1_151' title='bbox 1197 3392 1265 3480; x_wconf 92' lang='lat' dir='ltr'><strong>est,</strong></span> <span class='ocrx_word' id='word_1_152' title='bbox 1291 3385 1379 3480; x_wconf 86' lang='lat' dir='ltr'><strong>quia</strong></span> <span class='ocrx_word' id='word_1_153' title='bbox 1414 3385 1535 3459; x_wconf 92' lang='lat' dir='ltr'><strong>nullus</strong></span> <span class='ocrx_word' id='word_1_154' title='bbox 1564 3384 1683 3480; x_wconf 90' lang='lat' dir='ltr'><strong>potuit</strong></span> <span class='ocrx_word' id='word_1_155' title='bbox 1714 3393 1844 3463; x_wconf 90' lang='lat' dir='ltr'><strong>notare</strong></span> 
     </span>
     <span class='ocr_line' id='line_1_22' title="bbox 671 3504 1841 3600; baseline 0.002 -21"><span class='ocrx_word' id='word_1_156' title='bbox 671 3526 799 3582; x_wconf 86' lang='lat' dir='ltr'><strong>vocem</strong></span> <span class='ocrx_word' id='word_1_157' title='bbox 827 3513 1059 3600; x_wconf 89' lang='lat' dir='ltr'><strong>trementem,</strong></span> <span class='ocrx_word' id='word_1_158' title='bbox 1077 3513 1143 3580; x_wconf 88' lang='lat' dir='ltr'><strong>aut</strong></span> <span class='ocrx_word' id='word_1_159' title='bbox 1166 3505 1385 3581; x_wconf 88' lang='lat' dir='ltr'><strong>memoriam</strong></span> <span class='ocrx_word' id='word_1_160' title='bbox 1411 3504 1642 3580; x_wconf 79' lang='lat' dir='ltr'><strong>vacillantem</strong></span> <span class='ocrx_word' id='word_1_161' title='bbox 1668 3507 1769 3582; x_wconf 89' lang='lat' dir='ltr'><strong>senio</strong></span> <span class='ocrx_word' id='word_1_162' title='bbox 1794 3527 1841 3583; x_wconf 84' lang='lat' dir='ltr'><strong>er</strong></span> 
     </span>
     <span class='ocr_line' id='line_1_23' title="bbox 668 3625 1843 3721; baseline 0.002 -23"><span class='ocrx_word' id='word_1_163' title='bbox 668 3625 792 3720; x_wconf 86' lang='lat' dir='ltr'><strong>aliqua</strong></span> <span class='ocrx_word' id='word_1_164' title='bbox 817 3634 931 3720; x_wconf 88' lang='lat' dir='ltr'><strong>parte.</strong></span> <span class='ocrx_word' id='word_1_165' title='bbox 958 3626 1116 3700; x_wconf 87' lang='lat' dir='ltr'><strong>Demum</strong></span> <span class='ocrx_word' id='word_1_166' title='bbox 1141 3646 1239 3700; x_wconf 93' lang='lat' dir='ltr'><strong>anno</strong></span> <span class='ocrx_word' id='word_1_167' title='bbox 1257 3625 1496 3721; x_wconf 81' lang='lat' dir='ltr'><strong>nonagesimo</strong></span> <span class='ocrx_word' id='word_1_168' title='bbox 1512 3626 1681 3720; x_wconf 90' lang='lat' dir='ltr'><strong>opposuit</strong></span> <span class='ocrx_word' id='word_1_169' title='bbox 1698 3646 1738 3701; x_wconf 91' lang='lat' dir='ltr'><strong>se</strong></span> <span class='ocrx_word' id='word_1_170' title='bbox 1756 3627 1843 3702; x_wconf 89' lang='lat' dir='ltr'><strong>Ser-</strong></span> 
     </span>
     <span class='ocr_line' id='line_1_24' title="bbox 667 3745 1844 3842; baseline 0 -22"><span class='ocrx_word' id='word_1_171' title='bbox 667 3746 729 3842; x_wconf 86' lang='lat' dir='ltr'><strong>gio</strong></span> <span class='ocrx_word' id='word_1_172' title='bbox 753 3745 877 3822; x_wconf 77' lang='lat' dir='ltr'><strong>carna</strong></span> <span class='ocrx_word' id='word_1_173' title='bbox 909 3746 1047 3821; x_wconf 87' lang='lat' dir='ltr'><strong>oratori</strong></span> <span class='ocrx_word' id='word_1_174' title='bbox 1081 3746 1339 3821; x_wconf 80' lang='lat' dir='ltr'><strong>facundissimo</strong></span> <span class='ocrx_word' id='word_1_175' title='bbox 1369 3745 1556 3820; x_wconf 87' lang='lat' dir='ltr'><strong>accusanti</strong></span> <span class='ocrx_word' id='word_1_176' title='bbox 1585 3746 1773 3841; x_wconf 88' lang='lat' dir='ltr'><strong>Hispanos,</strong></span> <span class='ocrx_word' id='word_1_177' title='bbox 1804 3753 1844 3822; x_wconf 88' lang='lat' dir='ltr'><strong>et</strong></span> 
     </span>
     <span class='ocr_line' id='line_1_25' title="bbox 668 3866 1843 3965; baseline 0.002 -23"><span class='ocrx_word' id='word_1_178' title='bbox 668 3887 762 3962; x_wconf 88' lang='lat' dir='ltr'><strong>quos</strong></span> <span class='ocrx_word' id='word_1_179' title='bbox 781 3868 930 3964; x_wconf 90' lang='lat' dir='ltr'><strong>jnvenis</strong></span> <span class='ocrx_word' id='word_1_180' title='bbox 960 3866 1098 3943; x_wconf 87' lang='lat' dir='ltr'><strong>vicerat</strong></span> <span class='ocrx_word' id='word_1_181' title='bbox 1129 3887 1218 3942; x_wconf 89' lang='lat' dir='ltr'><strong>ense</strong></span> <span class='ocrx_word' id='word_1_182' title='bbox 1247 3874 1286 3942; x_wconf 88' lang='lat' dir='ltr'><strong>et</strong></span> <span class='ocrx_word' id='word_1_183' title='bbox 1315 3866 1477 3960; x_wconf 87' lang='lat' dir='ltr'><strong>oonsilio,</strong></span> <span class='ocrx_word' id='word_1_184' title='bbox 1507 3886 1620 3942; x_wconf 80' lang='lat' dir='ltr'><strong>senex</strong></span> <span class='ocrx_word' id='word_1_185' title='bbox 1650 3868 1775 3965; x_wconf 91' lang='lat' dir='ltr'><strong>lingua</strong></span> <span class='ocrx_word' id='word_1_186' title='bbox 1804 3877 1843 3944; x_wconf 91' lang='lat' dir='ltr'><strong>et</strong></span> 
     </span>
     <span class='ocr_line' id='line_1_26' title="bbox 667 3986 1842 4097; baseline 0.004 -38"><span class='ocrx_word' id='word_1_187' title='bbox 667 3987 833 4062; x_wconf 89' lang='lat' dir='ltr'><strong>oratione</strong></span> <span class='ocrx_word' id='word_1_188' title='bbox 857 3987 1027 4082; x_wconf 81' lang='lat' dir='ltr'><strong>defendit,</strong></span> <span class='ocrx_word' id='word_1_189' title='bbox 1053 3995 1090 4062; x_wconf 90' lang='lat' dir='ltr'><strong>et</strong></span> <span class='ocrx_word' id='word_1_190' title='bbox 1115 3989 1236 4083; x_wconf 92' lang='lat' dir='ltr'><strong>ipsum</strong></span> <span class='ocrx_word' id='word_1_191' title='bbox 1261 3987 1413 4062; x_wconf 88' lang='lat' dir='ltr'><strong>Galbam</strong></span> <span class='ocrx_word' id='word_1_192' title='bbox 1444 3986 1529 4097; x_wconf 79' lang='lat' dir='ltr'><strong>lecit</strong></span> <span class='ocrx_word' id='word_1_193' title='bbox 1553 3987 1600 4063; x_wconf 93' lang='lat' dir='ltr'><strong>de</strong></span> <span class='ocrx_word' id='word_1_194' title='bbox 1624 3995 1842 4072; x_wconf 88' lang='lat' dir='ltr'><strong>accusatore</strong></span> 
     </span>
     <span class='ocr_line' id='line_1_27' title="bbox 667 4107 1842 4203; baseline 0.003 -25"><span class='ocrx_word' id='word_1_195' title='bbox 667 4125 788 4201; x_wconf 89' lang='lat' dir='ltr'><strong>reum,</strong></span> <span class='ocrx_word' id='word_1_196' title='bbox 814 4114 851 4181; x_wconf 92' lang='lat' dir='ltr'><strong>et</strong></span> <span class='ocrx_word' id='word_1_197' title='bbox 875 4107 1055 4203; x_wconf 85' lang='lat' dir='ltr'><strong>protraxit</strong></span> <span class='ocrx_word' id='word_1_198' title='bbox 1079 4108 1125 4182; x_wconf 91' lang='lat' dir='ltr'><strong>ad</strong></span> <span class='ocrx_word' id='word_1_199' title='bbox 1147 4107 1327 4203; x_wconf 87' lang='lat' dir='ltr'><strong>judicium</strong></span> <span class='ocrx_word' id='word_1_200' title='bbox 1346 4107 1479 4203; x_wconf 91' lang='lat' dir='ltr'><strong>populi.</strong></span> <span class='ocrx_word' id='word_1_201' title='bbox 1497 4107 1577 4203; x_wconf 90' lang='lat' dir='ltr'><strong>lpse</strong></span> <span class='ocrx_word' id='word_1_202' title='bbox 1602 4129 1691 4182; x_wconf 89' lang='lat' dir='ltr'><strong>vero</strong></span> <span class='ocrx_word' id='word_1_203' title='bbox 1716 4108 1762 4184; x_wconf 90' lang='lat' dir='ltr'><strong>de</strong></span> <span class='ocrx_word' id='word_1_204' title='bbox 1785 4110 1842 4183; x_wconf 87' lang='lat' dir='ltr'><strong>ri·</strong></span> 
     </span>
     <span class='ocr_line' id='line_1_28' title="bbox 666 4225 1842 4324; baseline 0.001 -23"><span class='ocrx_word' id='word_1_205' title='bbox 666 4226 789 4301; x_wconf 88' lang='lat' dir='ltr'><strong>ctoriis</strong></span> <span class='ocrx_word' id='word_1_206' title='bbox 813 4225 991 4322; x_wconf 89' lang='lat' dir='ltr'><strong>Hispaniae</strong></span> <span class='ocrx_word' id='word_1_207' title='bbox 1011 4228 1213 4324; x_wconf 87' lang='lat' dir='ltr'><strong>justissime</strong></span> <span class='ocrx_word' id='word_1_208' title='bbox 1238 4227 1486 4323; x_wconf 86' lang='lat' dir='ltr'><strong>triumphavit</strong></span> <span class='ocrx_word' id='word_1_209' title='bbox 1512 4229 1592 4323; x_wconf 90' lang='lat' dir='ltr'><strong>lpse</strong></span> <span class='ocrx_word' id='word_1_210' title='bbox 1616 4228 1748 4303; x_wconf 91' lang='lat' dir='ltr'><strong>deinde</strong></span> <span class='ocrx_word' id='word_1_211' title='bbox 1773 4228 1842 4302; x_wconf 88' lang='lat' dir='ltr'><strong>luit</strong></span> 
     </span>
     <span class='ocr_line' id='line_1_29' title="bbox 666 4346 1842 4444; baseline 0.004 -25"><span class='ocrx_word' id='word_1_212' title='bbox 666 4346 811 4444; x_wconf 84' lang='lat' dir='ltr'><strong>legatus</strong></span> <span class='ocrx_word' id='word_1_213' title='bbox 841 4347 957 4423; x_wconf 85' lang='lat' dir='ltr'><strong>llctilii</strong></span> <span class='ocrx_word' id='word_1_214' title='bbox 988 4348 1204 4444; x_wconf 89' lang='lat' dir='ltr'><strong>Glabrionis,</strong></span> <span class='ocrx_word' id='word_1_215' title='bbox 1237 4349 1366 4423; x_wconf 90' lang='lat' dir='ltr'><strong>consul</strong></span> <span class='ocrx_word' id='word_1_216' title='bbox 1397 4348 1601 4423; x_wconf 89' lang='lat' dir='ltr'><strong>secundum</strong></span> <span class='ocrx_word' id='word_1_217' title='bbox 1632 4349 1755 4423; x_wconf 83' lang='lat' dir='ltr'><strong>Titum</strong></span> <span class='ocrx_word' id='word_1_218' title='bbox 1779 4350 1842 4424; x_wconf 90' lang='lat' dir='ltr'><strong>Li-</strong></span> 
     </span>
     <span class='ocr_line' id='line_1_30' title="bbox 667 4467 1842 4564; baseline 0.002 -24"><span class='ocrx_word' id='word_1_219' title='bbox 667 4467 782 4564; x_wconf 87' lang='lat' dir='ltr'><strong>vium,</strong></span> <span class='ocrx_word' id='word_1_220' title='bbox 808 4475 845 4544; x_wconf 93' lang='lat' dir='ltr'><strong>et</strong></span> <span class='ocrx_word' id='word_1_221' title='bbox 870 4470 1071 4544; x_wconf 91' lang='lat' dir='ltr'><strong>secundum</strong></span> <span class='ocrx_word' id='word_1_222' title='bbox 1099 4469 1259 4544; x_wconf 89' lang='lat' dir='ltr'><strong>Tullium</strong></span> <span class='ocrx_word' id='word_1_223' title='bbox 1286 4469 1455 4543; x_wconf 89' lang='lat' dir='ltr'><strong>tribunus</strong></span> <span class='ocrx_word' id='word_1_224' title='bbox 1481 4469 1656 4564; x_wconf 89' lang='lat' dir='ltr'><strong>militaris,</strong></span> <span class='ocrx_word' id='word_1_225' title='bbox 1682 4476 1719 4544; x_wconf 89' lang='lat' dir='ltr'><strong>et</strong></span> <span class='ocrx_word' id='word_1_226' title='bbox 1744 4469 1842 4542; x_wconf 90' lang='lat' dir='ltr'><strong>mili-</strong></span> 
     </span>
     <span class='ocr_line' id='line_1_31' title="bbox 668 4589 1843 4687; baseline 0.001 -24"><span class='ocrx_word' id='word_1_227' title='bbox 668 4594 747 4663; x_wconf 88' lang='lat' dir='ltr'><strong>tans</strong></span> <span class='ocrx_word' id='word_1_228' title='bbox 772 4589 842 4663; x_wconf 91' lang='lat' dir='ltr'><strong>sub</strong></span> <span class='ocrx_word' id='word_1_229' title='bbox 868 4609 913 4664; x_wconf 91' lang='lat' dir='ltr'><strong>eo</strong></span> <span class='ocrx_word' id='word_1_230' title='bbox 939 4589 1007 4664; x_wconf 87' lang='lat' dir='ltr'><strong>luit</strong></span> <span class='ocrx_word' id='word_1_231' title='bbox 1031 4612 1168 4686; x_wconf 87' lang='lat' dir='ltr'><strong>magua</strong></span> <span class='ocrx_word' id='word_1_232' title='bbox 1193 4611 1279 4685; x_wconf 90' lang='lat' dir='ltr'><strong>pars</strong></span> <span class='ocrx_word' id='word_1_233' title='bbox 1305 4611 1450 4687; x_wconf 83' lang='lat' dir='ltr'><strong>magnae</strong></span> <span class='ocrx_word' id='word_1_234' title='bbox 1471 4589 1632 4665; x_wconf 84' lang='lat' dir='ltr'><strong>victoriae</strong></span> <span class='ocrx_word' id='word_1_235' title='bbox 1649 4611 1760 4683; x_wconf 86' lang='lat' dir='ltr'><strong>quam</strong></span> <span class='ocrx_word' id='word_1_236' title='bbox 1780 4589 1843 4664; x_wconf 91' lang='lat' dir='ltr'><strong>ille</strong></span> 
     </span>
     <span class='ocr_line' id='line_1_32' title="bbox 667 4708 1842 4807; baseline 0.002 -25"><span class='ocrx_word' id='word_1_237' title='bbox 667 4708 794 4782; x_wconf 89' lang='lat' dir='ltr'><strong>babuit</strong></span> <span class='ocrx_word' id='word_1_238' title='bbox 819 4709 866 4785; x_wconf 93' lang='lat' dir='ltr'><strong>de</strong></span> <span class='ocrx_word' id='word_1_239' title='bbox 890 4710 1067 4786; x_wconf 77' lang='lat' dir='ltr'><strong>Antiocho</strong></span> <span class='ocrx_word' id='word_1_240' title='bbox 1094 4710 1343 4806; x_wconf 90' lang='lat' dir='ltr'><strong>potentissimo</strong></span> <span class='ocrx_word' id='word_1_241' title='bbox 1368 4731 1458 4807; x_wconf 85' lang='lat' dir='ltr'><strong>rege</strong></span> <span class='ocrx_word' id='word_1_242' title='bbox 1486 4710 1601 4806; x_wconf 81' lang='lat' dir='ltr'><strong>Syriae</strong></span> <span class='ocrx_word' id='word_1_243' title='bbox 1624 4708 1671 4782; x_wconf 92' lang='lat' dir='ltr'><strong>ad</strong></span> <span class='ocrx_word' id='word_1_244' title='bbox 1697 4715 1842 4784; x_wconf 81' lang='lat' dir='ltr'><strong>montes</strong></span> 
     </span>
     <span class='ocr_line' id='line_1_33' title="bbox 666 4830 1841 4926; baseline 0.002 -23"><span class='ocrx_word' id='word_1_245' title='bbox 666 4830 994 4926; x_wconf 87' lang='lat' dir='ltr'><strong>Thermopylarum</strong></span> <span class='ocrx_word' id='word_1_246' title='bbox 1012 4831 1050 4905; x_wconf 96' lang='lat' dir='ltr'><strong>in</strong></span> <span class='ocrx_word' id='word_1_247' title='bbox 1066 4830 1218 4906; x_wconf 70' lang='lat' dir='ltr'><strong>Graecia.</strong></span> <span class='ocrx_word' id='word_1_248' title='bbox 1238 4833 1282 4905; x_wconf 85' lang='lat' dir='ltr'><strong>Et</strong></span> <span class='ocrx_word' id='word_1_249' title='bbox 1300 4852 1374 4905; x_wconf 93' lang='lat' dir='ltr'><strong>non</strong></span> <span class='ocrx_word' id='word_1_250' title='bbox 1393 4832 1508 4905; x_wconf 90' lang='lat' dir='ltr'><strong>multo</strong></span> <span class='ocrx_word' id='word_1_251' title='bbox 1525 4835 1607 4924; x_wconf 91' lang='lat' dir='ltr'><strong>post</strong></span> <span class='ocrx_word' id='word_1_252' title='bbox 1623 4833 1752 4904; x_wconf 88' lang='lat' dir='ltr'><strong>contra</strong></span> <span class='ocrx_word' id='word_1_253' title='bbox 1774 4849 1841 4904; x_wconf 84' lang='lat' dir='ltr'><strong>vo-</strong></span> 
     </span>
    </p>
   </div>
   <div class='ocr_carea' id='block_1_3' title="bbox 728 5092 1065 5158">
    <p class='ocr_par' dir='ltr' id='par_1_3' title="bbox 728 5092 1065 5158">
     <span class='ocr_line' id='line_1_34' title="bbox 728 5092 1065 5158; baseline -0.003 -11"><span class='ocrx_word' id='word_1_254' title='bbox 728 5092 756 5158; x_wconf 85' lang='lat'><strong>(¹)</strong></span> <span class='ocrx_word' id='word_1_255' title='bbox 772 5093 799 5145; x_wconf 82' lang='lat' dir='ltr'><strong>S.</strong></span> <span class='ocrx_word' id='word_1_256' title='bbox 814 5095 917 5148; x_wconf 86' lang='lat' dir='ltr'><strong>nullum</strong></span> <span class='ocrx_word' id='word_1_257' title='bbox 933 5095 1065 5147; x_wconf 74' lang='lat' dir='ltr'><strong>auxilium.</strong></span> 
     </span>
    </p>
   </div>
   <div class='ocr_carea' id='block_1_4' title="bbox 0 0 2276 6841">
    <p class='ocr_par' dir='ltr' id='par_1_4' title="bbox 0 0 2276 6841">
     <span class='ocr_line' id='line_1_35' title="bbox 0 0 2276 6841; baseline 0 0"><span class='ocrx_word' id='word_1_258' title='bbox 0 0 2276 6841; x_wconf 95' lang='lat' dir='ltr'><strong> </strong></span> 
     </span>
    </p>
   </div>
  </div>
 </body>
</html>
