4542 6842
815 997 954 1053 murus
977 998 1123 1054 snxrus
1489 988 1558 1057 183

385 1142 528 1219 soordia
552 1143 647 1217 inter
671 1163 760 1217 eum
785 1148 822 1217 et
847 1142 1051 1240 Philippum
1085 1164 1214 1241 regern
1244 1144 1418 1240 Franciae,
1448 1114 1561 1220 Boni·

388 1261 505 1339 latins
526 1261 609 1339 iecit
634 1262 753 1337 ioedus
778 1282 864 1337 oum
889 1263 1050 1357 Alberto,
1071 1272 1110 1339 et
1133 1264 1253 1359 ipsum
1279 1272 1489 1360 vocaverat,
1515 1286 1562 1341 eo

387 1388 554 1478 temporo
568 1402 645 1478 quo
660 1388 788 1478 captus
801 1388 857 1457 est
872 1382 910 1457 in
923 1404 991 1458 sua
1004 1382 1150 1459 civitate
1158 1384 1556 1481 Anagniae-Gnarus.

386 1502 452 1577 llio
476 1508 583 1598 poeta
608 1501 746 1577 invehit
777 1508 905 1577 eontra
936 1502 1129 1579 Albertum
1161 1503 1378 1599 praedictum
1404 1506 1468 1599 qui
1493 1526 1561 1581 ne·

386 1624 499 1721 glexit
526 1623 664 1719 venire,
680 1643 767 1698 oum
784 1620 981 1719 posset,{nd
998 1622 1226 1698 liberandam
1245 1624 1397 1700 ltaliam.
1424 1625 1561 1704 Ordine

387 1746 440 1820 sio
464 1746 622 1839 literam,
647 1751 684 1820 et
708 1742 887 1819 descende
912 1742 1017 1835 inira,
1043 1750 1081 1817 et
1105 1742 1227 1819 dicas:
1263 1747 1293 1817 0
1318 1745 1460 1819 Atberto
1496 1751 1561 1819 Te-

389 1870 506 1959 desoo,
531 1866 648 1943 electe
673 1864 886 1959 imperator,
906 1865 958 1935 ot'
971 1863 1174 1937 attentioni
1196 1868 1313 1958 sostei,
1330 1864 1434 1959 idest,
1451 1865 1556 1940 istam

388 1988 543 2082 ltaliam,
580 1982 665 2061 olr'e'
691 1989 784 2079 [utto
814 1986 1031 2058 indomitae
1063 1987 1258 2077 selvoppin,
1287 1984 1391 2079 idest,
1416 1985 1562 2061 rebellis

388 2114 426 2184 et
451 2104 661 2181 inobediens
687 2102 852 2200 imperio,
871 2104 1049 2198 quianon
1069 2104 1200 2180 venisti
1219 2105 1383 2180 odiliam
1403 2106 1560 2181 doman-

387 2226 485 2320 dam,
516 2248 535 2298 e
565 2227 719 2299 domest
741 2228 954 2319 insoroorli
985 2229 1064 2300 suoi
1088 2229 1238 2317 arcioni,
1264 2226 1366 2322 idest,
1392 2228 1561 2322 equitare

390 2366 494 2440 eam,
520 2348 665 2438 muron
689 2348 776 2421 oom’
790 2352 863 2419 esto
876 2350 981 2439 fiere,
1002 2346 1151 2441 scilicet,
1167 2346 1280 2441 ltalia,
1305 2344 1438 2440 &sotto
1458 2350 1558 2443 sellu,

391 2466 493 2561 idest,
520 2487 646 2562 prava,
668 2488 735 2560 per
760 2489 830 2541 uon
856 2488 951 2541 esser
974 2475 1128 2542 correttu
1153 2472 1202 2543 do
1226 2470 1278 2560 pti
1296 2473 1432 2561 sproni,
1454 2469 1555 2564 idest,

391 2586 651 2683 imperialibus,
681 2591 744 2681 poi
776 2591 837 2661 olle
855 2592 993 2681 ponenti
1017 2608 1123 2661 mono
1149 2609 1174 2660 α
1198 2590 1235 2661 to
1256 2590 1429 2681 pradello,
1454 2590 1558 2685 idest,

388 2713 582 2803 postquam
601 2708 824 2805 assumpsisti
843 2706 1009 2803 regimen
1028 2706 1130 2781 istius
1155 2708 1244 2781 lerae
1268 2707 1397 2801 belva,
1417 2715 1454 2783 et
1470 2709 1560 2783 ἴτω-

389 2848 492 2901 num.
511 2826 594 2903 Soio
618 2834 754 2921 tamon,
773 2828 871 2923 quod
888 2828 1135 2902 eommuniter
1152 2828 1213 2902 alii
1226 2820 1265 2921 (¹)
1285 2829 1436 2902 trahunt
1453 2830 1560 2905 istam

388 2947 533 3023 literam
558 2946 605 3022 ad
624 2950 794 3051 Q
816 2968 889 3021 nou
915 2946 963 3022 ad
987 2948 1178 3038 nonum,
1207 2953 1245 3023 et
1270 2956 1460 3043 exponunt
1484 2949 1558 3024 sio:
1688 2952 1692 2961 '

390 3070 444 3144 Tu
470 3088 574 3164 papa,
601 3068 752 3163 respice,
777 3067 964 3161 quomodo
988 3067 1089 3142 ltalia
1122 3067 1217 3143 lacta
1246 3073 1301 3143 en
1330 3068 1447 3162 fellea,
1473 3069 1559 3163 quia

391 3196 431 3265 tu
457 3210 533 3265 non
558 3188 751 3285 permisisti
773 3188 1033 3284 imperatorem
1051 3188 1190 3283 venire,
1216 3195 1254 3264 et
1278 3189 1505 3285 assumpsisti
1522 3189 1559 3263 iu

388 3317 427 3386 te
452 3309 692 3407 regimeu.-
707 3312 826 3383 Giruto
849 3312 1011 3401 mantuo.
1033 3308 1098 3383 Hic
1123 3317 1231 3406 poeta
1256 3310 1481 3414 imprecatur
1498 3310 1561 3386 Al-

387 3431 493 3505 berto
520 3431 659 3505 malum
685 3429 734 3504 ob
758 3429 892 3504 dictam
918 3430 1064 3525 eulpam
1081 3420 1131 3522 (ἢ,
1157 3429 1303 3504 dicens:
1334 3432 1453 3503 Giusto
1477 3433 1558 3523 piu-

385 3554 491 3641 ditio,
516 3550 651 3626 scilicet
678 3550 854 3643 divinum,
881 3552 974 3624 dolie
1010 3553 1104 3624 statie
1141 3553 1269 3641 nappin
1304 3572 1415 3644 sopra
1440 3550 1464 3625 ’t
1499 3560 1558 3626 tuo
1681 3638 1686 3649 ι

384 3690 533 3763 sunone,
560 3671 651 3747 idest
677 3670 798 3746 veniat
824 3690 935 3765 super
970 3676 1015 3744 te.
1047 3671 1091 3743 Et
1125 3670 1184 3744 irio
1216 3678 1315 3764 nota,
1346 3671 1444 3766 qnod
1465 3672 1561 3747 istud

387 3790 510 3867 evenit
535 3789 581 3865 de
606 3790 717 3866 iacto:
745 3810 831 3865 nam
858 3790 894 3863 in
920 3789 1115 3865 MCCCVlll
1135 3790 1295 3866 calendis
1317 3791 1403 3866 maii
1427 3792 1558 3868 Alber-

388 3916 448 3985 tus
473 3910 669 4004 praediotus
693 3909 760 3984 luit
785 3909 966 4006 gladiatus
985 3910 1033 3984 ab
1055 3929 1129 3983 uno
1147 3930 1217 3984 sno
1234 3917 1367 4005 nepote
1388 3912 1562 4007 proditio-

388 4029 521 4106 naliter
546 4030 583 4103 in
610 4030 763 4105 transitu
798 4030 906 4103 unius
937 4030 1108 4125 lluminis,
1134 4030 1357 4107 descendens
1386 4032 1433 4107 de
1464 4033 1558 4107 navi.

276 4196 279 4205 -
390 4152 508 4227 Causa
536 4150 614 4243 luit,
639 4150 726 4245 quia
752 4150 871 4225 dietus
895 4150 1067 4225 albertus
1092 4152 1297 4247 occupabat
1321 4152 1388 4227 sibi
1415 4162 1559 4248 partem

391 4270 601 4347 hereditatis
627 4270 783 4345 ducatus
801 4270 969 4344 Austriae.
988 4271 1093 4345 Ponit
1109 4292 1201 4367 ergo
1218 4272 1288 4345 hoc
1306 4272 1441 4347 lantum
1463 4279 1560 4353 taur·

390 4410 504 4485 qnam
530 4390 710 4485 iuturum,
737 4390 823 4484 quia
853 4389 964 4464 habet
993 4398 1199 4485 respectum
1233 4393 1279 4466 ad
1313 4400 1458 4488 tempus
1482 4417 1560 4471 suae

391 4509 547 4606 visionis,
573 4532 648 4587 non
672 4510 719 4587 ad
748 4518 994 4606 tempusque
1019 4510 1176 4608 scripsit,
1210 4512 1305 4587 siout
1334 4534 1432 4610 saepe
1461 4516 1558 4591 idern

389 4632 529 4707 ostendi
556 4632 593 4707 in
618 4632 760 4707 inferno
780 4632 816 4705 in
835 4632 958 4705 multis
977 4632 1091 4727 dictis,
1109 4652 1195 4727 quae
1214 4633 1384 4708 videntur
1404 4639 1562 4731 propho-

390 4752 473 4846 tica,
505 4772 590 4827 oum
625 4758 851 4827 tamennon
882 4752 976 4847 sint3
1001 4752 1083 4827 ideo
1111 4752 1219 4827 dicit:
1246 4776 1265 4827 e
1292 4758 1348 4828 ria
1378 4777 1494 4829 nuooo
1527 4766 1561 4830 et

391 4878 528 4963 operto,
553 4871 640 4965 quia
665 4872 760 4947 bene
785 4872 853 4945 luit
872 4871 1052 4967 judicium
1079 4874 1166 4947 satis
1189 4880 1407 4949 extraneum
1426 4883 1462 4951 et
1480 4898 1563 4951 ma-

455 5122 483 5185 (’)
499 5120 525 5173 S.
543 5122 583 5175 isli
601 5124 715 5177 trahunt.
903 5124 930 5187 (⁸)
947 5130 1001 5187 11⁷,
1019 5141 1122 5178 cansam
1139 5132 1165 5178 et
1183 5128 1296 5191 eulpam.
