4542 6842
680 961 726 1027 36
1039 969 1244 1025 connubunt
1268 970 1487 1024 nunorronu

679 1117 849 1210 moritur,
875 1121 993 1211 potest
1018 1114 1114 1189 mori
1139 1114 1218 1190 sine
1242 1119 1393 1209 peccato
1418 1113 1630 1208 commisso;
1648 1134 1734 1188 cum
1762 1137 1853 1191 vero

678 1245 806 1332 sponte
831 1236 963 1333 ingerit
989 1256 1156 1329 manum,
1182 1255 1256 1309 non
1274 1240 1394 1330 potest
1409 1234 1533 1308 anima
1550 1234 1654 1309 exire
1670 1234 1749 1310 sine
1768 1255 1853 1330 pec·

676 1363 771 1452 cato,
797 1376 866 1432 nec
891 1355 1070 1452 poenitere
1087 1355 1245 1450 amplius
1266 1355 1313 1428 de
1330 1360 1491 1449 peccato,
1508 1352 1584 1428 imo
1606 1353 1718 1428 etiam
1740 1356 1852 1430 bomo

675 1478 859 1573 perlectus
884 1497 958 1550 non
984 1475 1093 1550 debet
1117 1496 1158 1549 se
1183 1475 1362 1569 occidere,
1380 1474 1467 1568 quia
1485 1480 1574 1548 tunc
1598 1495 1666 1570 per
1690 1481 1849 1550 mortem

676 1599 874 1674 violentam
900 1597 1111 1692 coinquinat
1135 1595 1297 1670 animam
1323 1603 1362 1671 et
1387 1595 1485 1669 illam
1512 1601 1708 1691 purgatam
1733 1596 1851 1671 reddit

676 1718 871 1814 impuram.
899 1717 952 1790 lle
977 1717 1045 1789 bac
1071 1715 1226 1791 materia
1251 1717 1368 1790 multa
1398 1716 1526 1810 pulcre
1555 1716 1649 1790 diota
1678 1723 1764 1789 sunt
1789 1716 1849 1788 ln-

676 1839 769 1914 ierni
799 1836 958 1932 capitulo
984 1836 1073 1930 XIll,
1103 1836 1168 1910 ubi
1193 1835 1317 1932 agitur
1341 1835 1388 1910 de
1418 1836 1529 1909 Petro
1553 1835 1600 1910 de
1625 1835 1758 1928 Vincis,
1784 1835 1849 1929 qui

676 1961 808 2034 iniuste
833 1957 953 2032 iniecit
979 1977 1131 2030 manum
1158 1955 1194 2029 in
1219 1977 1260 2031 se
1284 1957 1437 2051 justum.
1470 1955 1570 2030 Multi
1601 1961 1723 2029 tamen
1753 1975 1849 2050 prae-

676 2083 952 2174 occupaverunt
982 2083 1139 2150 mortem
1171 2075 1362 2150 credentes
1393 2069 1612 2171 elingered)
1648 2097 1780 2170 parvas
1812 2082 1849 2150 et

675 2200 807 2274 breves
833 2197 1028 2290 molestias,
1047 2196 1110 2270 sed
1135 2216 1176 2270 se
1196 2195 1233 2268 in
1250 2203 1409 2269 aeternas
1427 2203 1464 2270 et
1481 2195 1769 2272 irremediabiles
1784 2197 1850 2270 de-

675 2323 896 2410 merserunt,
927 2316 974 2392 de
1008 2337 1170 2412 quorum
1204 2336 1288 2390 sera
1318 2315 1529 2410 poenitentia
1563 2317 1648 2392 dicit
1679 2317 1849 2414 Virgilius

676 2439 720 2511 Vl
745 2437 916 2512 Eneidos:
950 2456 1056 2528 quam
1087 2438 1210 2509 vellem
1233 2438 1359 2509 unere
1390 2440 1428 2510 in
1458 2440 1543 2528 ulto,
1569 2442 1670 2511 Nunc
1699 2445 1733 2510 ct
1757 2459 1850 2530 pnn-

672 2562 805 2652 perdem
839 2566 871 2631 et
898 2560 1009 2630 duros
1034 2559 1197 2650 perferre
1222 2558 1382 2630 labores!
1406 2558 1469 2633 sed
1497 2558 1620 2632 tarde:
1655 2559 1735 2632 ideo
1762 2559 1849 2632 uul-

674 2680 752 2752 lum
779 2677 899 2750 maius
928 2681 1120 2771 peccatum
1153 2683 1209 2749 est
1241 2677 1397 2751 bominis
1426 2698 1539 2773 quam
1573 2677 1778 2754 interlicere
1806 2699 1848 2754 se

674 2799 806 2894 ipsum.
833 2799 896 2870 Est
921 2817 1011 2894 ergo
1036 2796 1111 2872 dies
1136 2795 1287 2893 praedxa
1312 2798 1463 2892 bomini,
1489 2819 1602 2891 quam
1628 2819 1697 2873 nec
1721 2799 1849 2874 antici-

674 2939 764 3014 pare
788 2916 842 2991 las
867 2923 933 3010 est,
960 2937 1028 2992 nec
1053 2915 1203 2992 differre
1227 2917 1406 3012 possibile.
1429 2917 1519 2993 Cato
1544 2939 1635 3015 ergo
1660 2919 1723 3014 qui
1749 2939 1847 2994 sem-

675 3058 740 3133 per
766 3038 887 3112 luerat
911 3037 1035 3132 magni
1049 3028 1087 3128 (²)
1114 3044 1152 3112 et
1169 3038 1374 3112 ‘constantis
1398 3039 1523 3132 animi,
1544 3039 1581 3112 in
1602 3039 1675 3114 bne
1700 3040 1767 3114 luit
1790 3040 1847 3114 in-

674 3156 830 3232 consulti
856 3162 892 3230 et
918 3155 1120 3250 praecipitis,
1152 3164 1189 3230 et
1222 3157 1286 3251 qui
1318 3158 1605 3252 sapientissimus
1633 3162 1845 3256 putabatur,

674 3278 711 3352 in
736 3278 806 3352 boc
832 3275 1041 3351 stultissime
1067 3276 1162 3372 egit3
1181 3277 1355 3371 quoniam
1381 3279 1603 3373 sapientibus
1628 3282 1747 3355 omnis
1773 3282 1846 3356 vita

668 3397 829 3494 jocunda
855 3403 933 3488 est3
960 3387 1127 3488 laonii)
1156 3397 1279 3473 lerunt
1296 3399 1464 3494 libenter,
1490 3400 1630 3475 tristem
1655 3403 1845 3497 patienter.

582 3615 588 3624 ⁸
673 3518 766 3592 Nihil
799 3516 898 3591 enim
930 3522 1049 3612 potest
1077 3516 1237 3612 lortuna,
1263 3519 1322 3593 oui
1358 3540 1430 3594 non
1461 3522 1571 3616 possit
1600 3521 1718 3596 uirtus
1750 3523 1848 3597 obsi·

672 3645 780 3714 stere.
806 3637 1011 3732 Sapientior
1035 3657 1126 3734 ergo
1153 3639 1297 3713 videtur
1321 3640 1496 3716 dicendus
1521 3642 1689 3718 Socrates
1702 3630 1753 3738 (⁴),
1784 3643 1846 3738 qui

672 3777 861 3832 carcerem
889 3777 962 3830 non
989 3757 1109 3852 unius,
1128 3758 1191 3833 sed
1218 3759 1365 3856 triginta
1390 3767 1632 3857 tyrannorum
1660 3767 1737 3836 tam
1762 3763 1845 3838 laete

672 3898 786 3972 quam
812 3875 991 3971 patienter
1017 3877 1111 3971 tulit,
1138 3884 1175 3952 et
1200 3899 1385 3953 venenum
1412 3880 1565 3954 missum
1590 3882 1638 3956 ab
1662 3882 1730 3956 illis
1750 3883 1845 3956 bau-

673 3999 717 4073 sit
742 3997 920 4091 intrepide
945 3997 1092 4092 quando
1117 3997 1224 4071 vitari
1253 4019 1326 4072 non
1357 4006 1510 4094 poterat.
1542 4002 1596 4074 Ex
1625 4001 1728 4076 dictis
1752 4022 1844 4098 crgo

671 4120 756 4194 satis
783 4122 886 4196 iacile
911 4127 1038 4215 patere
1063 4126 1193 4214 potest,
1218 4120 1315 4215 quod
1342 4121 1432 4195 Cato
1457 4142 1530 4196 uon
1556 4121 1687 4196 occidit
1711 4143 1752 4197 se
1776 4143 1844 4217 pro
1891 4215 1895 4221 ¹

671 4240 849 4335 libertate,
875 4250 941 4317 aut
966 4242 1167 4334 honestate,
1194 4240 1256 4315 sed
1289 4246 1449 4335 quatuor
1481 4241 1652 4317 ridentur
1686 4243 1844 4318 monisse

671 4380 770 4435 eum.
797 4361 963 4434 Primum
985 4360 1130 4455 invidia,
1147 4359 1242 4434 sicut
1261 4360 1352 4434 dixit
1368 4361 1501 4455 Caesar,
1521 4382 1608 4436 cum
1632 4361 1748 4436 victor
1767 4361 1844 4437 Uti-

669 4501 753 4555 cam
788 4485 1013 4576 properaret,
1040 4479 1101 4554 ubi
1137 4500 1178 4554 se
1207 4481 1296 4554 Cato
1326 4489 1536 4575 peremerat
1567 4482 1693 4556 audita
1723 4489 1844 4561 morte

670 4601 760 4676 eius.
785 4601 997 4677 Secundum
1024 4599 1092 4674 luit
1116 4601 1360 4694 verecundia3
1387 4600 1485 4674 unde
1509 4590 1747 4697 Augustinus,
1781 4603 1842 4677 ubi

670 4743 782 4816 supra
806 4723 901 4816 dicit,
928 4729 964 4796 et
989 4726 1033 4794 ut
1058 4741 1123 4795 nos
1148 4720 1285 4815 aliquid
1311 4721 1437 4795 mitius
1463 4720 1654 4816 addamus,
1675 4723 1843 4818 erubuit;

670 4843 989 4918 verecundabatur
1023 4842 1121 4917 enirn
1149 4842 1238 4915 Cato
1263 4841 1320 4914 vir
1351 4841 1612 4938 integerrimus
1641 4844 1769 4918 venire
1796 4843 1842 4917 ad

732 5029 759 5090 (¹)
775 5029 801 5077 S·
818 5028 917 5091 suffere·
1433 5027 1461 5092 (')
1477 5029 1508 5080 B.
1523 5027 1712 5092 magnenlmne.

732 5102 758 5165 (⁸)
774 5103 799 5153 S.
817 5101 875 5152 laeta
892 5101 980 5155 lerunt
997 5104 1113 5166 libenter,
1132 5103 1214 5154 tristia
1231 5103 1368 5168 patienter.
1435 5103 1462 5169 (¹)
1477 5105 1504 5156 S.
1520 5105 1619 5168 sapiens
1634 5103 1760 5154 metes
