<?xml version="1.0" encoding="UTF-8"?>
<!DOCTYPE html PUBLIC "-//W3C//DTD XHTML 1.0 Transitional//EN"
    "http://www.w3.org/TR/xhtml1/DTD/xhtml1-transitional.dtd">
<html xmlns="http://www.w3.org/1999/xhtml" xml:lang="en" lang="en">
 <head>
  <title>
</title>
<meta http-equiv="Content-Type" content="text/html;charset=utf-8" />
  <meta name='ocr-system' content='tesseract 3.04.00' />
  <meta name='ocr-capabilities' content='ocr_page ocr_carea ocr_par ocr_line ocrx_word'/>
</head>
<body>
  <div class='ocr_page' id='page_1' title='image "./comentumsuperda01unkngoog_0121.png"; bbox 0 0 4542 6842; ppageno 0'>
   <div class='ocr_carea' id='block_1_1' title="bbox 809 998 1561 1069">
    <p class='ocr_par' dir='ltr' id='par_1_1' title="bbox 809 998 1561 1069">
     <span class='ocr_line' id='line_1_1' title="bbox 809 998 1561 1069; baseline 0.003 -4"><span class='ocrx_word' id='word_1_1' title='bbox 809 1010 951 1066; x_wconf 78' lang='lat' dir='ltr'>caurus</span> <span class='ocrx_word' id='word_1_2' title='bbox 973 1010 1136 1066; x_wconf 85' lang='lat' dir='ltr'>rsnrrus.</span> <span class='ocrx_word' id='word_1_3' title='bbox 1491 998 1561 1069; x_wconf 80' lang='lat' dir='ltr'>tor</span> 
     </span>
    </p>
   </div>
   <div class='ocr_carea' id='block_1_2' title="bbox 382 1154 1562 2700">
    <p class='ocr_par' dir='ltr' id='par_1_2' title="bbox 382 1154 1562 2700">
     <span class='ocr_line' id='line_1_2' title="bbox 387 1154 1562 1234; baseline 0.002 -5"><span class='ocrx_word' id='word_1_4' title='bbox 387 1154 450 1229; x_wconf 92' lang='lat' dir='ltr'>sed</span> <span class='ocrx_word' id='word_1_5' title='bbox 476 1162 626 1230; x_wconf 92' lang='lat' dir='ltr'>mortuo</span> <span class='ocrx_word' id='word_1_6' title='bbox 651 1156 858 1231; x_wconf 73' lang='lat' dir='ltr'>Alexandro</span> <span class='ocrx_word' id='word_1_7' title='bbox 882 1164 1030 1232; x_wconf 85' lang='lat' dir='ltr'>creatus</span> <span class='ocrx_word' id='word_1_8' title='bbox 1054 1162 1111 1231; x_wconf 90' lang='lat' dir='ltr'>est</span> <span class='ocrx_word' id='word_1_9' title='bbox 1138 1157 1304 1233; x_wconf 88' lang='lat' dir='ltr'>Urbanus</span> <span class='ocrx_word' id='word_1_10' title='bbox 1330 1154 1375 1231; x_wconf 79' lang='lat' dir='ltr'>rt</span> <span class='ocrx_word' id='word_1_11' title='bbox 1400 1158 1448 1233; x_wconf 86' lang='lat' dir='ltr'>de</span> <span class='ocrx_word' id='word_1_12' title='bbox 1472 1154 1562 1234; x_wconf 86' lang='lat' dir='ltr'>ciri-</span> 
     </span>
     <span class='ocr_line' id='line_1_3' title="bbox 387 1276 1561 1376; baseline 0.003 -25"><span class='ocrx_word' id='word_1_13' title='bbox 387 1283 465 1352; x_wconf 87' lang='lat' dir='ltr'>tate</span> <span class='ocrx_word' id='word_1_14' title='bbox 489 1276 692 1353; x_wconf 81' lang='lat' dir='ltr'>Turonensi</span> <span class='ocrx_word' id='word_1_15' title='bbox 719 1278 756 1351; x_wconf 94' lang='lat' dir='ltr'>in</span> <span class='ocrx_word' id='word_1_16' title='bbox 780 1278 945 1372; x_wconf 79' lang='lat' dir='ltr'>Francia,</span> <span class='ocrx_word' id='word_1_17' title='bbox 965 1278 1027 1373; x_wconf 87' lang='lat' dir='ltr'>qui</span> <span class='ocrx_word' id='word_1_18' title='bbox 1045 1277 1102 1352; x_wconf 87' lang='lat' dir='ltr'>vir</span> <span class='ocrx_word' id='word_1_19' title='bbox 1127 1278 1296 1374; x_wconf 84' lang='lat' dir='ltr'>ignobilis</span> <span class='ocrx_word' id='word_1_20' title='bbox 1320 1300 1471 1376; x_wconf 78' lang='lat' dir='ltr'><strong>genere,</strong></span> <span class='ocrx_word' id='word_1_21' title='bbox 1498 1278 1561 1354; x_wconf 88' lang='lat' dir='ltr'>sed</span> 
     </span>
     <span class='ocr_line' id='line_1_4' title="bbox 386 1398 1560 1493; baseline 0.001 -21"><span class='ocrx_word' id='word_1_22' title='bbox 386 1398 517 1473; x_wconf 89' lang='lat' dir='ltr'>nobilis</span> <span class='ocrx_word' id='word_1_23' title='bbox 541 1398 677 1474; x_wconf 86' lang='lat' dir='ltr'>virtute</span> <span class='ocrx_word' id='word_1_24' title='bbox 701 1398 824 1493; x_wconf 90' lang='lat' dir='ltr'>animi,</span> <span class='ocrx_word' id='word_1_25' title='bbox 851 1398 976 1474; x_wconf 84' lang='lat' dir='ltr'>videns</span> <span class='ocrx_word' id='word_1_26' title='bbox 1001 1399 1194 1474; x_wconf 82' lang='lat' dir='ltr'>ecclesiam</span> <span class='ocrx_word' id='word_1_27' title='bbox 1224 1401 1476 1475; x_wconf 81' lang='lat' dir='ltr'>conculcatam</span> <span class='ocrx_word' id='word_1_28' title='bbox 1504 1400 1560 1473; x_wconf 86' lang='lat' dir='ltr'>vi·</span> 
     </span>
     <span class='ocr_line' id='line_1_5' title="bbox 387 1519 1561 1616; baseline 0 -23"><span class='ocrx_word' id='word_1_29' title='bbox 387 1519 489 1593; x_wconf 83' lang='lat' dir='ltr'>ribus</span> <span class='ocrx_word' id='word_1_30' title='bbox 512 1520 685 1595; x_wconf 84' lang='lat' dir='ltr'>llantredt</span> <span class='ocrx_word' id='word_1_31' title='bbox 712 1520 817 1615; x_wconf 83' lang='lat' dir='ltr'>quasi</span> <span class='ocrx_word' id='word_1_32' title='bbox 842 1520 879 1594; x_wconf 95' lang='lat' dir='ltr'>in</span> <span class='ocrx_word' id='word_1_33' title='bbox 906 1526 980 1595; x_wconf 87' lang='lat' dir='ltr'>tota</span> <span class='ocrx_word' id='word_1_34' title='bbox 1010 1519 1122 1613; x_wconf 85' lang='lat' dir='ltr'>ltalia,</span> <span class='ocrx_word' id='word_1_35' title='bbox 1155 1520 1219 1614; x_wconf 88' lang='lat' dir='ltr'>qui</span> <span class='ocrx_word' id='word_1_36' title='bbox 1249 1526 1423 1616; x_wconf 86' lang='lat' dir='ltr'>posuerat</span> <span class='ocrx_word' id='word_1_37' title='bbox 1451 1540 1561 1595; x_wconf 85' lang='lat' dir='ltr'>exer-</span> 
     </span>
     <span class='ocr_line' id='line_1_6' title="bbox 386 1640 1559 1736; baseline 0.001 -23"><span class='ocrx_word' id='word_1_38' title='bbox 386 1640 501 1714; x_wconf 90' lang='lat' dir='ltr'>citum</span> <span class='ocrx_word' id='word_1_39' title='bbox 527 1659 790 1715; x_wconf 85' lang='lat' dir='ltr'>saracenorum</span> <span class='ocrx_word' id='word_1_40' title='bbox 817 1640 854 1714; x_wconf 95' lang='lat' dir='ltr'>in</span> <span class='ocrx_word' id='word_1_41' title='bbox 879 1640 1098 1736; x_wconf 92' lang='lat' dir='ltr'>patrimonio</span> <span class='ocrx_word' id='word_1_42' title='bbox 1125 1640 1236 1735; x_wconf 87' lang='lat' dir='ltr'>Petri,</span> <span class='ocrx_word' id='word_1_43' title='bbox 1261 1640 1345 1716; x_wconf 87' lang='lat' dir='ltr'>iecit</span> <span class='ocrx_word' id='word_1_44' title='bbox 1370 1640 1559 1735; x_wconf 87' lang='lat' dir='ltr'>praedicari</span> 
     </span>
     <span class='ocr_line' id='line_1_7' title="bbox 385 1753 1557 1855; baseline 0 -21"><span class='ocrx_word' id='word_1_45' title='bbox 385 1778 536 1835; x_wconf 89' lang='lat' dir='ltr'>crucem</span> <span class='ocrx_word' id='word_1_46' title='bbox 562 1767 690 1834; x_wconf 86' lang='lat' dir='ltr'>contra</span> <span class='ocrx_word' id='word_1_47' title='bbox 715 1780 791 1854; x_wconf 86' lang='lat' dir='ltr'>eos,</span> <span class='ocrx_word' id='word_1_48' title='bbox 818 1780 913 1855; x_wconf 84' lang='lat' dir='ltr'>quos</span> <span class='ocrx_word' id='word_1_49' title='bbox 937 1760 1072 1855; x_wconf 91' lang='lat' dir='ltr'>repulit</span> <span class='ocrx_word' id='word_1_50' title='bbox 1084 1753 1122 1851; x_wconf 80' lang='lat'>(¹)</span> <span class='ocrx_word' id='word_1_51' title='bbox 1159 1760 1195 1833; x_wconf 96' lang='lat' dir='ltr'>in</span> <span class='ocrx_word' id='word_1_52' title='bbox 1220 1760 1410 1855; x_wconf 76' lang='lat' dir='ltr'>Apuliam3</span> <span class='ocrx_word' id='word_1_53' title='bbox 1437 1766 1484 1854; x_wconf 91' lang='lat' dir='ltr'>et,</span> <span class='ocrx_word' id='word_1_54' title='bbox 1516 1766 1557 1834; x_wconf 88' lang='lat' dir='ltr'>ut</span> 
     </span>
     <span class='ocr_line' id='line_1_8' title="bbox 385 1880 1560 1977; baseline 0.001 -22"><span class='ocrx_word' id='word_1_55' title='bbox 385 1880 458 1955; x_wconf 91' lang='lat' dir='ltr'>cito</span> <span class='ocrx_word' id='word_1_56' title='bbox 482 1880 615 1975; x_wconf 88' lang='lat' dir='ltr'>dicam,</span> <span class='ocrx_word' id='word_1_57' title='bbox 640 1881 840 1957; x_wconf 84' lang='lat' dir='ltr'>celebrarit</span> <span class='ocrx_word' id='word_1_58' title='bbox 864 1880 1072 1971; x_wconf 89' lang='lat' dir='ltr'>concilium,</span> <span class='ocrx_word' id='word_1_59' title='bbox 1089 1881 1126 1954; x_wconf 92' lang='lat' dir='ltr'>in</span> <span class='ocrx_word' id='word_1_60' title='bbox 1147 1900 1223 1975; x_wconf 86' lang='lat' dir='ltr'>quo</span> <span class='ocrx_word' id='word_1_61' title='bbox 1240 1882 1439 1976; x_wconf 89' lang='lat' dir='ltr'>proposuit,</span> <span class='ocrx_word' id='word_1_62' title='bbox 1465 1904 1560 1977; x_wconf 83' lang='lat' dir='ltr'>quo-</span> 
     </span>
     <span class='ocr_line' id='line_1_9' title="bbox 386 2002 1560 2099; baseline 0.002 -24"><span class='ocrx_word' id='word_1_63' title='bbox 386 2003 496 2076; x_wconf 91' lang='lat' dir='ltr'>modo</span> <span class='ocrx_word' id='word_1_64' title='bbox 521 2002 674 2077; x_wconf 81' lang='lat' dir='ltr'>ecclesia</span> <span class='ocrx_word' id='word_1_65' title='bbox 693 2007 774 2076; x_wconf 90' lang='lat' dir='ltr'>erat</span> <span class='ocrx_word' id='word_1_66' title='bbox 791 2002 986 2098; x_wconf 82' lang='lat' dir='ltr'>subiugata</span> <span class='ocrx_word' id='word_1_67' title='bbox 1004 2024 1027 2075; x_wconf 91' lang='lat' dir='ltr'>a</span> <span class='ocrx_word' id='word_1_68' title='bbox 1045 2002 1245 2095; x_wconf 77' lang='lat' dir='ltr'>uentrem,</span> <span class='ocrx_word' id='word_1_69' title='bbox 1263 2002 1327 2095; x_wconf 87' lang='lat' dir='ltr'>qui</span> <span class='ocrx_word' id='word_1_70' title='bbox 1350 2022 1421 2076; x_wconf 93' lang='lat' dir='ltr'>non</span> <span class='ocrx_word' id='word_1_71' title='bbox 1447 2002 1560 2099; x_wconf 83' lang='lat' dir='ltr'>dege-</span> 
     </span>
     <span class='ocr_line' id='line_1_10' title="bbox 385 2116 1558 2217; baseline 0.002 -21"><span class='ocrx_word' id='word_1_72' title='bbox 385 2122 539 2196; x_wconf 87' lang='lat' dir='ltr'>nerabat</span> <span class='ocrx_word' id='word_1_73' title='bbox 563 2142 585 2197; x_wconf 90' lang='lat' dir='ltr'>a</span> <span class='ocrx_word' id='word_1_74' title='bbox 612 2116 813 2196; x_wconf 87' lang='lat' dir='ltr'>maioribus</span> <span class='ocrx_word' id='word_1_75' title='bbox 838 2122 926 2214; x_wconf 91' lang='lat' dir='ltr'>suis,</span> <span class='ocrx_word' id='word_1_76' title='bbox 952 2121 1015 2215; x_wconf 86' lang='lat' dir='ltr'>qui</span> <span class='ocrx_word' id='word_1_77' title='bbox 1041 2140 1187 2217; x_wconf 83' lang='lat' dir='ltr'><strong>semper</strong></span> <span class='ocrx_word' id='word_1_78' title='bbox 1206 2122 1470 2197; x_wconf 79' lang='lat' dir='ltr'>tribulaverant</span> <span class='ocrx_word' id='word_1_79' title='bbox 1495 2142 1558 2198; x_wconf 89' lang='lat' dir='ltr'>ec-</span> 
     </span>
     <span class='ocr_line' id='line_1_11' title="bbox 386 2222 1554 2335; baseline 0 -20"><span class='ocrx_word' id='word_1_80' title='bbox 386 2241 559 2335; x_wconf 80' lang='lat' dir='ltr'>clesiam3</span> <span class='ocrx_word' id='word_1_81' title='bbox 586 2242 668 2316; x_wconf 91' lang='lat' dir='ltr'>ideo</span> <span class='ocrx_word' id='word_1_82' title='bbox 692 2240 739 2317; x_wconf 93' lang='lat' dir='ltr'>ad</span> <span class='ocrx_word' id='word_1_83' title='bbox 765 2240 1008 2316; x_wconf 86' lang='lat' dir='ltr'>revocandam</span> <span class='ocrx_word' id='word_1_84' title='bbox 1034 2222 1240 2316; x_wconf 76' lang='lat' dir='ltr'>libertatern</span> <span class='ocrx_word' id='word_1_85' title='bbox 1274 2241 1465 2315; x_wconf 88' lang='lat' dir='ltr'>videbatur</span> <span class='ocrx_word' id='word_1_86' title='bbox 1489 2240 1554 2315; x_wconf 87' lang='lat' dir='ltr'>sibi</span> 
     </span>
     <span class='ocr_line' id='line_1_12' title="bbox 384 2354 1556 2459; baseline 0.001 -24"><span class='ocrx_word' id='word_1_87' title='bbox 384 2361 531 2437; x_wconf 90' lang='lat' dir='ltr'>mittere</span> <span class='ocrx_word' id='word_1_88' title='bbox 555 2380 623 2457; x_wconf 93' lang='lat' dir='ltr'>pro</span> <span class='ocrx_word' id='word_1_89' title='bbox 648 2363 779 2437; x_wconf 82' lang='lat' dir='ltr'>Carolo</span> <span class='ocrx_word' id='word_1_90' title='bbox 804 2363 919 2436; x_wconf 83' lang='lat' dir='ltr'>tratre</span> <span class='ocrx_word' id='word_1_91' title='bbox 935 2360 1020 2435; x_wconf 87' lang='lat' dir='ltr'>boni</span> <span class='ocrx_word' id='word_1_92' title='bbox 1037 2362 1185 2438; x_wconf 86' lang='lat' dir='ltr'>Ludoici</span> <span class='ocrx_word' id='word_1_93' title='bbox 1203 2354 1241 2454; x_wconf 77' lang='lat'>(¹)</span> <span class='ocrx_word' id='word_1_94' title='bbox 1260 2362 1357 2459; x_wconf 81' lang='lat' dir='ltr'>regis</span> <span class='ocrx_word' id='word_1_95' title='bbox 1383 2362 1556 2456; x_wconf 84' lang='lat' dir='ltr'>Franciae,</span> 
     </span>
     <span class='ocr_line' id='line_1_13' title="bbox 382 2482 1558 2577; baseline 0.001 -21"><span class='ocrx_word' id='word_1_96' title='bbox 382 2482 430 2557; x_wconf 90' lang='lat' dir='ltr'>de</span> <span class='ocrx_word' id='word_1_97' title='bbox 454 2502 532 2576; x_wconf 88' lang='lat' dir='ltr'>quo</span> <span class='ocrx_word' id='word_1_98' title='bbox 556 2482 649 2557; x_wconf 87' lang='lat' dir='ltr'>iacta</span> <span class='ocrx_word' id='word_1_99' title='bbox 673 2489 730 2558; x_wconf 85' lang='lat' dir='ltr'>est</span> <span class='ocrx_word' id='word_1_100' title='bbox 755 2482 894 2558; x_wconf 86' lang='lat' dir='ltr'>mentio</span> <span class='ocrx_word' id='word_1_101' title='bbox 919 2503 1043 2577; x_wconf 85' lang='lat' dir='ltr'>supra.</span> <span class='ocrx_word' id='word_1_102' title='bbox 1072 2482 1117 2555; x_wconf 86' lang='lat' dir='ltr'>Et</span> <span class='ocrx_word' id='word_1_103' title='bbox 1141 2483 1292 2557; x_wconf 90' lang='lat' dir='ltr'>demum</span> <span class='ocrx_word' id='word_1_104' title='bbox 1313 2483 1437 2556; x_wconf 90' lang='lat' dir='ltr'>multis</span> <span class='ocrx_word' id='word_1_105' title='bbox 1455 2482 1558 2559; x_wconf 90' lang='lat' dir='ltr'>dictis</span> 
     </span>
     <span class='ocr_line' id='line_1_14' title="bbox 383 2602 1558 2700; baseline 0 -23"><span class='ocrx_word' id='word_1_106' title='bbox 383 2603 421 2677; x_wconf 91' lang='lat' dir='ltr'>in</span> <span class='ocrx_word' id='word_1_107' title='bbox 438 2602 795 2679; x_wconf 81' lang='lat' dir='ltr'>commendationem</span> <span class='ocrx_word' id='word_1_108' title='bbox 810 2604 929 2678; x_wconf 80' lang='lat' dir='ltr'>Caroli</span> <span class='ocrx_word' id='word_1_109' title='bbox 951 2623 1037 2678; x_wconf 88' lang='lat' dir='ltr'>cunr</span> <span class='ocrx_word' id='word_1_110' title='bbox 1058 2624 1193 2700; x_wconf 84' lang='lat' dir='ltr'>magno</span> <span class='ocrx_word' id='word_1_111' title='bbox 1210 2624 1360 2679; x_wconf 87' lang='lat' dir='ltr'>assensu</span> <span class='ocrx_word' id='word_1_112' title='bbox 1378 2605 1558 2697; x_wconf 90' lang='lat' dir='ltr'>omnium,</span> 
     </span>
    </p>
   </div>
   <div class='ocr_carea' id='block_1_3' title="bbox 382 2724 1558 3420">
    <p class='ocr_par' dir='ltr' id='par_1_3' title="bbox 382 2724 1558 3420">
     <span class='ocr_line' id='line_1_15' title="bbox 386 2724 1557 2818; baseline -0.002 -19"><span class='ocrx_word' id='word_1_113' title='bbox 386 2724 539 2799; x_wconf 86' lang='lat' dir='ltr'>Carolus</span> <span class='ocrx_word' id='word_1_114' title='bbox 570 2728 723 2799; x_wconf 89' lang='lat' dir='ltr'>vocatus</span> <span class='ocrx_word' id='word_1_115' title='bbox 747 2729 803 2797; x_wconf 82' lang='lat' dir='ltr'>est</span> <span class='ocrx_word' id='word_1_116' title='bbox 831 2730 958 2798; x_wconf 89' lang='lat' dir='ltr'>contra</span> <span class='ocrx_word' id='word_1_117' title='bbox 979 2724 1229 2817; x_wconf 82' lang='lat' dir='ltr'>llanlredum3</span> <span class='ocrx_word' id='word_1_118' title='bbox 1256 2724 1320 2818; x_wconf 88' lang='lat' dir='ltr'>qui</span> <span class='ocrx_word' id='word_1_119' title='bbox 1345 2724 1494 2799; x_wconf 86' lang='lat' dir='ltr'>veniens</span> <span class='ocrx_word' id='word_1_120' title='bbox 1520 2724 1557 2798; x_wconf 92' lang='lat' dir='ltr'>in</span> 
     </span>
     <span class='ocr_line' id='line_1_16' title="bbox 384 2842 1558 2939; baseline 0.005 -24"><span class='ocrx_word' id='word_1_121' title='bbox 384 2842 627 2927; x_wconf 85' lang='lat' dir='ltr'>ltaliamtam</span> <span class='ocrx_word' id='word_1_122' title='bbox 654 2844 817 2938; x_wconf 73' lang='lat' dir='ltr'>faciliter,</span> <span class='ocrx_word' id='word_1_123' title='bbox 844 2866 956 2939; x_wconf 89' lang='lat' dir='ltr'>quarn</span> <span class='ocrx_word' id='word_1_124' title='bbox 975 2844 1137 2939; x_wconf 77' lang='lat' dir='ltr'>feliciter,</span> <span class='ocrx_word' id='word_1_125' title='bbox 1158 2842 1283 2919; x_wconf 86' lang='lat' dir='ltr'>habuit</span> <span class='ocrx_word' id='word_1_126' title='bbox 1305 2845 1493 2920; x_wconf 87' lang='lat' dir='ltr'>victoriam</span> <span class='ocrx_word' id='word_1_127' title='bbox 1511 2846 1558 2921; x_wconf 94' lang='lat' dir='ltr'>de</span> 
     </span>
     <span class='ocr_line' id='line_1_17' title="bbox 383 2958 1556 3061; baseline 0.003 -24"><span class='ocrx_word' id='word_1_128' title='bbox 383 2964 568 3039; x_wconf 79' lang='lat' dir='ltr'>Mantredo</span> <span class='ocrx_word' id='word_1_129' title='bbox 593 2964 692 3059; x_wconf 90' lang='lat' dir='ltr'>apud</span> <span class='ocrx_word' id='word_1_130' title='bbox 719 2964 987 3059; x_wconf 84' lang='lat' dir='ltr'>Beneventum3</span> <span class='ocrx_word' id='word_1_131' title='bbox 1013 2971 1139 3061; x_wconf 88' lang='lat' dir='ltr'>postea</span> <span class='ocrx_word' id='word_1_132' title='bbox 1164 2966 1211 3040; x_wconf 94' lang='lat' dir='ltr'>de</span> <span class='ocrx_word' id='word_1_133' title='bbox 1230 2965 1447 3060; x_wconf 86' lang='lat' dir='ltr'>Conradino,</span> <span class='ocrx_word' id='word_1_134' title='bbox 1466 2973 1506 3039; x_wconf 90' lang='lat' dir='ltr'>ut</span> <span class='ocrx_word' id='word_1_135' title='bbox 1516 2958 1556 3060; x_wconf 50' lang='grc' dir='ltr'>(ὓ)</span> 
     </span>
     <span class='ocr_line' id='line_1_18' title="bbox 383 3082 1556 3183; baseline 0.001 -24"><span class='ocrx_word' id='word_1_136' title='bbox 383 3086 491 3181; x_wconf 84' lang='lat' dir='ltr'>plene</span> <span class='ocrx_word' id='word_1_137' title='bbox 515 3082 640 3181; x_wconf 85' lang='lat' dir='ltr'>scripsi</span> <span class='ocrx_word' id='word_1_138' title='bbox 666 3084 801 3159; x_wconf 85' lang='lat' dir='ltr'>lnierni</span> <span class='ocrx_word' id='word_1_139' title='bbox 826 3085 986 3180; x_wconf 87' lang='lat' dir='ltr'>capitulo</span> <span class='ocrx_word' id='word_1_140' title='bbox 1010 3086 1164 3159; x_wconf 85' lang='lat' dir='ltr'>xxvlll.</span> <span class='ocrx_word' id='word_1_141' title='bbox 1191 3088 1244 3159; x_wconf 83' lang='lat' dir='ltr'>Ex</span> <span class='ocrx_word' id='word_1_142' title='bbox 1270 3086 1373 3161; x_wconf 93' lang='lat' dir='ltr'>dictis</span> <span class='ocrx_word' id='word_1_143' title='bbox 1393 3106 1483 3183; x_wconf 82' lang='lat' dir='ltr'>ergo</span> <span class='ocrx_word' id='word_1_144' title='bbox 1500 3087 1556 3161; x_wconf 89' lang='lat' dir='ltr'>vi·</span> 
     </span>
     <span class='ocr_line' id='line_1_19' title="bbox 382 3204 1555 3300; baseline -0.001 -20"><span class='ocrx_word' id='word_1_145' title='bbox 382 3207 448 3281; x_wconf 90' lang='lat' dir='ltr'>des</span> <span class='ocrx_word' id='word_1_146' title='bbox 472 3204 502 3277; x_wconf 92' lang='lat' dir='ltr'>si</span> <span class='ocrx_word' id='word_1_147' title='bbox 528 3225 662 3300; x_wconf 81' lang='lat' dir='ltr'>magna</span> <span class='ocrx_word' id='word_1_148' title='bbox 688 3206 839 3279; x_wconf 88' lang='lat' dir='ltr'>luerunt</span> <span class='ocrx_word' id='word_1_149' title='bbox 863 3211 1011 3300; x_wconf 87' lang='lat' dir='ltr'>peccata</span> <span class='ocrx_word' id='word_1_150' title='bbox 1042 3206 1240 3300; x_wconf 82' lang='lat' dir='ltr'>Manlredi3</span> <span class='ocrx_word' id='word_1_151' title='bbox 1270 3206 1334 3281; x_wconf 92' lang='lat' dir='ltr'>sed</span> <span class='ocrx_word' id='word_1_152' title='bbox 1364 3206 1482 3281; x_wconf 93' lang='lat' dir='ltr'>maior</span> <span class='ocrx_word' id='word_1_153' title='bbox 1500 3212 1555 3281; x_wconf 90' lang='lat' dir='ltr'>est</span> 
     </span>
     <span class='ocr_line' id='line_1_20' title="bbox 385 3317 1555 3420; baseline 0.001 -21"><span class='ocrx_word' id='word_1_154' title='bbox 385 3324 632 3399; x_wconf 88' lang='lat' dir='ltr'>misericordia</span> <span class='ocrx_word' id='word_1_155' title='bbox 657 3324 733 3399; x_wconf 84' lang='lat' dir='ltr'>Dei.</span> <span class='ocrx_word' id='word_1_156' title='bbox 760 3324 845 3398; x_wconf 90' lang='lat' dir='ltr'>ideo</span> <span class='ocrx_word' id='word_1_157' title='bbox 875 3324 952 3420; x_wconf 89' lang='lat' dir='ltr'>ipse</span> <span class='ocrx_word' id='word_1_158' title='bbox 980 3324 1088 3399; x_wconf 88' lang='lat' dir='ltr'>dicit:</span> <span class='ocrx_word' id='word_1_159' title='bbox 1114 3346 1175 3398; x_wconf 85' lang='lat' dir='ltr'>mu</span> <span class='ocrx_word' id='word_1_160' title='bbox 1206 3328 1242 3400; x_wconf 87' lang='lat' dir='ltr'>lo</span> <span class='ocrx_word' id='word_1_161' title='bbox 1273 3317 1378 3399; x_wconf 80' lang='lat' dir='ltr'>dontd</span> <span class='ocrx_word' id='word_1_162' title='bbox 1406 3330 1555 3420; x_wconf 79' lang='lat' dir='ltr'>infinita,</span> 
     </span>
    </p>
   </div>
   <div class='ocr_carea' id='block_1_4' title="bbox 379 3438 1557 4981">
    <p class='ocr_par' dir='ltr' id='par_1_4' title="bbox 379 3438 1557 4981">
     <span class='ocr_line' id='line_1_21' title="bbox 382 3438 1555 3541; baseline -0.001 -21"><span class='ocrx_word' id='word_1_163' title='bbox 382 3446 516 3521; x_wconf 90' lang='lat' dir='ltr'>scilicet</span> <span class='ocrx_word' id='word_1_164' title='bbox 541 3446 651 3541; x_wconf 86' lang='lat' dir='ltr'>Deus,</span> <span class='ocrx_word' id='word_1_165' title='bbox 677 3448 724 3519; x_wconf 77' lang='lat' dir='ltr'>lto</span> <span class='ocrx_word' id='word_1_166' title='bbox 747 3438 776 3518; x_wconf 79' lang='lat' dir='ltr'>si</span> <span class='ocrx_word' id='word_1_167' title='bbox 803 3466 898 3537; x_wconf 78' lang='lat' dir='ltr'>pron</span> <span class='ocrx_word' id='word_1_168' title='bbox 928 3446 1082 3537; x_wconf 75' lang='grc' dir='ltr'><em>ὸναιοὶα,</em></span> <span class='ocrx_word' id='word_1_169' title='bbox 1115 3449 1175 3518; x_wconf 79' lang='lat' dir='ltr'>cde</span> <span class='ocrx_word' id='word_1_170' title='bbox 1203 3450 1337 3539; x_wconf 83' lang='lat' dir='ltr'>prende</span> <span class='ocrx_word' id='word_1_171' title='bbox 1361 3440 1415 3521; x_wconf 63' lang='grc' dir='ltr'>ιιι)</span> <span class='ocrx_word' id='word_1_172' title='bbox 1440 3450 1555 3520; x_wconf 79' lang='lat' dir='ltr'>cleri</span> 
     </span>
     <span class='ocr_line' id='line_1_22' title="bbox 380 3558 1555 3661; baseline -0.002 -21"><span class='ocrx_word' id='word_1_173' title='bbox 380 3569 517 3658; x_wconf 71' lang='lat' dir='ltr'>ricolpe</span> <span class='ocrx_word' id='word_1_174' title='bbox 541 3588 566 3639; x_wconf 87' lang='grc' dir='ltr'><em>α</em></span> <span class='ocrx_word' id='word_1_175' title='bbox 590 3569 645 3658; x_wconf 84' lang='lat' dir='ltr'>lei,</span> <span class='ocrx_word' id='word_1_176' title='bbox 670 3565 806 3640; x_wconf 87' lang='lat' dir='ltr'>scilicet</span> <span class='ocrx_word' id='word_1_177' title='bbox 828 3558 895 3660; x_wconf 90' lang='lat' dir='ltr'>per</span> <span class='ocrx_word' id='word_1_178' title='bbox 913 3566 1177 3661; x_wconf 75' lang='lat' dir='ltr'>poenitentiam,</span> <span class='ocrx_word' id='word_1_179' title='bbox 1196 3566 1282 3660; x_wconf 84' lang='lat' dir='ltr'>qrria</span> <span class='ocrx_word' id='word_1_180' title='bbox 1301 3566 1428 3661; x_wconf 87' lang='lat' dir='ltr'>recipit</span> <span class='ocrx_word' id='word_1_181' title='bbox 1445 3566 1555 3641; x_wconf 89' lang='lat' dir='ltr'>etiarn</span> 
     </span>
     <span class='ocr_line' id='line_1_23' title="bbox 381 3682 1555 3783; baseline -0.002 -22"><span class='ocrx_word' id='word_1_182' title='bbox 381 3686 461 3761; x_wconf 91' lang='lat' dir='ltr'>illos</span> <span class='ocrx_word' id='word_1_183' title='bbox 481 3686 617 3781; x_wconf 86' lang='lat' dir='ltr'>quibus</span> <span class='ocrx_word' id='word_1_184' title='bbox 636 3684 788 3760; x_wconf 89' lang='lat' dir='ltr'>ecclesia</span> <span class='ocrx_word' id='word_1_185' title='bbox 808 3686 944 3760; x_wconf 89' lang='lat' dir='ltr'>claudit</span> <span class='ocrx_word' id='word_1_186' title='bbox 961 3686 1160 3783; x_wconf 82' lang='lat' dir='ltr'>gremium.</span> <span class='ocrx_word' id='word_1_187' title='bbox 1173 3690 1280 3760; x_wconf 84' lang='lat' dir='ltr'>-Sc</span> <span class='ocrx_word' id='word_1_188' title='bbox 1299 3688 1324 3759; x_wconf 86' lang='lat' dir='ltr'>&#39;l</span> <span class='ocrx_word' id='word_1_189' title='bbox 1336 3693 1470 3779; x_wconf 81' lang='lat' dir='ltr'>pastor.</span> <span class='ocrx_word' id='word_1_190' title='bbox 1491 3682 1555 3759; x_wconf 86' lang='lat' dir='ltr'>llic</span> 
     </span>
     <span class='ocr_line' id='line_1_24' title="bbox 381 3804 1557 3902; baseline -0.002 -21"><span class='ocrx_word' id='word_1_191' title='bbox 381 3806 590 3883; x_wconf 84' lang='lat' dir='ltr'>ldanlredus</span> <span class='ocrx_word' id='word_1_192' title='bbox 614 3804 731 3902; x_wconf 84' lang='lat' dir='ltr'>tangit</span> <span class='ocrx_word' id='word_1_193' title='bbox 750 3806 978 3901; x_wconf 88' lang='lat' dir='ltr'>implacabile</span> <span class='ocrx_word' id='word_1_194' title='bbox 994 3806 1121 3881; x_wconf 89' lang='lat' dir='ltr'>odium</span> <span class='ocrx_word' id='word_1_195' title='bbox 1139 3809 1376 3902; x_wconf 73' lang='lat' dir='ltr'>prelatorum</span> <span class='ocrx_word' id='word_1_196' title='bbox 1394 3806 1557 3882; x_wconf 74' lang='lat' dir='ltr'>ecclesie</span> 
     </span>
     <span class='ocr_line' id='line_1_25' title="bbox 382 3924 1557 4021; baseline -0.004 -18"><span class='ocrx_word' id='word_1_197' title='bbox 382 3934 509 4003; x_wconf 88' lang='lat' dir='ltr'>contra</span> <span class='ocrx_word' id='word_1_198' title='bbox 542 3946 594 4020; x_wconf 87' lang='lat' dir='ltr'>se,</span> <span class='ocrx_word' id='word_1_199' title='bbox 628 3924 715 4020; x_wconf 87' lang='lat' dir='ltr'>quia</span> <span class='ocrx_word' id='word_1_200' title='bbox 748 3926 858 3999; x_wconf 91' lang='lat' dir='ltr'>etiam</span> <span class='ocrx_word' id='word_1_201' title='bbox 894 3932 1162 4021; x_wconf 89' lang='lat' dir='ltr'>postmortem</span> <span class='ocrx_word' id='word_1_202' title='bbox 1196 3926 1445 4021; x_wconf 72' lang='lat' dir='ltr'>quaesiverunt</span> <span class='ocrx_word' id='word_1_203' title='bbox 1477 3926 1557 4000; x_wconf 86' lang='lat' dir='ltr'>vin-</span> 
     </span>
     <span class='ocr_line' id='line_1_26' title="bbox 381 4044 1554 4144; baseline -0.002 -23"><span class='ocrx_word' id='word_1_204' title='bbox 381 4048 514 4122; x_wconf 87' lang='lat' dir='ltr'>dictam</span> <span class='ocrx_word' id='word_1_205' title='bbox 539 4047 587 4121; x_wconf 87' lang='lat' dir='ltr'>de</span> <span class='ocrx_word' id='word_1_206' title='bbox 611 4066 669 4139; x_wconf 89' lang='lat' dir='ltr'>eo,</span> <span class='ocrx_word' id='word_1_207' title='bbox 696 4046 860 4121; x_wconf 85' lang='lat' dir='ltr'>iaciendo</span> <span class='ocrx_word' id='word_1_208' title='bbox 889 4066 971 4121; x_wconf 86' lang='lat' dir='ltr'>ossa</span> <span class='ocrx_word' id='word_1_209' title='bbox 1002 4047 1082 4121; x_wconf 87' lang='lat' dir='ltr'>eius</span> <span class='ocrx_word' id='word_1_210' title='bbox 1111 4044 1217 4122; x_wconf 85' lang='lat' dir='ltr'>abiici</span> <span class='ocrx_word' id='word_1_211' title='bbox 1249 4055 1353 4122; x_wconf 86' lang='lat' dir='ltr'>extra</span> <span class='ocrx_word' id='word_1_212' title='bbox 1385 4066 1554 4144; x_wconf 81' lang='lat' dir='ltr'>regnum.</span> 
     </span>
     <span class='ocr_line' id='line_1_27' title="bbox 383 4167 1556 4262; baseline -0.003 -21"><span class='ocrx_word' id='word_1_213' title='bbox 383 4168 484 4243; x_wconf 91' lang='lat' dir='ltr'>Unde</span> <span class='ocrx_word' id='word_1_214' title='bbox 508 4168 616 4243; x_wconf 88' lang='lat' dir='ltr'>dicit:</span> <span class='ocrx_word' id='word_1_215' title='bbox 642 4170 725 4241; x_wconf 80' lang='lat' dir='ltr'>Se&#39;l</span> <span class='ocrx_word' id='word_1_216' title='bbox 740 4174 866 4259; x_wconf 81' lang='lat' dir='ltr'>postor</span> <span class='ocrx_word' id='word_1_217' title='bbox 890 4170 928 4240; x_wconf 81' lang='lat' dir='ltr'>di</span> <span class='ocrx_word' id='word_1_218' title='bbox 955 4171 1124 4256; x_wconf 77' lang='lat' dir='ltr'>cosenzo,</span> <span class='ocrx_word' id='word_1_219' title='bbox 1143 4167 1235 4241; x_wconf 86' lang='lat' dir='ltr'>idest</span> <span class='ocrx_word' id='word_1_220' title='bbox 1263 4167 1556 4262; x_wconf 87' lang='lat' dir='ltr'>archiepiscopus</span> 
     </span>
     <span class='ocr_line' id='line_1_28' title="bbox 382 4276 1556 4383; baseline -0.003 -21"><span class='ocrx_word' id='word_1_221' title='bbox 382 4288 570 4362; x_wconf 87' lang='lat' dir='ltr'>Consanus</span> <span class='ocrx_word' id='word_1_222' title='bbox 583 4276 633 4381; x_wconf 76' lang='lat'>(⁴),</span> <span class='ocrx_word' id='word_1_223' title='bbox 651 4288 712 4361; x_wconf 85' lang='lat' dir='ltr'>cle</span> <span class='ocrx_word' id='word_1_224' title='bbox 724 4291 765 4382; x_wconf 77' lang='lat' dir='ltr'>fo</span> <span class='ocrx_word' id='word_1_225' title='bbox 778 4308 903 4379; x_wconf 79' lang='lat' dir='ltr'>mesco,</span> <span class='ocrx_word' id='word_1_226' title='bbox 917 4287 1020 4380; x_wconf 91' lang='lat' dir='ltr'>idest,</span> <span class='ocrx_word' id='word_1_227' title='bbox 1032 4287 1187 4383; x_wconf 86' lang='lat' dir='ltr'>legatus,</span> <span class='ocrx_word' id='word_1_228' title='bbox 1203 4308 1269 4379; x_wconf 77' lang='lat' dir='ltr'>per</span> <span class='ocrx_word' id='word_1_229' title='bbox 1289 4290 1467 4375; x_wconf 80' lang='lat' dir='ltr'>Clemente,</span> <span class='ocrx_word' id='word_1_230' title='bbox 1485 4286 1556 4359; x_wconf 86' lang='lat' dir='ltr'>sci·</span> 
     </span>
     <span class='ocr_line' id='line_1_29' title="bbox 381 4404 1556 4502; baseline -0.002 -21"><span class='ocrx_word' id='word_1_231' title='bbox 381 4408 465 4482; x_wconf 91' lang='lat' dir='ltr'>licet</span> <span class='ocrx_word' id='word_1_232' title='bbox 489 4426 633 4502; x_wconf 89' lang='lat' dir='ltr'>papam,</span> <span class='ocrx_word' id='word_1_233' title='bbox 666 4412 786 4481; x_wconf 86' lang='lat' dir='ltr'>ollora</span> <span class='ocrx_word' id='word_1_234' title='bbox 811 4412 885 4481; x_wconf 84' lang='lat' dir='ltr'>olla</span> <span class='ocrx_word' id='word_1_235' title='bbox 909 4410 1028 4480; x_wconf 81' lang='lat' dir='ltr'>coccio</span> <span class='ocrx_word' id='word_1_236' title='bbox 1052 4410 1090 4480; x_wconf 81' lang='lat' dir='ltr'>di</span> <span class='ocrx_word' id='word_1_237' title='bbox 1113 4428 1180 4498; x_wconf 88' lang='lat' dir='ltr'>me,</span> <span class='ocrx_word' id='word_1_238' title='bbox 1202 4406 1304 4499; x_wconf 90' lang='lat' dir='ltr'>idest,</span> <span class='ocrx_word' id='word_1_239' title='bbox 1330 4406 1376 4479; x_wconf 92' lang='lat' dir='ltr'>ad</span> <span class='ocrx_word' id='word_1_240' title='bbox 1401 4404 1556 4499; x_wconf 89' lang='lat' dir='ltr'>inquisi-</span> 
     </span>
     <span class='ocr_line' id='line_1_30' title="bbox 381 4526 1556 4623; baseline 0 -24"><span class='ocrx_word' id='word_1_241' title='bbox 381 4526 518 4600; x_wconf 88' lang='lat' dir='ltr'>tionem</span> <span class='ocrx_word' id='word_1_242' title='bbox 550 4532 589 4601; x_wconf 88' lang='lat' dir='ltr'>et</span> <span class='ocrx_word' id='word_1_243' title='bbox 623 4527 915 4623; x_wconf 87' lang='lat' dir='ltr'>persecutionem</span> <span class='ocrx_word' id='word_1_244' title='bbox 948 4526 1114 4621; x_wconf 90' lang='lat' dir='ltr'>corporis</span> <span class='ocrx_word' id='word_1_245' title='bbox 1146 4526 1229 4620; x_wconf 90' lang='lat' dir='ltr'>mei,</span> <span class='ocrx_word' id='word_1_246' title='bbox 1262 4546 1382 4599; x_wconf 80' lang='lat' dir='ltr'>coesse</span> <span class='ocrx_word' id='word_1_247' title='bbox 1412 4530 1447 4600; x_wconf 85' lang='grc' dir='ltr'>ιἰι</span> <span class='ocrx_word' id='word_1_248' title='bbox 1485 4529 1556 4599; x_wconf 84' lang='lat' dir='ltr'>Dio</span> 
     </span>
     <span class='ocr_line' id='line_1_31' title="bbox 381 4644 1554 4741; baseline 0.002 -23"><span class='ocrx_word' id='word_1_249' title='bbox 381 4646 446 4719; x_wconf 81' lang='lat' dir='ltr'>den</span> <span class='ocrx_word' id='word_1_250' title='bbox 470 4649 551 4719; x_wconf 81' lang='lat' dir='ltr'>letto</span> <span class='ocrx_word' id='word_1_251' title='bbox 575 4654 694 4739; x_wconf 73' lang='lat' dir='ltr'>comto</span> <span class='ocrx_word' id='word_1_252' title='bbox 716 4651 844 4741; x_wconf 78' lang='lat' dir='ltr'>soccia,</span> <span class='ocrx_word' id='word_1_253' title='bbox 876 4646 1022 4739; x_wconf 90' lang='lat' dir='ltr'>scilicet,</span> <span class='ocrx_word' id='word_1_254' title='bbox 1058 4644 1318 4721; x_wconf 72' lang='lat' dir='ltr'>misericordias</span> <span class='ocrx_word' id='word_1_255' title='bbox 1348 4646 1424 4741; x_wconf 86' lang='lat' dir='ltr'>Dei,</span> <span class='ocrx_word' id='word_1_256' title='bbox 1452 4646 1554 4739; x_wconf 89' lang='lat' dir='ltr'>idest,</span> 
     </span>
     <span class='ocr_line' id='line_1_32' title="bbox 379 4762 1555 4862; baseline 0.002 -23"><span class='ocrx_word' id='word_1_257' title='bbox 379 4766 409 4839; x_wconf 90' lang='lat' dir='ltr'>si</span> <span class='ocrx_word' id='word_1_258' title='bbox 435 4765 581 4841; x_wconf 86' lang='lat' dir='ltr'>vidisset</span> <span class='ocrx_word' id='word_1_259' title='bbox 606 4786 667 4841; x_wconf 89' lang='lat' dir='ltr'>me</span> <span class='ocrx_word' id='word_1_260' title='bbox 693 4766 975 4843; x_wconf 89' lang='lat' dir='ltr'>misericorditer</span> <span class='ocrx_word' id='word_1_261' title='bbox 1001 4772 1192 4861; x_wconf 87' lang='lat' dir='ltr'>receptum</span> <span class='ocrx_word' id='word_1_262' title='bbox 1215 4774 1253 4841; x_wconf 92' lang='lat' dir='ltr'>et</span> <span class='ocrx_word' id='word_1_263' title='bbox 1276 4762 1433 4862; x_wconf 86' lang='lat' dir='ltr'>salvum,</span> <span class='ocrx_word' id='word_1_264' title='bbox 1459 4768 1555 4842; x_wconf 90' lang='lat' dir='ltr'>sicut</span> 
     </span>
     <span class='ocr_line' id='line_1_33' title="bbox 382 4886 1552 4981; baseline 0.003 -22"><span class='ocrx_word' id='word_1_265' title='bbox 382 4894 422 4960; x_wconf 92' lang='lat' dir='ltr'>tu</span> <span class='ocrx_word' id='word_1_266' title='bbox 454 4905 516 4961; x_wconf 91' lang='lat' dir='ltr'>me</span> <span class='ocrx_word' id='word_1_267' title='bbox 549 4886 663 4981; x_wconf 85' lang='lat' dir='ltr'>vides,</span> <span class='ocrx_word' id='word_1_268' title='bbox 687 4891 711 4961; x_wconf 88' lang='lat' dir='ltr'>l’</span> <span class='ocrx_word' id='word_1_269' title='bbox 723 4908 806 4961; x_wconf 79' lang='lat' dir='ltr'>osso</span> <span class='ocrx_word' id='word_1_270' title='bbox 831 4890 889 4961; x_wconf 79' lang='lat' dir='ltr'>del</span> <span class='ocrx_word' id='word_1_271' title='bbox 910 4907 1020 4980; x_wconf 82' lang='lat' dir='ltr'>corpo</span> <span class='ocrx_word' id='word_1_272' title='bbox 1045 4890 1115 4959; x_wconf 79' lang='lat' dir='ltr'>mro</span> <span class='ocrx_word' id='word_1_273' title='bbox 1140 4891 1276 4961; x_wconf 71' lang='lat' dir='ltr'>salom</span> <span class='ocrx_word' id='word_1_274' title='bbox 1307 4910 1456 4980; x_wconf 84' lang='lat' dir='ltr'>ancora,</span> <span class='ocrx_word' id='word_1_275' title='bbox 1482 4890 1552 4964; x_wconf 89' lang='lat' dir='ltr'>sci-</span> 
     </span>
    </p>
   </div>
   <div class='ocr_carea' id='block_1_5' title="bbox 442 5071 1184 5215">
    <p class='ocr_par' dir='ltr' id='par_1_5' title="bbox 442 5071 1184 5215">
     <span class='ocr_line' id='line_1_34' title="bbox 442 5071 1161 5137; baseline -0.017 -2"><span class='ocrx_word' id='word_1_276' title='bbox 442 5074 470 5135; x_wconf 82' lang='lat' dir='ltr'>u</span> <span class='ocrx_word' id='word_1_277' title='bbox 485 5072 511 5123; x_wconf 56' lang='grc' dir='ltr'><strong>ἃ</strong></span> <span class='ocrx_word' id='word_1_278' title='bbox 528 5076 633 5137; x_wconf 66' lang='lat' dir='ltr'>repent</span> <span class='ocrx_word' id='word_1_279' title='bbox 935 5071 964 5135; x_wconf 65' lang='grc' dir='ltr'>ι’)</span> <span class='ocrx_word' id='word_1_280' title='bbox 980 5074 1011 5123; x_wconf 75' lang='grc' dir='ltr'>ιι</span> <span class='ocrx_word' id='word_1_281' title='bbox 1027 5074 1161 5124; x_wconf 73' lang='lat' dir='ltr'>turonen</span> 
     </span>
     <span class='ocr_line' id='line_1_35' title="bbox 443 5147 1184 5215; baseline -0.001 -13"><span class='ocrx_word' id='word_1_282' title='bbox 443 5150 470 5213; x_wconf 70' lang='grc' dir='ltr'>ι’)</span> <span class='ocrx_word' id='word_1_283' title='bbox 486 5150 518 5201; x_wconf 82' lang='lat' dir='ltr'>lt.</span> <span class='ocrx_word' id='word_1_284' title='bbox 534 5156 565 5201; x_wconf 85' lang='lat' dir='ltr'>ot</span> <span class='ocrx_word' id='word_1_285' title='bbox 579 5147 679 5215; x_wconf 76' lang='lat' dir='ltr'>scripsi.</span> <span class='ocrx_word' id='word_1_286' title='bbox 936 5150 964 5214; x_wconf 66' lang='grc' dir='ltr'>β)</span> <span class='ocrx_word' id='word_1_287' title='bbox 978 5150 1010 5201; x_wconf 76' lang='grc' dir='ltr'>Β.</span> <span class='ocrx_word' id='word_1_288' title='bbox 1024 5148 1184 5202; x_wconf 64' lang='lat' dir='ltr'>temdum.</span> 
     </span>
    </p>
   </div>
   <div class='ocr_carea' id='block_1_6' title="bbox 0 0 2276 6840">
    <p class='ocr_par' dir='ltr' id='par_1_6' title="bbox 0 0 2276 6840">
     <span class='ocr_line' id='line_1_36' title="bbox 0 0 2276 6840; baseline 0 0"><span class='ocrx_word' id='word_1_289' title='bbox 0 0 2276 6840; x_wconf 95' lang='lat' dir='ltr'> </span> 
     </span>
    </p>
   </div>
  </div>
 </body>
</html>
