4542 6842
709 958 757 1024 48
1069 967 1272 1022 conuuwn
1298 966 1520 1020 runcuromr

709 1122 789 1190 ret:
816 1116 888 1189 beu
917 1135 977 1189 me
1005 1113 1195 1206 miserum,
1217 1112 1304 1206 quid
1326 1112 1393 1186 ieci
1412 1132 1477 1207 per
1496 1117 1638 1184 tautum
1658 1101 1882 1205 tempustd)

709 1241 747 1308 ot
772 1254 818 1309 ex
843 1233 991 1330 gaudio,
1017 1233 1104 1328 quia
1123 1232 1269 1306 videbat
1286 1252 1326 1306 sc
1347 1231 1558 1326 pervenisse
1575 1230 1621 1304 ad
1639 1231 1779 1305 bouum
1800 1250 1886 1324 por·
1910 1279 1915 1290 -

709 1361 802 1449 tum,
820 1354 884 1428 ubi
902 1355 1098 1429 evomebat
1115 1373 1263 1427 omnem
1286 1351 1568 1426 amaritudinem
1585 1343 1622 1443 (²)
1640 1351 1754 1426 maris
1770 1372 1883 1446 quarn

708 1475 770 1549 diu
802 1477 987 1569 hauserat,
1014 1481 1051 1548 et
1084 1474 1283 1548 imbibebat
1315 1473 1461 1547 dulcem
1494 1493 1618 1548 rorem
1652 1472 1715 1564 qui
1741 1473 1885 1548 abster-

708 1597 819 1694 gebat
847 1616 996 1670 omnem
1028 1595 1235 1691 rubiginem
1267 1594 1314 1667 ab
1339 1593 1524 1668 intellectu
1551 1613 1630 1666 suo.
1655 1592 1758 1667 Unde
1784 1592 1884 1687 ponit

710 1718 881 1792 ellectum
909 1716 1017 1790 buius
1043 1722 1178 1790 sanctae
1199 1713 1353 1808 lotionis,
1371 1713 1494 1788 dicens
1505 1715 1634 1805 :nuru
1648 1717 1697 1785 mi
1710 1717 1783 1806 fece
1800 1720 1884 1787 tutto

709 1842 922 1932 ducoperlo,
956 1836 1062 1930 idest,
1099 1834 1351 1928 manifestum,
1382 1837 1462 1924 quel
1497 1837 1614 1925 color,
1649 1833 1784 1907 scilicet
1816 1853 1884 1919 na-

711 1959 880 2051 turalem,
906 1959 966 2029 clre
1000 1959 1173 2049 t’r'nserrro
1199 1958 1247 2026 ml
1270 1975 1429 2045 nurcore,
1454 1953 1542 2047 quia
1567 1955 1679 2028 bomo
1705 1952 1882 2047 quamdiu

709 2078 825 2152 estin
853 2078 994 2150 inlerno
1029 2096 1101 2150 non
1133 2081 1251 2170 potest
1285 2076 1391 2169 plene
1424 2065 1647 2170 cognoscere
1679 2073 1885 2169 Virgilium,

707 2197 812 2292 idest,
830 2199 1009 2272 rationem
1028 2197 1247 2289 naturalem,
1269 2195 1484 2290 prohibente
1501 2202 1661 2290 peccato,
1683 2202 1884 2289 qnantum-

709 2338 872 2410 cumque
908 2317 1075 2392 videatur
1108 2317 1251 2410 sapiens
1290 2322 1328 2389 et
1363 2315 1477 2389 multa
1516 2315 1621 2410 scire,
1658 2316 1744 2409 quia
1779 2316 1885 2390 multi

710 2439 826 2511 multa
852 2437 981 2530 sciunt,
1008 2443 1045 2511 et
1070 2457 1110 2512 se
1131 2436 1225 2531 ipsos
1246 2435 1432 2530 nesciunt,
1455 2436 1560 2509 multi
1577 2443 1750 2530 quaerunt
1767 2437 1884 2511 scieu-

711 2557 811 2651 tiam,
838 2556 945 2652 pauci
971 2577 1061 2631 roro
1093 2557 1363 2632 conscientiam.
1378 2595 1428 2609 -
1447 2559 1631 2629 Venimmo.
1662 2557 1727 2631 llic
1754 2557 1884 2631 ultimo

710 2683 818 2773 poeta
845 2676 1000 2750 ostendit
1030 2675 1187 2770 qualiter
1213 2676 1383 2771 Virgilius
1413 2676 1608 2751 recinxcrit
1633 2697 1721 2751 curn
1750 2677 1884 2771 junco,

713 2803 750 2872 ct
784 2796 903 2891 primo
935 2794 1105 2870 describit
1135 2797 1259 2868 locum
1289 2795 1351 2869 ubi
1385 2795 1573 2869 abundant
1600 2793 1715 2891 junci,
1741 2795 1884 2870 dicens:

720 2920 893 2990 Venimmo
907 2917 980 3007 pot,
1007 2911 1221 2988 recedentes
1245 2935 1267 2988 a
1292 2916 1373 2988 loco
1399 2915 1568 3008 herboso,
1594 2915 1701 3010 pleno
1727 2935 1824 3006 rore,
1845 2918 1884 2987 in

711 3039 768 3110 sul
791 3039 851 3108 lr'to
877 3037 1019 3125 dr'serto,
1046 3033 1145 3127 quod
1169 3035 1310 3108 anullo
1327 3035 1565 3127 habitatur,a
1586 3036 1687 3108 nullo
1712 3035 1885 3129 irequcu·

712 3161 832 3250 tatur;
851 3155 932 3230 ideo
952 3155 1060 3229 dicit:
1079 3158 1139 3228 cte
1155 3160 1315 3228 metron
1332 3159 1505 3229 videnum
1523 3159 1672 3229 nautcor
1687 3179 1748 3230 rue
1764 3178 1885 3250 acque,

711 3279 771 3351 cte
795 3281 848 3350 sta
876 3279 1000 3368 porcio
1029 3284 1164 3368 esperto
1195 3279 1234 3350 di
1263 3284 1418 3348 tornare.
1454 3277 1524 3350 Per
1554 3278 1623 3350 boc
1655 3278 1734 3350 vult
1763 3277 1886 3352 dicere

712 3397 812 3491 quod
839 3396 927 3470 nulli
954 3402 1105 3491 possunt
1122 3396 1299 3471 accedere
1315 3396 1361 3470 ad
1381 3396 1580 3491 antipodes,
1599 3397 1627 3470 si
1645 3404 1769 3471 tamen
1787 3404 1885 3492 sunt,

710 3517 806 3591 sicut
829 3524 939 3612 negat
959 3516 1185 3613 Augustinus
1203 3516 1295 3589 libro
1315 3503 1362 3589 de
1386 3516 1540 3592 Civitale
1556 3517 1641 3590 Dei:
1661 3520 1783 3591 Nullus
1799 3539 1885 3609 erpo

712 3640 830 3711 vivens
854 3640 926 3729 ivit,
951 3640 1010 3729 qul
1034 3657 1188 3731 unquam
1212 3643 1451 3709 reverteretur.
1470 3636 1546 3709 Hoc
1562 3635 1648 3710 dicit
1671 3658 1737 3731 pro
1757 3638 1884 3733 Ulyxe,

712 3758 775 3852 qui
802 3757 954 3833 tentavit
984 3758 1069 3832 illuc
1101 3756 1278 3832 accedere
1308 3756 1510 3830 secundum
1542 3755 1724 3831 lictionem
1757 3764 1884 3851 poetae,

712 3879 776 3954 sed
806 3879 878 3954 cito
910 3879 1029 3974 ipsu'm
1063 3870 1242 3972 poenituit.
1278 3879 1321 3950 Et
1359 3883 1528 3950 notanter
1561 3876 1652 3951 dixit
1684 3877 1884 3972 bominem,

712 3999 799 4093 quia
833 3999 1013 4095 Angelum
1049 3998 1143 4073 bene
1176 3998 1264 4071 vidit
1298 3998 1474 4093 navigare
1508 4019 1595 4070 suas
1630 4019 1758 4091 aquas,
1791 3999 1884 4072 sicut

711 4120 833 4224 statim
861 4120 994 4213 patebit
1020 4119 1178 4213 capitulo
1203 4119 1364 4193 secundo
1390 4119 1568 4212 sequenti.
1601 4120 1645 4193 Et
1675 4125 1761 4193 nuta
1786 4117 1885 4211 quod

710 4240 796 4315 licet
819 4239 923 4314 litera
958 4259 1003 4312 ex
1035 4239 1139 4312 dictis
1170 4239 1338 4313 videatur
1367 4239 1454 4313 satis
1484 4240 1596 4334 clara,
1621 4245 1746 4313 tamen
1775 4237 1885 4312 babet

710 4358 948 4433 occultiorem
975 4357 1212 4434 intellectum.
1239 4357 1323 4431 Vult
1348 4358 1446 4432 enim
1480 4357 1603 4432 dicere
1633 4357 1732 4452 quod
1763 4355 1885 4430 nullus

710 4486 796 4555 ante
817 4500 903 4555 curn
931 4479 995 4552 ivit
1016 4479 1062 4553 ad
1083 4479 1339 4574 purgatorium
1358 4479 1430 4553 alta
1448 4479 1637 4573 phantasia
1657 4478 1797 4570 mentis,
1816 4497 1885 4551 uec

710 4600 851 4697 poetice
882 4599 1069 4695 descripsit
1100 4600 1370 4696 purgatorium,
1403 4600 1501 4693 quod
1533 4599 1702 4674 sciamus.
1731 4599 1804 4672 Nec
1829 4597 1886 4669 ri·

710 4722 843 4796 deatur
868 4721 931 4794 tibi
961 4721 1027 4794 ista
1060 4720 1237 4815 expositio
1261 4721 1391 4814 aliena,
1418 4721 1543 4813 lector,
1576 4719 1663 4814 quia
1694 4724 1802 4813 poeta
1827 4736 1886 4790 se-

711 4840 832 4915 cundo
858 4840 1017 4935 capitulo
1042 4840 1215 4932 Paradisi,
1234 4839 1330 4914 idem
1355 4839 1441 4913 dicit
1465 4841 1512 4914 de
1537 4839 1692 4914 materia
1716 4837 1884 4933 paradisi,

776 5088 804 5152 (¹)
820 5088 851 5138 Ε.
869 5092 986 5152 tempus?
1003 5103 1034 5140 ex
1048 5092 1150 5154 gaudio.
1321 5088 1350 5152 (¹)
1366 5091 1397 5142 Ε.
1413 5091 1612 5142 amaritudinem
1627 5104 1714 5154 quam.
