4542 6842
732 969 871 1026 munus
896 969 1053 1026 nncmus
1077 970 1223 1026 snrrus.
1489 956 1561 1024 137

388 1117 467 1190 dico
492 1117 567 1188 tutti
571 1141 587 1208 ,·
612 1121 649 1189 et
673 1115 720 1189 ad
746 1115 862 1190 robur
885 1114 970 1190 dicti
994 1115 1052 1190 sui
1076 1113 1186 1207 addit,
1204 1135 1277 1205 utu,
1289 1121 1394 1208 posto
1417 1116 1562 1188 ct'iuit

387 1237 481 1326 dica,
506 1234 653 1328 scilicet,
680 1235 778 1328 quod
804 1233 919 1310 initiet
944 1253 1073 1310 omnes
1105 1241 1229 1309 motus
1261 1240 1415 1328 vestros,
1440 1233 1562 1307 adbuc

388 1355 512 1448 etiam,
538 1357 621 1428 doto
646 1350 712 1428 c'e‘
734 1357 824 1430 tume
848 1376 873 1429 o
897 1355 981 1430 beru
1005 1362 1039 1429 et
1062 1375 1092 1428 a.
1110 1357 1268 1446 mudum,
1294 1353 1441 1448 scilieet,
1468 1352 1562 1428 ratio

389 1474 630 1572 cognoscendi
656 1475 795 1549 bonum
821 1481 858 1550 et
884 1475 1037 1569 malum,
1060 1480 1098 1550 et
1123 1472 1280 1570 eligendi
1305 1479 1343 1549 et
1368 1471 1560 1566 renuendi,

389 1615 456 1692 per
482 1616 593 1689 quam
617 1595 765 1690 potestis
783 1595 982 1676 relraenare
999 1594 1140 1670 illicitos
1157 1599 1281 1668 motus
1294 1588 1332 1684 (¹)
1349 1592 1444 1686 coeli,
1462 1591 1561 1686 quod

391 1714 532 1789 sortiter
548 1713 658 1788 trabit
675 1719 712 1790 et
729 1713 877 1789 inclinat
893 1713 1059 1789 animum
1077 1713 1245 1806 alicuius,
1258 1712 1308 1786 ita
1321 1711 1421 1806 quod
1437 1710 1561 1785 anima

391 1834 520 1909 nobilis
549 1835 586 1908 in
615 1855 772 1930 corpore
802 1835 918 1930 posita
950 1835 1095 1910 videtur
1128 1833 1235 1928 quasi
1266 1833 1326 1907 leo
1356 1831 1495 1927 positus
1524 1831 1562 1905 in

390 1973 556 2049 carcere,
584 1954 682 2030 unde
706 1954 985 2049 concupiscibile
1011 1961 1048 2030 et
1078 1952 1258 2027 irascibile
1288 1952 1470 2047 imperant
1500 1973 1562 2026 ra-

391 2073 479 2149 tioni
505 2074 652 2168 quando
672 2075 795 2150 anima
816 2073 972 2149 bominis
989 2074 1100 2148 luerit
1117 2093 1302 2168 perversa,
1321 2077 1364 2145 ut
1381 2071 1467 2148 dicit
1483 2071 1563 2167 pbi-

391 2197 563 2290 losophus
580 2195 610 2266 V
627 2195 883 2271 Politicorum:
902 2201 1080 2270 ettamen
1104 2200 1223 2288 potest
1247 2193 1339 2268 liber
1365 2194 1476 2266 bomo
1494 2191 1563 2266 ob-

390 2323 490 2392 stare
507 2324 705 2411 antequam
726 2322 889 2392 transeat
906 2315 943 2389 in
960 2315 1139 2390 habiturn.
1155 2314 1374 2408 Exemplum
1392 2304 1429 2404 (¹)
1450 2312 1561 2386 huius

392 2437 514 2530 habes,
541 2456 588 2511 ne
612 2456 743 2512 exeam
772 2434 964 2510 materiam
991 2433 1037 2508 de
1062 2454 1136 2527 qua
1161 2433 1221 2509 hic
1236 2433 1371 2530 agitur,
1392 2432 1480 2527 quia
1496 2431 1562 2508 ali·

391 2557 472 2652 quis
497 2555 676 2632 colericus
702 2554 819 2650 qualis
841 2555 910 2630 luit
926 2554 985 2630 bic
1001 2553 1157 2647 Marcus,
1175 2553 1347 2629 incitatur
1363 2552 1561 2646 aliquando

393 2677 439 2751 ad
464 2676 557 2750 iram
584 2682 621 2750 et
645 2675 811 2750 lurorem
837 2694 883 2749 ex
910 2673 1097 2750 influentia
1123 2672 1256 2748 Martis.
1277 2673 1376 2748 Licet
1401 2691 1492 2768 ergo
1516 2672 1563 2746 sit

393 2795 645 2871 difficillimum
666 2815 688 2869 a
706 2793 881 2890 principio
900 2793 1078 2888 impedire
1095 2793 1194 2867 hunc
1207 2783 1244 2885 (³)
1265 2799 1419 2886 motum,
1438 2801 1563 2866 tamen

395 2918 451 2992 vir
475 2917 636 3012 prudens
662 2915 881 3010 temperabit
905 2915 1066 2990 coleram
1093 2913 1200 2988 istam
1226 2932 1315 2987 oum
1341 2913 1438 2987 bono
1464 2911 1563 3009 regi·

393 3037 503 3131 mine,
530 3034 666 3110 utendo
700 3034 788 3110 cibis
823 3033 975 3131 frigidis,
1005 3033 1140 3128 quibus
1174 3032 1367 3128 extinguat
1399 3033 1561 3107 calorem

392 3157 523 3232 istum:
542 3157 656 3230 immo
674 3161 772 3230 tantu
785 3162 847 3232 ¹est
865 3154 1027 3252 potentia
1042 3153 1147 3228 liberi
1167 3152 1318 3246 arbitrii,
1337 3152 1436 3246 quod
1453 3151 1565 3227 vincit

391 3283 430 3352 et
446 3283 595 3370 superat
611 3274 890 3370 concupiscibile
906 3273 1005 3368 quod
1025 3279 1081 3348 est
1106 3271 1311 3347 naturalius
1327 3271 1364 3344 in
1380 3271 1564 3366 omnibus,

392 3397 485 3472 sicut
523 3395 616 3470 bene
653 3394 739 3471 dicit
775 3395 933 3489 Boetius,
974 3393 1070 3489 quod
1115 3391 1204 3467 illud
1244 3391 1415 3488 gignendi
1458 3412 1563 3486 opus,

393 3519 491 3614 quod
517 3523 649 3592 natura
672 3535 819 3611 semper
843 3515 991 3610 appetit,
1007 3513 1192 3589 interdum
1213 3519 1360 3589 coercet
1380 3511 1560 3587 voluntas.

392 3639 451 3716 Sic
482 3659 571 3735 ergo
604 3644 715 3733 patet,
740 3636 886 3732 quoda
916 3635 1189 3710 constellatione
1219 3633 1350 3728 aliquis
1379 3633 1562 3708 contrabit

393 3758 644 3854 aptitudinem,
663 3777 736 3832 non
756 3757 993 3858 coactionem.
1012 3755 1115 3830 Unde
1135 3753 1221 3830 dicit
1241 3755 1402 3848 Marcus3
1420 3755 1564 3828 elidere

368 3865 504 3970 'mica
530 3877 676 3971 scilicet,
694 3876 888 3952 arbitrium
914 3881 969 3952 est
994 3876 1122 3951 datum
1149 3875 1253 3950 vobis
1277 3895 1363 3949 cum
1390 3874 1564 3970 praedicto

394 3997 535 4073 lumine
568 3996 729 4088 rationis,
754 3998 813 4070 obe
843 4017 880 4070 sc
907 3998 1031 4091 sotice,
1058 3995 1205 4090 scilicet,
1237 4016 1322 4071 cum
1352 3995 1566 4071 difficultate

396 4122 534 4214 pugnat
559 4123 686 4190 contra
711 4114 893 4190 actionem
919 4116 1015 4210 coeli,
1040 4119 1127 4190 nette
1148 4119 1264 4208 prime
1293 4116 1468 4208 tuopte,
1494 4115 1566 4190 sci·

395 4238 490 4331 licet,
515 4237 551 4312 in
577 4236 751 4332 principio
776 4236 1000 4330 resistentie,
1018 4240 1075 4310 cot
1089 4241 1154 4311 cet
1168 4239 1276 4328 muru,
1293 4236 1398 4330 idest,
1414 4243 1565 4335 pugnat,

395 4363 433 4432 et
456 4355 556 4432 dicit:
581 4360 654 4447 poi,
684 4354 772 4430 illud
801 4355 958 4431 liberum
990 4356 1198 4450 arbitrium,
1227 4361 1324 4432 uince
1352 4366 1449 4450 tutto,
1478 4359 1566 4453 quia

395 4476 506 4552 vincit
531 4475 704 4570 quicquid
729 4477 866 4550 coelum
892 4476 968 4573 agit
993 4485 1120 4553 contra
1138 4499 1239 4573 eum,
1257 4485 1294 4554 et
1314 4478 1366 4554 sio
1391 4479 1566 4574 quicquid

395 4597 514 4693 primo
546 4603 626 4672 orat
654 4595 790 4671 durum
824 4597 983 4673 efficitur
1012 4598 1094 4672 leve
1109 4586 1159 4690 (⁵),
1190 4619 1228 4672 se
1255 4600 1321 4672 beu
1349 4602 1382 4674 si
1414 4603 1565 4692 numen,

395 4717 497 4812 idest,
516 4716 656 4813 regitur
672 4737 739 4810 per
760 4716 895 4792 bonam
916 4717 1232 4792 consuetudinem.
1249 4718 1322 4793 lsto
1342 4719 1453 4794 modo
1472 4721 1566 4796 ller-

458 4945 485 5008 (¹)
502 4948 555 5003 117,
572 4949 665 4994 motus
684 4944 718 4994 Et
733 4945 775 4996 bic
791 4948 852 4996 notu
868 4943 939 5007 quud
954 4943 1047 5007 uliquis
1062 4947 1150 4994 motus
1165 4945 1224 4995 coeli
1240 4944 1352 4996 sortiter.

459 5021 487 5085 (¹)
502 5021 534 5073 li.
556 5020 591 5072 Et
615 5020 694 5072 babes
718 5021 867 5086 exemplum
892 5019 970 5070 bulas
992 5032 1025 5070 nc
1050 5019 1161 5070 babeam
1184 5035 1289 5072 musam
1303 5021 1414 5072 exeundi
1429 5021 1567 5072 materiam
1719 5075 1722 5082 ,

397 5099 430 5148 de
445 5110 506 5162 qun.
711 5096 738 5162 (⁸)
755 5102 808 5159 117,
825 5098 905 5150 istum
921 5100 1032 5148 mutum.
1221 5095 1250 5162 (⁸)
1264 5097 1297 5148 li.
1310 5097 1378 5148 lum.
