<?xml version="1.0" encoding="UTF-8"?>
<!DOCTYPE html PUBLIC "-//W3C//DTD XHTML 1.0 Transitional//EN"
    "http://www.w3.org/TR/xhtml1/DTD/xhtml1-transitional.dtd">
<html xmlns="http://www.w3.org/1999/xhtml" xml:lang="en" lang="en">
 <head>
  <title>
</title>
<meta http-equiv="Content-Type" content="text/html;charset=utf-8" />
  <meta name='ocr-system' content='tesseract 3.04.00' />
  <meta name='ocr-capabilities' content='ocr_page ocr_carea ocr_par ocr_line ocrx_word'/>
</head>
<body>
  <div class='ocr_page' id='page_1' title='image "./comentumsuperda01unkngoog_0272.png"; bbox 0 0 4542 6842; ppageno 0'>
   <div class='ocr_carea' id='block_1_1' title="bbox 685 978 1493 1049">
    <p class='ocr_par' dir='ltr' id='par_1_1' title="bbox 685 978 1493 1049">
     <span class='ocr_line' id='line_1_1' title="bbox 685 978 1493 1049; baseline -0.004 -5"><span class='ocrx_word' id='word_1_1' title='bbox 685 978 756 1044; x_wconf 71' lang='lat'>248</span> <span class='ocrx_word' id='word_1_2' title='bbox 786 1044 787 1049; x_wconf 12' lang='lat' dir='ltr'>i</span> <span class='ocrx_word' id='word_1_3' title='bbox 1044 986 1247 1042; x_wconf 85' lang='lat' dir='ltr'>couuuruu</span> <span class='ocrx_word' id='word_1_4' title='bbox 1271 988 1493 1043; x_wconf 80' lang='lat' dir='ltr'>runonroun</span> 
     </span>
    </p>
   </div>
   <div class='ocr_carea' id='block_1_2' title="bbox 601 1132 1930 2671">
    <p class='ocr_par' dir='ltr' id='par_1_2' title="bbox 601 1132 1930 2671">
     <span class='ocr_line' id='line_1_2' title="bbox 685 1132 1854 1228; baseline -0.002 -18"><span class='ocrx_word' id='word_1_5' title='bbox 685 1134 818 1228; x_wconf 84' lang='lat' dir='ltr'>scendi,</span> <span class='ocrx_word' id='word_1_6' title='bbox 843 1136 881 1207; x_wconf 86' lang='lat' dir='ltr'>in</span> <span class='ocrx_word' id='word_1_7' title='bbox 904 1154 945 1207; x_wconf 83' lang='lat' dir='ltr'>su</span> <span class='ocrx_word' id='word_1_8' title='bbox 970 1134 1104 1224; x_wconf 74' lang='lat' dir='ltr'>turbu,</span> <span class='ocrx_word' id='word_1_9' title='bbox 1129 1132 1232 1227; x_wconf 87' lang='lat' dir='ltr'>idest,</span> <span class='ocrx_word' id='word_1_10' title='bbox 1253 1133 1289 1206; x_wconf 95' lang='lat' dir='ltr'>in</span> <span class='ocrx_word' id='word_1_11' title='bbox 1315 1132 1377 1207; x_wconf 93' lang='lat' dir='ltr'>illo</span> <span class='ocrx_word' id='word_1_12' title='bbox 1400 1133 1478 1207; x_wconf 91' lang='lat' dir='ltr'>solu</span> <span class='ocrx_word' id='word_1_13' title='bbox 1495 1133 1663 1228; x_wconf 89' lang='lat' dir='ltr'>berboso,</span> <span class='ocrx_word' id='word_1_14' title='bbox 1682 1133 1746 1208; x_wconf 94' lang='lat' dir='ltr'>ubi</span> <span class='ocrx_word' id='word_1_15' title='bbox 1772 1142 1854 1209; x_wconf 88' lang='lat' dir='ltr'>erat</span> 
     </span>
     <span class='ocr_line' id='line_1_3' title="bbox 684 1243 1855 1346; baseline 0.001 -19"><span class='ocrx_word' id='word_1_16' title='bbox 684 1254 800 1329; x_wconf 89' lang='lat' dir='ltr'>lectus</span> <span class='ocrx_word' id='word_1_17' title='bbox 825 1252 971 1327; x_wconf 88' lang='lat' dir='ltr'>illorum</span> <span class='ocrx_word' id='word_1_18' title='bbox 998 1251 1220 1346; x_wconf 90' lang='lat' dir='ltr'>illustrium;</span> <span class='ocrx_word' id='word_1_19' title='bbox 1247 1252 1345 1327; x_wconf 89' lang='lat' dir='ltr'>unde</span> <span class='ocrx_word' id='word_1_20' title='bbox 1368 1252 1474 1327; x_wconf 87' lang='lat' dir='ltr'>dicit:</span> <span class='ocrx_word' id='word_1_21' title='bbox 1500 1243 1537 1326; x_wconf 83' lang='lat' dir='ltr'>ld</span> <span class='ocrx_word' id='word_1_22' title='bbox 1561 1256 1650 1327; x_wconf 84' lang='lat' dir='ltr'>doce</span> <span class='ocrx_word' id='word_1_23' title='bbox 1674 1257 1750 1329; x_wconf 85' lang='lat' dir='ltr'>tutti</span> <span class='ocrx_word' id='word_1_24' title='bbox 1781 1258 1855 1328; x_wconf 78' lang='lat' dir='ltr'>ciu-</span> 
     </span>
     <span class='ocr_line' id='line_1_4' title="bbox 684 1372 1854 1471; baseline 0.002 -24"><span class='ocrx_word' id='word_1_25' title='bbox 684 1395 749 1471; x_wconf 78' lang='lat' dir='ltr'>quc</span> <span class='ocrx_word' id='word_1_26' title='bbox 772 1376 970 1464; x_wconf 86' lang='lat' dir='ltr'>sedeoumo,</span> <span class='ocrx_word' id='word_1_27' title='bbox 995 1372 1143 1466; x_wconf 91' lang='lat' dir='ltr'>scilicet,</span> <span class='ocrx_word' id='word_1_28' title='bbox 1171 1372 1351 1469; x_wconf 82' lang='lat' dir='ltr'>Virgilius,</span> <span class='ocrx_word' id='word_1_29' title='bbox 1380 1372 1457 1468; x_wconf 88' lang='lat' dir='ltr'>ipse</span> <span class='ocrx_word' id='word_1_30' title='bbox 1485 1373 1630 1469; x_wconf 83' lang='lat' dir='ltr'>Dantes,</span> <span class='ocrx_word' id='word_1_31' title='bbox 1656 1374 1854 1469; x_wconf 88' lang='lat' dir='ltr'>Sordellus,</span> 
     </span>
     <span class='ocr_line' id='line_1_5' title="bbox 679 1492 1853 1592; baseline 0 -23"><span class='ocrx_word' id='word_1_32' title='bbox 679 1494 794 1592; x_wconf 84' lang='lat' dir='ltr'>judex</span> <span class='ocrx_word' id='word_1_33' title='bbox 820 1493 946 1587; x_wconf 89' lang='lat' dir='ltr'>Ninus,</span> <span class='ocrx_word' id='word_1_34' title='bbox 976 1499 1013 1567; x_wconf 88' lang='lat' dir='ltr'>ct</span> <span class='ocrx_word' id='word_1_35' title='bbox 1042 1492 1207 1567; x_wconf 85' lang='lat' dir='ltr'>marchio</span> <span class='ocrx_word' id='word_1_36' title='bbox 1240 1493 1435 1568; x_wconf 85' lang='lat' dir='ltr'>Corradus.</span> <span class='ocrx_word' id='word_1_37' title='bbox 1468 1494 1513 1567; x_wconf 85' lang='lat' dir='ltr'>Et</span> <span class='ocrx_word' id='word_1_38' title='bbox 1545 1494 1604 1569; x_wconf 89' lang='lat' dir='ltr'>bic</span> <span class='ocrx_word' id='word_1_39' title='bbox 1638 1501 1724 1569; x_wconf 89' lang='lat' dir='ltr'>nota</span> <span class='ocrx_word' id='word_1_40' title='bbox 1755 1494 1853 1589; x_wconf 87' lang='lat' dir='ltr'>quod</span> 
     </span>
     <span class='ocr_line' id='line_1_6' title="bbox 601 1612 1850 1709; baseline -0.002 -20"><span class='ocrx_word' id='word_1_41' title='bbox 601 1656 602 1659; x_wconf 15' lang='grc' dir='ltr'><strong><em>κ</em></strong></span> <span class='ocrx_word' id='word_1_42' title='bbox 685 1616 818 1689; x_wconf 87' lang='lat' dir='ltr'>Dantes</span> <span class='ocrx_word' id='word_1_43' title='bbox 843 1612 1013 1688; x_wconf 82' lang='lat' dir='ltr'>describit</span> <span class='ocrx_word' id='word_1_44' title='bbox 1037 1632 1241 1709; x_wconf 86' lang='lat' dir='ltr'>congruam</span> <span class='ocrx_word' id='word_1_45' title='bbox 1268 1614 1397 1688; x_wconf 90' lang='lat' dir='ltr'>boram</span> <span class='ocrx_word' id='word_1_46' title='bbox 1424 1612 1480 1687; x_wconf 88' lang='lat' dir='ltr'>sui</span> <span class='ocrx_word' id='word_1_47' title='bbox 1498 1614 1635 1708; x_wconf 88' lang='lat' dir='ltr'>somui;</span> <span class='ocrx_word' id='word_1_48' title='bbox 1661 1635 1746 1688; x_wconf 91' lang='lat' dir='ltr'>uam</span> <span class='ocrx_word' id='word_1_49' title='bbox 1763 1634 1850 1689; x_wconf 92' lang='lat' dir='ltr'>cum</span> 
     </span>
     <span class='ocr_line' id='line_1_7' title="bbox 686 1734 1854 1830; baseline 0 -20"><span class='ocrx_word' id='word_1_50' title='bbox 686 1743 774 1811; x_wconf 92' lang='lat' dir='ltr'>tunc</span> <span class='ocrx_word' id='word_1_51' title='bbox 798 1742 894 1810; x_wconf 86' lang='lat' dir='ltr'>esset</span> <span class='ocrx_word' id='word_1_52' title='bbox 918 1744 1063 1829; x_wconf 88' lang='lat' dir='ltr'>tompus</span> <span class='ocrx_word' id='word_1_53' title='bbox 1088 1734 1296 1828; x_wconf 81' lang='lat' dir='ltr'>aequinoctii</span> <span class='ocrx_word' id='word_1_54' title='bbox 1322 1734 1397 1830; x_wconf 87' lang='lat' dir='ltr'>ipse</span> <span class='ocrx_word' id='word_1_55' title='bbox 1417 1734 1475 1810; x_wconf 83' lang='lat' dir='ltr'>uir</span> <span class='ocrx_word' id='word_1_56' title='bbox 1491 1734 1675 1810; x_wconf 90' lang='lat' dir='ltr'>studiosus</span> <span class='ocrx_word' id='word_1_57' title='bbox 1692 1742 1773 1811; x_wconf 90' lang='lat' dir='ltr'>erat</span> <span class='ocrx_word' id='word_1_58' title='bbox 1792 1756 1854 1810; x_wconf 91' lang='lat' dir='ltr'>so-</span> 
     </span>
     <span class='ocr_line' id='line_1_8' title="bbox 685 1845 1854 1951; baseline -0.002 -21"><span class='ocrx_word' id='word_1_59' title='bbox 685 1856 770 1930; x_wconf 89' lang='lat' dir='ltr'>litus</span> <span class='ocrx_word' id='word_1_60' title='bbox 796 1854 947 1951; x_wconf 80' lang='lat' dir='ltr'>vigilare</span> <span class='ocrx_word' id='word_1_61' title='bbox 972 1874 1038 1948; x_wconf 91' lang='lat' dir='ltr'>per</span> <span class='ocrx_word' id='word_1_62' title='bbox 1062 1859 1139 1927; x_wconf 89' lang='lat' dir='ltr'>tres</span> <span class='ocrx_word' id='word_1_63' title='bbox 1161 1855 1269 1928; x_wconf 90' lang='lat' dir='ltr'>boras</span> <span class='ocrx_word' id='word_1_64' title='bbox 1286 1854 1400 1928; x_wconf 91' lang='lat' dir='ltr'>noctis</span> <span class='ocrx_word' id='word_1_65' title='bbox 1413 1845 1451 1946; x_wconf 77' lang='lat'>(¹)</span> <span class='ocrx_word' id='word_1_66' title='bbox 1471 1861 1509 1929; x_wconf 86' lang='lat' dir='ltr'>et</span> <span class='ocrx_word' id='word_1_67' title='bbox 1525 1854 1699 1951; x_wconf 83' lang='lat' dir='ltr'>evigilare</span> <span class='ocrx_word' id='word_1_68' title='bbox 1723 1854 1760 1928; x_wconf 92' lang='lat' dir='ltr'>in</span> <span class='ocrx_word' id='word_1_69' title='bbox 1785 1876 1854 1931; x_wconf 89' lang='lat' dir='ltr'>au-</span> 
     </span>
     <span class='ocr_line' id='line_1_9' title="bbox 686 1974 1853 2073; baseline 0.002 -24"><span class='ocrx_word' id='word_1_70' title='bbox 686 1997 771 2051; x_wconf 89' lang='lat' dir='ltr'>rora</span> <span class='ocrx_word' id='word_1_71' title='bbox 796 1976 891 2050; x_wconf 92' lang='lat' dir='ltr'>sicut</span> <span class='ocrx_word' id='word_1_72' title='bbox 916 1995 1014 2049; x_wconf 90' lang='lat' dir='ltr'>nunc</span> <span class='ocrx_word' id='word_1_73' title='bbox 1034 1974 1127 2049; x_wconf 89' lang='lat' dir='ltr'>iecit.</span> <span class='ocrx_word' id='word_1_74' title='bbox 1142 2014 1193 2029; x_wconf 89' lang='lat'><em>-</em></span> <span class='ocrx_word' id='word_1_75' title='bbox 1205 1978 1291 2049; x_wconf 82' lang='lat' dir='ltr'>Nett&#39;</span> <span class='ocrx_word' id='word_1_76' title='bbox 1304 1996 1383 2048; x_wconf 88' lang='lat' dir='ltr'>ora.</span> <span class='ocrx_word' id='word_1_77' title='bbox 1410 1976 1515 2049; x_wconf 89' lang='lat' dir='ltr'>Nunc</span> <span class='ocrx_word' id='word_1_78' title='bbox 1533 1982 1653 2071; x_wconf 80' lang='lat' dir='ltr'>poeta,</span> <span class='ocrx_word' id='word_1_79' title='bbox 1673 1976 1853 2073; x_wconf 79' lang='lat' dir='ltr'>descripta</span> 
     </span>
     <span class='ocr_line' id='line_1_10' title="bbox 686 2094 1930 2193; baseline 0.001 -22"><span class='ocrx_word' id='word_1_80' title='bbox 686 2099 777 2172; x_wconf 88' lang='lat' dir='ltr'>bora</span> <span class='ocrx_word' id='word_1_81' title='bbox 803 2095 977 2192; x_wconf 85' lang='lat' dir='ltr'>temporis</span> <span class='ocrx_word' id='word_1_82' title='bbox 1010 2115 1085 2188; x_wconf 90' lang='lat' dir='ltr'>qua</span> <span class='ocrx_word' id='word_1_83' title='bbox 1115 2095 1337 2191; x_wconf 90' lang='lat' dir='ltr'>obdormuit,</span> <span class='ocrx_word' id='word_1_84' title='bbox 1367 2094 1504 2171; x_wconf 90' lang='lat' dir='ltr'>scilicet</span> <span class='ocrx_word' id='word_1_85' title='bbox 1537 2118 1715 2172; x_wconf 91' lang='lat' dir='ltr'>auroram</span> <span class='ocrx_word' id='word_1_86' title='bbox 1744 2098 1853 2193; x_wconf 81' lang='lat' dir='ltr'>lunae,</span> <span class='ocrx_word' id='word_1_87' title='bbox 1918 2121 1930 2132; x_wconf 87' lang='lat'><em>·</em></span> 
     </span>
     <span class='ocr_line' id='line_1_11' title="bbox 684 2206 1850 2311; baseline -0.003 -17"><span class='ocrx_word' id='word_1_88' title='bbox 684 2216 853 2293; x_wconf 80' lang='lat' dir='ltr'>describit</span> <span class='ocrx_word' id='word_1_89' title='bbox 882 2206 1014 2291; x_wconf 90' lang='lat' dir='ltr'>boram</span> <span class='ocrx_word' id='word_1_90' title='bbox 1054 2236 1127 2310; x_wconf 88' lang='lat' dir='ltr'>qua</span> <span class='ocrx_word' id='word_1_91' title='bbox 1162 2216 1345 2291; x_wconf 90' lang='lat' dir='ltr'>somnium</span> <span class='ocrx_word' id='word_1_92' title='bbox 1379 2216 1475 2311; x_wconf 90' lang='lat' dir='ltr'>iecit,</span> <span class='ocrx_word' id='word_1_93' title='bbox 1507 2217 1642 2292; x_wconf 90' lang='lat' dir='ltr'>scilicet</span> <span class='ocrx_word' id='word_1_94' title='bbox 1673 2237 1850 2291; x_wconf 91' lang='lat' dir='ltr'>auroram</span> 
     </span>
     <span class='ocr_line' id='line_1_12' title="bbox 685 2335 1854 2430; baseline -0.002 -17"><span class='ocrx_word' id='word_1_95' title='bbox 685 2338 793 2413; x_wconf 92' lang='lat' dir='ltr'>solis:</span> <span class='ocrx_word' id='word_1_96' title='bbox 820 2342 856 2412; x_wconf 93' lang='lat' dir='ltr'>et</span> <span class='ocrx_word' id='word_1_97' title='bbox 881 2335 1043 2411; x_wconf 86' lang='lat' dir='ltr'>breviter</span> <span class='ocrx_word' id='word_1_98' title='bbox 1072 2336 1152 2409; x_wconf 90' lang='lat' dir='ltr'>vult</span> <span class='ocrx_word' id='word_1_99' title='bbox 1181 2336 1316 2427; x_wconf 88' lang='lat' dir='ltr'>dicere,</span> <span class='ocrx_word' id='word_1_100' title='bbox 1342 2336 1441 2430; x_wconf 84' lang='lat' dir='ltr'>qirod</span> <span class='ocrx_word' id='word_1_101' title='bbox 1471 2356 1557 2412; x_wconf 91' lang='lat' dir='ltr'>cum</span> <span class='ocrx_word' id='word_1_102' title='bbox 1590 2336 1784 2411; x_wconf 90' lang='lat' dir='ltr'>dormisset</span> <span class='ocrx_word' id='word_1_103' title='bbox 1807 2336 1854 2411; x_wconf 91' lang='lat' dir='ltr'>ad</span> 
     </span>
     <span class='ocr_line' id='line_1_13' title="bbox 685 2455 1854 2554; baseline -0.003 -21"><span class='ocrx_word' id='word_1_104' title='bbox 685 2457 939 2533; x_wconf 86' lang='lat' dir='ltr'>sufficicntiam</span> <span class='ocrx_word' id='word_1_105' title='bbox 958 2455 1162 2531; x_wconf 88' lang='lat' dir='ltr'>secundum</span> <span class='ocrx_word' id='word_1_106' title='bbox 1180 2476 1287 2530; x_wconf 91' lang='lat' dir='ltr'>suam</span> <span class='ocrx_word' id='word_1_107' title='bbox 1306 2463 1478 2531; x_wconf 90' lang='lat' dir='ltr'>naturam</span> <span class='ocrx_word' id='word_1_108' title='bbox 1497 2462 1537 2531; x_wconf 91' lang='lat' dir='ltr'>et·</span> <span class='ocrx_word' id='word_1_109' title='bbox 1551 2456 1854 2554; x_wconf 86' lang='lat' dir='ltr'>consuetudinem</span> 
     </span>
     <span class='ocr_line' id='line_1_14' title="bbox 685 2575 1856 2671; baseline 0 -19"><span class='ocrx_word' id='word_1_110' title='bbox 685 2578 812 2652; x_wconf 89' lang='lat' dir='ltr'>babuit</span> <span class='ocrx_word' id='word_1_111' title='bbox 837 2598 950 2651; x_wconf 89' lang='lat' dir='ltr'>unam</span> <span class='ocrx_word' id='word_1_112' title='bbox 977 2575 1154 2651; x_wconf 83' lang='lat' dir='ltr'>visionem</span> <span class='ocrx_word' id='word_1_113' title='bbox 1180 2576 1278 2649; x_wconf 86' lang='lat' dir='ltr'>circa</span> <span class='ocrx_word' id='word_1_114' title='bbox 1307 2596 1483 2650; x_wconf 89' lang='lat' dir='ltr'>auroram</span> <span class='ocrx_word' id='word_1_115' title='bbox 1515 2576 1597 2671; x_wconf 91' lang='lat' dir='ltr'>diei,</span> <span class='ocrx_word' id='word_1_116' title='bbox 1624 2577 1771 2671; x_wconf 87' lang='lat' dir='ltr'>quando</span> <span class='ocrx_word' id='word_1_117' title='bbox 1796 2598 1856 2652; x_wconf 89' lang='lat' dir='ltr'>so·</span> 
     </span>
    </p>
   </div>
   <div class='ocr_carea' id='block_1_3' title="bbox 617 2695 1856 3272">
    <p class='ocr_par' dir='ltr' id='par_1_3' title="bbox 617 2695 1856 3272">
     <span class='ocr_line' id='line_1_15' title="bbox 685 2695 1856 2794; baseline -0.003 -20"><span class='ocrx_word' id='word_1_118' title='bbox 685 2700 760 2774; x_wconf 87' lang='lat' dir='ltr'>lent</span> <span class='ocrx_word' id='word_1_119' title='bbox 785 2698 866 2794; x_wconf 92' lang='lat' dir='ltr'>plus</span> <span class='ocrx_word' id='word_1_120' title='bbox 891 2696 970 2771; x_wconf 86' lang='lat' dir='ltr'>deri</span> <span class='ocrx_word' id='word_1_121' title='bbox 996 2695 1138 2771; x_wconf 86' lang='lat' dir='ltr'>sumnia</span> <span class='ocrx_word' id='word_1_122' title='bbox 1162 2716 1262 2770; x_wconf 87' lang='lat' dir='ltr'>vera.</span> <span class='ocrx_word' id='word_1_123' title='bbox 1289 2696 1386 2771; x_wconf 83' lang='lat' dir='ltr'>Visiu</span> <span class='ocrx_word' id='word_1_124' title='bbox 1411 2702 1538 2771; x_wconf 90' lang='lat' dir='ltr'>autem</span> <span class='ocrx_word' id='word_1_125' title='bbox 1565 2704 1657 2790; x_wconf 87' lang='lat' dir='ltr'>erat,</span> <span class='ocrx_word' id='word_1_126' title='bbox 1683 2698 1781 2792; x_wconf 85' lang='lat' dir='ltr'>quod</span> <span class='ocrx_word' id='word_1_127' title='bbox 1798 2697 1856 2771; x_wconf 85' lang='lat' dir='ltr'>ri-</span> 
     </span>
     <span class='ocr_line' id='line_1_16' title="bbox 685 2814 1854 2911; baseline -0.003 -17"><span class='ocrx_word' id='word_1_128' title='bbox 685 2819 843 2894; x_wconf 84' lang='lat' dir='ltr'>debatur</span> <span class='ocrx_word' id='word_1_129' title='bbox 867 2816 933 2889; x_wconf 93' lang='lat' dir='ltr'>sibi</span> <span class='ocrx_word' id='word_1_130' title='bbox 959 2815 1084 2890; x_wconf 87' lang='lat' dir='ltr'>videre</span> <span class='ocrx_word' id='word_1_131' title='bbox 1109 2836 1223 2889; x_wconf 93' lang='lat' dir='ltr'>unam</span> <span class='ocrx_word' id='word_1_132' title='bbox 1241 2814 1403 2910; x_wconf 87' lang='lat' dir='ltr'>aquilam</span> <span class='ocrx_word' id='word_1_133' title='bbox 1421 2815 1457 2888; x_wconf 96' lang='lat' dir='ltr'>in</span> <span class='ocrx_word' id='word_1_134' title='bbox 1478 2817 1564 2911; x_wconf 87' lang='lat' dir='ltr'>alio,</span> <span class='ocrx_word' id='word_1_135' title='bbox 1582 2837 1667 2911; x_wconf 84' lang='lat' dir='ltr'>quae</span> <span class='ocrx_word' id='word_1_136' title='bbox 1686 2817 1854 2892; x_wconf 84' lang='lat' dir='ltr'>celeriter</span> 
     </span>
     <span class='ocr_line' id='line_1_17' title="bbox 617 2930 1853 3031; baseline -0.004 -17"><span class='ocrx_word' id='word_1_137' title='bbox 617 2930 619 2937; x_wconf 48' lang='lat'><strong>⁴</strong></span> <span class='ocrx_word' id='word_1_138' title='bbox 686 2936 908 3014; x_wconf 88' lang='lat' dir='ltr'>descendens</span> <span class='ocrx_word' id='word_1_139' title='bbox 934 2935 1098 3031; x_wconf 86' lang='lat' dir='ltr'>rapiebat</span> <span class='ocrx_word' id='word_1_140' title='bbox 1123 2955 1211 3009; x_wconf 89' lang='lat' dir='ltr'>eum</span> <span class='ocrx_word' id='word_1_141' title='bbox 1237 2942 1275 3009; x_wconf 89' lang='lat' dir='ltr'>et</span> <span class='ocrx_word' id='word_1_142' title='bbox 1298 2936 1612 3031; x_wconf 84' lang='lat' dir='ltr'>portabatusque</span> <span class='ocrx_word' id='word_1_143' title='bbox 1636 2936 1682 3012; x_wconf 94' lang='lat' dir='ltr'>ad</span> <span class='ocrx_word' id='word_1_144' title='bbox 1708 2958 1853 3030; x_wconf 85' lang='lat' dir='ltr'>speram</span> 
     </span>
     <span class='ocr_line' id='line_1_18' title="bbox 686 3056 1853 3156; baseline -0.002 -23"><span class='ocrx_word' id='word_1_145' title='bbox 686 3059 790 3156; x_wconf 83' lang='lat' dir='ltr'>ignis,</span> <span class='ocrx_word' id='word_1_146' title='bbox 816 3057 878 3131; x_wconf 93' lang='lat' dir='ltr'>ubi</span> <span class='ocrx_word' id='word_1_147' title='bbox 904 3076 980 3152; x_wconf 88' lang='lat' dir='ltr'>prae</span> <span class='ocrx_word' id='word_1_148' title='bbox 1005 3056 1118 3133; x_wconf 92' lang='lat' dir='ltr'>nimio</span> <span class='ocrx_word' id='word_1_149' title='bbox 1142 3056 1266 3130; x_wconf 85' lang='lat' dir='ltr'>calore</span> <span class='ocrx_word' id='word_1_150' title='bbox 1289 3056 1424 3131; x_wconf 89' lang='lat' dir='ltr'>ardens</span> <span class='ocrx_word' id='word_1_151' title='bbox 1446 3058 1648 3153; x_wconf 80' lang='lat' dir='ltr'>cogebatur</span> <span class='ocrx_word' id='word_1_152' title='bbox 1667 3057 1853 3153; x_wconf 81' lang='lat' dir='ltr'>evigilare.</span> 
     </span>
     <span class='ocr_line' id='line_1_19' title="bbox 685 3168 1855 3272; baseline -0.001 -19"><span class='ocrx_word' id='word_1_153' title='bbox 685 3178 820 3253; x_wconf 92' lang='lat' dir='ltr'>0rdina</span> <span class='ocrx_word' id='word_1_154' title='bbox 845 3197 944 3252; x_wconf 90' lang='lat' dir='ltr'>nuuc</span> <span class='ocrx_word' id='word_1_155' title='bbox 969 3176 1112 3251; x_wconf 86' lang='lat' dir='ltr'>literam</span> <span class='ocrx_word' id='word_1_156' title='bbox 1140 3176 1213 3249; x_wconf 87' lang='lat' dir='ltr'>sic:</span> <span class='ocrx_word' id='word_1_157' title='bbox 1239 3178 1276 3248; x_wconf 84' lang='lat' dir='ltr'>iu</span> <span class='ocrx_word' id='word_1_158' title='bbox 1300 3196 1425 3269; x_wconf 72' lang='lat' dir='ltr'>scyno,</span> <span class='ocrx_word' id='word_1_159' title='bbox 1450 3175 1553 3270; x_wconf 78' lang='lat' dir='ltr'>idest,</span> <span class='ocrx_word' id='word_1_160' title='bbox 1578 3176 1615 3250; x_wconf 96' lang='lat' dir='ltr'>in</span> <span class='ocrx_word' id='word_1_161' title='bbox 1630 3168 1667 3268; x_wconf 80' lang='lat'>(²)</span> <span class='ocrx_word' id='word_1_162' title='bbox 1700 3178 1855 3272; x_wconf 90' lang='lat' dir='ltr'>somnio,</span> 
     </span>
    </p>
   </div>
   <div class='ocr_carea' id='block_1_4' title="bbox 684 3294 1857 4115">
    <p class='ocr_par' dir='ltr' id='par_1_4' title="bbox 684 3294 1857 4115">
     <span class='ocr_line' id='line_1_20' title="bbox 687 3294 1855 3391; baseline 0 -19"><span class='ocrx_word' id='word_1_163' title='bbox 687 3302 734 3372; x_wconf 87' lang='lat' dir='ltr'>mi</span> <span class='ocrx_word' id='word_1_164' title='bbox 754 3318 869 3391; x_wconf 84' lang='lat' dir='ltr'>parea</span> <span class='ocrx_word' id='word_1_165' title='bbox 896 3300 999 3371; x_wconf 81' lang='lat' dir='ltr'>ceder</span> <span class='ocrx_word' id='word_1_166' title='bbox 1022 3298 1081 3369; x_wconf 87' lang='lat' dir='ltr'>un’</span> <span class='ocrx_word' id='word_1_167' title='bbox 1094 3298 1227 3388; x_wconf 74' lang='lat' dir='ltr'>uqudd,</span> <span class='ocrx_word' id='word_1_168' title='bbox 1256 3294 1324 3369; x_wconf 87' lang='lat' dir='ltr'>ista</span> <span class='ocrx_word' id='word_1_169' title='bbox 1355 3302 1436 3369; x_wconf 87' lang='lat' dir='ltr'>erat</span> <span class='ocrx_word' id='word_1_170' title='bbox 1456 3296 1579 3389; x_wconf 79' lang='lat' dir='ltr'>Lucia,</span> <span class='ocrx_word' id='word_1_171' title='bbox 1605 3296 1708 3390; x_wconf 86' lang='lat' dir='ltr'>idest,</span> <span class='ocrx_word' id='word_1_172' title='bbox 1732 3297 1855 3373; x_wconf 86' lang='lat' dir='ltr'>divina</span> 
     </span>
     <span class='ocr_line' id='line_1_21' title="bbox 684 3415 1852 3517; baseline -0.002 -24"><span class='ocrx_word' id='word_1_173' title='bbox 684 3419 814 3517; x_wconf 84' lang='lat' dir='ltr'>gratia,</span> <span class='ocrx_word' id='word_1_174' title='bbox 832 3418 878 3493; x_wconf 89' lang='lat' dir='ltr'>dc</span> <span class='ocrx_word' id='word_1_175' title='bbox 903 3438 977 3514; x_wconf 83' lang='lat' dir='ltr'>qua</span> <span class='ocrx_word' id='word_1_176' title='bbox 993 3417 1133 3492; x_wconf 93' lang='lat' dir='ltr'>dictum</span> <span class='ocrx_word' id='word_1_177' title='bbox 1151 3424 1207 3491; x_wconf 90' lang='lat' dir='ltr'>est</span> <span class='ocrx_word' id='word_1_178' title='bbox 1223 3416 1330 3511; x_wconf 82' lang='lat' dir='ltr'>plene</span> <span class='ocrx_word' id='word_1_179' title='bbox 1354 3415 1515 3492; x_wconf 85' lang='lat' dir='ltr'>secundo</span> <span class='ocrx_word' id='word_1_180' title='bbox 1532 3416 1691 3512; x_wconf 88' lang='lat' dir='ltr'>capitulo</span> <span class='ocrx_word' id='word_1_181' title='bbox 1707 3417 1852 3513; x_wconf 87' lang='lat' dir='ltr'>luierni,</span> 
     </span>
     <span class='ocr_line' id='line_1_22' title="bbox 685 3535 1857 3633; baseline -0.003 -18"><span class='ocrx_word' id='word_1_182' title='bbox 685 3561 829 3633; x_wconf 79' lang='lat' dir='ltr'>sospem</span> <span class='ocrx_word' id='word_1_183' title='bbox 852 3542 911 3613; x_wconf 85' lang='lat' dir='ltr'>nel</span> <span class='ocrx_word' id='word_1_184' title='bbox 933 3541 1009 3630; x_wconf 80' lang='lat' dir='ltr'>ciet,</span> <span class='ocrx_word' id='word_1_185' title='bbox 1034 3538 1121 3633; x_wconf 80' lang='lat' dir='ltr'>quia</span> <span class='ocrx_word' id='word_1_186' title='bbox 1146 3537 1278 3632; x_wconf 80' lang='lat' dir='ltr'>pendet</span> <span class='ocrx_word' id='word_1_187' title='bbox 1307 3557 1331 3611; x_wconf 89' lang='lat' dir='ltr'>a</span> <span class='ocrx_word' id='word_1_188' title='bbox 1360 3543 1483 3611; x_wconf 89' lang='lat' dir='ltr'>mente</span> <span class='ocrx_word' id='word_1_189' title='bbox 1508 3535 1640 3631; x_wconf 90' lang='lat' dir='ltr'>divina,</span> <span class='ocrx_word' id='word_1_190' title='bbox 1661 3558 1726 3611; x_wconf 83' lang='lat' dir='ltr'>con</span> <span class='ocrx_word' id='word_1_191' title='bbox 1743 3560 1857 3631; x_wconf 81' lang='lat' dir='ltr'>penne</span> 
     </span>
     <span class='ocr_line' id='line_1_23' title="bbox 686 3656 1857 3753; baseline -0.003 -17"><span class='ocrx_word' id='word_1_192' title='bbox 686 3662 812 3751; x_wconf 86' lang='lat' dir='ltr'>d’oro,</span> <span class='ocrx_word' id='word_1_193' title='bbox 833 3660 879 3735; x_wconf 94' lang='lat' dir='ltr'>de</span> <span class='ocrx_word' id='word_1_194' title='bbox 896 3658 1063 3735; x_wconf 91' lang='lat' dir='ltr'>nobiliori</span> <span class='ocrx_word' id='word_1_195' title='bbox 1082 3657 1236 3733; x_wconf 88' lang='lat' dir='ltr'>materia</span> <span class='ocrx_word' id='word_1_196' title='bbox 1253 3678 1327 3731; x_wconf 94' lang='lat' dir='ltr'>non</span> <span class='ocrx_word' id='word_1_197' title='bbox 1347 3656 1465 3753; x_wconf 88' lang='lat' dir='ltr'>potuit</span> <span class='ocrx_word' id='word_1_198' title='bbox 1483 3657 1644 3733; x_wconf 89' lang='lat' dir='ltr'>iormare</span> <span class='ocrx_word' id='word_1_199' title='bbox 1660 3660 1737 3733; x_wconf 92' lang='lat' dir='ltr'>alas</span> <span class='ocrx_word' id='word_1_200' title='bbox 1754 3658 1857 3734; x_wconf 90' lang='lat' dir='ltr'>istius</span> 
     </span>
     <span class='ocr_line' id='line_1_24' title="bbox 686 3777 1854 3877; baseline -0.004 -18"><span class='ocrx_word' id='word_1_201' title='bbox 686 3783 831 3877; x_wconf 87' lang='lat' dir='ltr'>aquilae,</span> <span class='ocrx_word' id='word_1_202' title='bbox 849 3778 1095 3875; x_wconf 90' lang='lat' dir='ltr'>quianullum</span> <span class='ocrx_word' id='word_1_203' title='bbox 1114 3778 1305 3853; x_wconf 86' lang='lat' dir='ltr'>metallum</span> <span class='ocrx_word' id='word_1_204' title='bbox 1324 3777 1531 3872; x_wconf 77' lang='lat' dir='ltr'>perfectius,</span> <span class='ocrx_word' id='word_1_205' title='bbox 1546 3778 1633 3872; x_wconf 86' lang='lat' dir='ltr'>quia</span> <span class='ocrx_word' id='word_1_206' title='bbox 1650 3800 1854 3873; x_wconf 84' lang='lat' dir='ltr'>numquam</span> 
     </span>
     <span class='ocr_line' id='line_1_25' title="bbox 687 3896 1854 3997; baseline -0.006 -18"><span class='ocrx_word' id='word_1_207' title='bbox 687 3901 948 3997; x_wconf 89' lang='lat' dir='ltr'>corrumpitur,</span> <span class='ocrx_word' id='word_1_208' title='bbox 980 3920 1184 3993; x_wconf 87' lang='lat' dir='ltr'>numquam</span> <span class='ocrx_word' id='word_1_209' title='bbox 1217 3896 1444 3992; x_wconf 90' lang='lat' dir='ltr'>diminuitur,</span> <span class='ocrx_word' id='word_1_210' title='bbox 1475 3918 1679 3992; x_wconf 91' lang='lat' dir='ltr'>numquam</span> <span class='ocrx_word' id='word_1_211' title='bbox 1710 3898 1854 3994; x_wconf 84' lang='lat' dir='ltr'>deiicit3</span> 
     </span>
     <span class='ocr_line' id='line_1_26' title="bbox 687 4017 1856 4115; baseline -0.007 -16"><span class='ocrx_word' id='word_1_212' title='bbox 687 4024 768 4099; x_wconf 91' lang='lat' dir='ltr'>ideo</span> <span class='ocrx_word' id='word_1_213' title='bbox 785 4022 880 4115; x_wconf 93' lang='lat' dir='ltr'>dicit,</span> <span class='ocrx_word' id='word_1_214' title='bbox 898 4042 964 4093; x_wconf 85' lang='lat' dir='ltr'>cun</span> <span class='ocrx_word' id='word_1_215' title='bbox 981 4022 1003 4093; x_wconf 89' lang='lat' dir='ltr'>t&#39;</span> <span class='ocrx_word' id='word_1_216' title='bbox 1016 4022 1065 4093; x_wconf 88' lang='lat' dir='ltr'>uli</span> <span class='ocrx_word' id='word_1_217' title='bbox 1083 4027 1216 4113; x_wconf 78' lang='lat' dir='ltr'>aperte,</span> <span class='ocrx_word' id='word_1_218' title='bbox 1242 4018 1328 4113; x_wconf 84' lang='lat' dir='ltr'>quia</span> <span class='ocrx_word' id='word_1_219' title='bbox 1353 4017 1553 4115; x_wconf 81' lang='lat' dir='ltr'>gratialiei</span> <span class='ocrx_word' id='word_1_220' title='bbox 1571 4038 1717 4113; x_wconf 86' lang='lat' dir='ltr'>semper</span> <span class='ocrx_word' id='word_1_221' title='bbox 1738 4018 1856 4113; x_wconf 89' lang='lat' dir='ltr'>aperit</span> 
     </span>
    </p>
   </div>
   <div class='ocr_carea' id='block_1_5' title="bbox 544 4129 1855 4242">
    <p class='ocr_par' dir='ltr' id='par_1_5' title="bbox 544 4129 1855 4242">
     <span class='ocr_line' id='line_1_27' title="bbox 544 4129 1855 4242; baseline -0.004 -24"><span class='ocrx_word' id='word_1_222' title='bbox 544 4204 545 4218; x_wconf 32' lang='lat' dir='ltr'>l</span> <span class='ocrx_word' id='word_1_223' title='bbox 631 4234 633 4237; x_wconf 17' lang='lat'>¹</span> <span class='ocrx_word' id='word_1_224' title='bbox 686 4142 848 4236; x_wconf 89' lang='lat' dir='ltr'>brachia,</span> <span class='ocrx_word' id='word_1_225' title='bbox 885 4147 923 4215; x_wconf 91' lang='lat' dir='ltr'>et</span> <span class='ocrx_word' id='word_1_226' title='bbox 965 4140 1120 4215; x_wconf 86' lang='lat' dir='ltr'>libenter</span> <span class='ocrx_word' id='word_1_227' title='bbox 1162 4138 1318 4242; x_wconf 86' lang='lat' dir='ltr'>admittit</span> <span class='ocrx_word' id='word_1_228' title='bbox 1337 4129 1375 4230; x_wconf 74' lang='lat'>(⁰)</span> <span class='ocrx_word' id='word_1_229' title='bbox 1409 4157 1538 4212; x_wconf 89' lang='lat' dir='ltr'>omues</span> <span class='ocrx_word' id='word_1_230' title='bbox 1576 4138 1772 4213; x_wconf 87' lang='lat' dir='ltr'>redeuntes</span> <span class='ocrx_word' id='word_1_231' title='bbox 1788 4188 1793 4195; x_wconf 90' lang='lat'>-</span> <span class='ocrx_word' id='word_1_232' title='bbox 1809 4138 1855 4213; x_wconf 89' lang='lat' dir='ltr'>ad</span> 
     </span>
    </p>
   </div>
   <div class='ocr_carea' id='block_1_6' title="bbox 686 4256 1856 4837">
    <p class='ocr_par' dir='ltr' id='par_1_6' title="bbox 686 4256 1856 4837">
     <span class='ocr_line' id='line_1_28' title="bbox 687 4256 1856 4355; baseline -0.005 -16"><span class='ocrx_word' id='word_1_233' title='bbox 687 4283 787 4355; x_wconf 88' lang='lat' dir='ltr'>curn,</span> <span class='ocrx_word' id='word_1_234' title='bbox 808 4262 907 4335; x_wconf 85' lang='lat' dir='ltr'>¹sicut</span> <span class='ocrx_word' id='word_1_235' title='bbox 931 4279 1030 4334; x_wconf 91' lang='lat' dir='ltr'>nunc</span> <span class='ocrx_word' id='word_1_236' title='bbox 1055 4265 1201 4353; x_wconf 84' lang='lat' dir='ltr'>poetam</span> <span class='ocrx_word' id='word_1_237' title='bbox 1222 4264 1412 4351; x_wconf 89' lang='lat' dir='ltr'>nostrum;</span> <span class='ocrx_word' id='word_1_238' title='bbox 1429 4257 1528 4331; x_wconf 89' lang='lat' dir='ltr'>unde</span> <span class='ocrx_word' id='word_1_239' title='bbox 1543 4256 1648 4332; x_wconf 89' lang='lat' dir='ltr'>dicit:</span> <span class='ocrx_word' id='word_1_240' title='bbox 1665 4266 1699 4331; x_wconf 87' lang='lat' dir='ltr'>et</span> <span class='ocrx_word' id='word_1_241' title='bbox 1713 4278 1738 4331; x_wconf 87' lang='lat' dir='ltr'>u</span> <span class='ocrx_word' id='word_1_242' title='bbox 1753 4262 1856 4333; x_wconf 84' lang='lat' dir='ltr'>calar</span> 
     </span>
     <span class='ocr_line' id='line_1_29' title="bbox 686 4377 1855 4477; baseline -0.003 -19"><span class='ocrx_word' id='word_1_243' title='bbox 686 4388 824 4477; x_wconf 83' lang='lat' dir='ltr'>intesu;</span> <span class='ocrx_word' id='word_1_244' title='bbox 851 4382 952 4475; x_wconf 91' lang='lat' dir='ltr'>idest,</span> <span class='ocrx_word' id='word_1_245' title='bbox 978 4380 1155 4455; x_wconf 91' lang='lat' dir='ltr'>intentam</span> <span class='ocrx_word' id='word_1_246' title='bbox 1182 4388 1219 4453; x_wconf 88' lang='lat' dir='ltr'>et</span> <span class='ocrx_word' id='word_1_247' title='bbox 1244 4386 1409 4473; x_wconf 87' lang='lat' dir='ltr'>paratam</span> <span class='ocrx_word' id='word_1_248' title='bbox 1434 4378 1480 4451; x_wconf 92' lang='lat' dir='ltr'>ad</span> <span class='ocrx_word' id='word_1_249' title='bbox 1497 4377 1791 4453; x_wconf 87' lang='lat' dir='ltr'>descendendum</span> <span class='ocrx_word' id='word_1_250' title='bbox 1817 4380 1855 4454; x_wconf 94' lang='lat' dir='ltr'>in</span> 
     </span>
     <span class='ocr_line' id='line_1_30' title="bbox 686 4498 1855 4594; baseline -0.005 -14"><span class='ocrx_word' id='word_1_251' title='bbox 686 4504 887 4580; x_wconf 91' lang='lat' dir='ltr'>subsidium</span> <span class='ocrx_word' id='word_1_252' title='bbox 914 4501 1067 4577; x_wconf 83' lang='lat' dir='ltr'>autoris·</span> <span class='ocrx_word' id='word_1_253' title='bbox 1090 4499 1304 4576; x_wconf 84' lang='lat' dir='ltr'>sicutenim</span> <span class='ocrx_word' id='word_1_254' title='bbox 1322 4499 1389 4573; x_wconf 87' lang='lat' dir='ltr'>ista</span> <span class='ocrx_word' id='word_1_255' title='bbox 1405 4498 1517 4573; x_wconf 86' lang='lat' dir='ltr'>Lucia</span> <span class='ocrx_word' id='word_1_256' title='bbox 1536 4499 1722 4573; x_wconf 87' lang='lat' dir='ltr'>succurrit</span> <span class='ocrx_word' id='word_1_257' title='bbox 1738 4506 1855 4594; x_wconf 86' lang='lat' dir='ltr'>poetae</span> 
     </span>
     <span class='ocr_line' id='line_1_31' title="bbox 686 4618 1856 4714; baseline -0.003 -17"><span class='ocrx_word' id='word_1_258' title='bbox 686 4630 811 4699; x_wconf 90' lang='lat' dir='ltr'>nostro</span> <span class='ocrx_word' id='word_1_259' title='bbox 836 4623 1018 4698; x_wconf 90' lang='lat' dir='ltr'>intraturo</span> <span class='ocrx_word' id='word_1_260' title='bbox 1043 4621 1080 4695; x_wconf 96' lang='lat' dir='ltr'>in</span> <span class='ocrx_word' id='word_1_261' title='bbox 1105 4620 1302 4713; x_wconf 88' lang='lat' dir='ltr'>iuiemum,</span> <span class='ocrx_word' id='word_1_262' title='bbox 1326 4620 1415 4693; x_wconf 91' lang='lat' dir='ltr'>dum</span> <span class='ocrx_word' id='word_1_263' title='bbox 1441 4618 1691 4714; x_wconf 80' lang='lat' dir='ltr'>impederetur</span> <span class='ocrx_word' id='word_1_264' title='bbox 1715 4620 1763 4694; x_wconf 95' lang='lat' dir='ltr'>ab</span> <span class='ocrx_word' id='word_1_265' title='bbox 1788 4620 1856 4693; x_wconf 92' lang='lat' dir='ltr'>illis</span> 
     </span>
     <span class='ocr_line' id='line_1_32' title="bbox 687 4738 1856 4837; baseline -0.003 -20"><span class='ocrx_word' id='word_1_266' title='bbox 687 4744 802 4819; x_wconf 91' lang='lat' dir='ltr'>tribus</span> <span class='ocrx_word' id='word_1_267' title='bbox 828 4742 913 4817; x_wconf 88' lang='lat' dir='ltr'>ieris</span> <span class='ocrx_word' id='word_1_268' title='bbox 939 4740 1102 4837; x_wconf 84' lang='lat' dir='ltr'>pessimis</span> <span class='ocrx_word' id='word_1_269' title='bbox 1128 4738 1498 4835; x_wconf 78' lang='lat' dir='ltr'>impedientibus-sibi</span> <span class='ocrx_word' id='word_1_270' title='bbox 1522 4757 1714 4813; x_wconf 88' lang='lat' dir='ltr'>ascensum</span> <span class='ocrx_word' id='word_1_271' title='bbox 1748 4760 1856 4814; x_wconf 93' lang='lat' dir='ltr'>mon·</span> 
     </span>
    </p>
   </div>
   <div class='ocr_carea' id='block_1_7' title="bbox 748 4969 1619 5183">
    <p class='ocr_par' dir='ltr' id='par_1_7' title="bbox 748 4969 1619 5183">
     <span class='ocr_line' id='line_1_33' title="bbox 748 4969 1122 5033; baseline -0.003 -13"><span class='ocrx_word' id='word_1_272' title='bbox 748 4972 775 5031; x_wconf 83' lang='lat'>(¹)</span> <span class='ocrx_word' id='word_1_273' title='bbox 791 4974 844 5029; x_wconf 78' lang='lat' dir='ltr'>lit,</span> <span class='ocrx_word' id='word_1_274' title='bbox 861 4970 952 5029; x_wconf 84' lang='lat' dir='ltr'>noctis,</span> <span class='ocrx_word' id='word_1_275' title='bbox 966 4974 993 5019; x_wconf 85' lang='lat' dir='ltr'>et</span> <span class='ocrx_word' id='word_1_276' title='bbox 1010 4969 1122 5033; x_wconf 73' lang='lat' dir='ltr'>vigilare.</span> 
     </span>
     <span class='ocr_line' id='line_1_34' title="bbox 748 5044 1018 5107; baseline -0.004 -12"><span class='ocrx_word' id='word_1_277' title='bbox 748 5046 776 5107; x_wconf 77' lang='lat'>(¹)</span> <span class='ocrx_word' id='word_1_278' title='bbox 793 5044 823 5095; x_wconf 84' lang='lat' dir='ltr'>E.</span> <span class='ocrx_word' id='word_1_279' title='bbox 841 5046 867 5095; x_wconf 91' lang='lat' dir='ltr'>lu</span> <span class='ocrx_word' id='word_1_280' title='bbox 881 5045 1018 5095; x_wconf 78' lang='lat' dir='ltr'>insomnio.</span> 
     </span>
     <span class='ocr_line' id='line_1_35' title="bbox 749 5120 1619 5183; baseline -0.002 -11"><span class='ocrx_word' id='word_1_281' title='bbox 749 5122 774 5183; x_wconf 66' lang='grc' dir='ltr'>ζ’)</span> <span class='ocrx_word' id='word_1_282' title='bbox 792 5121 822 5171; x_wconf 87' lang='lat' dir='ltr'>E.</span> <span class='ocrx_word' id='word_1_283' title='bbox 839 5120 950 5171; x_wconf 81' lang='lat' dir='ltr'>admittit</span> <span class='ocrx_word' id='word_1_284' title='bbox 966 5120 1151 5172; x_wconf 75' lang='lat' dir='ltr'>rodounicu-</span> <span class='ocrx_word' id='word_1_285' title='bbox 1163 5124 1217 5180; x_wconf 84' lang='lat' dir='ltr'>ii&#39;i,</span> <span class='ocrx_word' id='word_1_286' title='bbox 1233 5120 1347 5171; x_wconf 74' lang='lat' dir='ltr'>admittit</span> <span class='ocrx_word' id='word_1_287' title='bbox 1361 5120 1485 5172; x_wconf 65' lang='lat' dir='ltr'>mountm</span> <span class='ocrx_word' id='word_1_288' title='bbox 1500 5120 1533 5171; x_wconf 76' lang='lat' dir='ltr'>ud</span> <span class='ocrx_word' id='word_1_289' title='bbox 1547 5132 1619 5171; x_wconf 79' lang='lat' dir='ltr'>eum.</span> 
     </span>
    </p>
   </div>
   <div class='ocr_carea' id='block_1_8' title="bbox 0 0 2280 6836">
    <p class='ocr_par' dir='ltr' id='par_1_8' title="bbox 0 0 2280 6836">
     <span class='ocr_line' id='line_1_36' title="bbox 0 0 2280 6836; baseline 0 0"><span class='ocrx_word' id='word_1_290' title='bbox 0 0 2280 6836; x_wconf 95' lang='lat' dir='ltr'> </span> 
     </span>
    </p>
   </div>
  </div>
 </body>
</html>
