4542 6842
610 931 614 939 ·
713 912 853 966 caurus
878 910 1035 965 undosus
1059 910 1204 965 sarnus.
1470 897 1539 963 tsr

369 1058 521 1135 Camino
555 1063 651 1133 esset
684 1063 773 1130 tuuc
803 1055 987 1131 famosum
1022 1054 1059 1128 in
1094 1052 1326 1148 lombardia,
1356 1053 1471 1127 immo
1505 1053 1544 1127 iu

370 1185 444 1253 tota
470 1178 594 1252 ltalia?
613 1178 655 1251 Et
671 1176 856 1272 praecipue
873 1177 1017 1251 Marcus
1035 1174 1102 1248 init
1121 1173 1423 1248 familiarissimus
1441 1173 1544 1248 istius

369 1299 502 1373 domus
539 1306 577 1373 et
606 1297 748 1372 domini
780 1296 937 1391 Rizardi,
967 1296 1073 1371 ouius
1110 1302 1215 1392 pater
1247 1294 1315 1372 luit
1346 1294 1414 1371 iste
1446 1294 1570 1375 Gbe·

371 1419 527 1497 rardust
552 1418 754 1495 Dicendum
788 1416 961 1513 breviter,
987 1416 1085 1513 qnod
1120 1423 1228 1512 poeta
1262 1416 1332 1490 boc
1366 1416 1469 1513 fingit
1498 1417 1545 1492 de

372 1538 548 1618 industria
573 1537 706 1635 duplici
732 1536 891 1616 ratione:
918 1536 1049 1635 primo,
1074 1542 1116 1608 ut
1141 1535 1350 1611 ostenderet
1370 1536 1450 1610 eius
1465 1537 1546 1611 exi-

374 1658 485 1733 miam
512 1658 736 1751 bonitatem3
764 1657 843 1737 vult
869 1655 967 1737 enim
996 1655 1086 1732 dare
1115 1654 1265 1751 intelligi
1300 1655 1419 1754 tacite
1446 1655 1546 1759 quod
1629 1644 1632 1647 ’

371 1778 582 1853 Gberardus
607 1777 716 1851 debat
741 1796 822 1851 essa
847 1776 964 1873 magis
996 1783 1104 1850 notus
1135 1776 1297 1850 bonitate
1325 1797 1405 1872 sua,
1432 1796 1545 1871 quam

374 1897 561 1973 nobilitata
586 1896 731 1971 iamiliae
756 1896 904 1971 illorum
931 1896 977 1971 de
1003 1895 1174 1970 Camino:
1195 1896 1367 1991 secundo,
1386 1902 1429 1969 ut
1448 1896 1547 1971 lace·

374 2022 431 2092 ret
456 2016 674 2091 memoriam
700 2016 747 2090 de
773 2016 934 2091 vanitate
964 2014 1047 2089 filiae
1077 2014 1176 2109 eius3
1203 2015 1301 2089 unde
1325 2016 1441 2090 addit:
1471 2017 1557 2113 s’to

373 2140 437 2211 aot
459 2138 610 2229 topltcmt'
634 2138 683 2209 du
711 2156 778 2209 suu
798 2138 899 2227 fiplt'o
928 2138 1033 2225 Gaia,
1059 2134 1164 2228 quasi
1189 2134 1304 2208 dicat:
1331 2155 1454 2228 neque
1479 2155 1548 2209 no·

374 2256 504 2350 bilitas,
527 2275 650 2350 neque
667 2255 808 2329 bonitas
829 2253 913 2328 lacit
929 2274 1016 2329 eum
1039 2253 1089 2330 ita
1107 2260 1248 2349 notum,
1266 2254 1360 2328 sicut
1377 2254 1450 2328 filia
1467 2254 1548 2328 eius

375 2377 573 2453 notissima.
601 2378 671 2450 lsta
697 2374 795 2449 enim
821 2382 902 2449 erat
927 2374 1168 2449 famosissima
1199 2374 1236 2446 in
1266 2380 1342 2448 tota
1372 2374 1549 2448 bombar-

376 2498 447 2593 dla,
473 2496 523 2570 ita
550 2494 648 2589 quod
680 2494 817 2588 ubique
851 2492 1043 2569 dicebatur
1070 2494 1118 2569 de
1148 2505 1213 2569 ea:
1240 2494 1369 2569 Mulier
1399 2494 1548 2589 quidem

377 2636 466 2693 vera
490 2616 574 2712 gaia
600 2623 638 2691 et
662 2636 775 2710 vann3
802 2622 841 2689 et
865 2622 908 2689 ut
932 2614 1094 2691 breviter
1115 2616 1247 2711 dicam,
1264 2616 1451 2691 tarvisina
1471 2623 1549 2691 tota

378 2758 572 2831 amorosa3
599 2756 684 2836 quae
708 2736 851 2811 dicabat
875 2735 1025 2810 domino
1044 2737 1200 2811 Rizardo
1224 2737 1326 2813 fratri
1351 2758 1440 2811 suo:
1457 2738 1550 2811 Pro-

378 2876 470 2936 cura
508 2863 652 2930 tantum
692 2855 779 2929 mihi
813 2856 972 2951 juvenes
1008 2876 1140 2952 procos
1176 2878 1379 2951 amorosos,
1404 2865 1443 2933 et
1479 2878 1553 2955 ego

378 2977 586 3072 procurabo
607 2975 670 3049 tibi
687 2976 827 3071 puellas
844 2975 1034 3050 formosas.
1053 2977 1164 3051 llulta
1178 2978 1304 3071 jncosa
1321 2978 1439 3053 sciens
1454 2998 1552 3074 prrs-

379 3102 482 3171 toreo
507 3094 553 3169 de
578 3095 728 3169 ioemlna
754 3096 833 3189 ista,
850 3115 936 3190 quae
961 3096 1083 3170 dicore
1099 3095 1219 3191 pudor
1235 3097 1552 3191 probibet-lle-

381 3237 483 3289 mum
510 3217 653 3289 llarcus
679 3216 839 3290 licentiat
863 3234 904 3289 se
934 3236 957 3289 a
989 3221 1109 3310 poeta,
1135 3216 1276 3289 dicens:
1312 3220 1381 3289 Dio
1404 3220 1460 3290 sio
1485 3238 1553 3290 coa

379 3339 449 3428 uoi3
474 3336 538 3429 qul
564 3334 707 3409 tenditis
726 3334 773 3409 ad
799 3356 899 3429 eum,
916 3331 978 3409 olid
997 3330 1059 3427 put
1083 3356 1156 3409 non
1182 3357 1293 3427 vepna
1317 3357 1433 3429 nosco,
1463 3337 1551 3430 quia

247 3490 251 3497 ·
381 3476 452 3532 non
478 3478 628 3553 possum
655 3456 757 3531 exire
782 3478 828 3530 ex
854 3455 959 3529 inmo
975 3456 1135 3531 obscuro
1153 3462 1190 3530 et
1206 3456 1335 3531 venire
1357 3455 1403 3531 ad
1430 3458 1553 3530 lucem

379 3578 518 3671 claram
530 3602 540 3673 ;
569 3577 666 3651 unde
691 3577 795 3653 dicit:
822 3580 900 3651 necti
919 3570 1090 3677 tolbdra,
1107 3576 1199 3651 idest
1224 3577 1427 3651 claritatem
1445 3578 1552 3673 aeris,

381 3700 440 3774 vel
466 3699 696 3795 splendorem
722 3698 943 3795 angelicum,
968 3699 1028 3771 cte
1050 3719 1116 3790 per
1141 3702 1176 3771 lo
1204 3703 1303 3792 fumo
1326 3702 1424 3791 rato,
1450 3700 1553 3795 idest,

383 3818 511 3911 radiat,
539 3818 643 3912 quasi
661 3817 775 3893 dicat:
794 3818 1060 3913 appropinquat
1080 3819 1298 3913 durclerus,
1317 3820 1404 3914 quia
1424 3842 1555 3895 sumus

383 3937 419 4012 in
437 3938 594 4013 confinio
611 3938 715 4034 lumi,
732 3929 794 4029 pat
810 3940 1090 4030 ttamtepptnre,
1100 3939 1209 4034 juxta
1227 3939 1373 4014 sumum
1392 3941 1554 4037 nigrum,

383 4078 472 4131 amc
487 4062 631 4131 commea
645 4060 825 4151 portirmi,
850 4058 936 4152 quia
955 4059 1118 4134 nondum
1137 4060 1294 4155 purgavi
1315 4060 1421 4155 iram,
1439 4082 1556 4158 cogor

386 4176 521 4251 reverti
547 4176 643 4251 intra
660 4176 815 4251 tamum
840 4176 887 4251 ad
912 4197 1060 4271 poenam
1086 4176 1260 4273 debitam,
1283 4182 1403 4271 prima
1428 4183 1557 4272 ct'opli

382 4299 482 4389 poio,
507 4295 609 4392 idest,
628 4303 828 4391 autequam
853 4299 1008 4394 angelus
1032 4306 1209 4394 appareat
1228 4299 1297 4395 ibi3
1318 4306 1356 4375 at
1380 4302 1466 4376 lacit
1491 4324 1557 4398 pa·

386 4416 595 4511 mathesim,
622 4416 765 4491 dicens:
793 4420 955 4508 tundalo
980 4414 1002 4492 a*
1023 4421 1084 4508 tot,
1101 4416 1261 4493 offerens
1282 4440 1322 4494 se
1346 4420 1393 4494 ad
1417 4442 1558 4518 purga·

386 4540 534 4614 tionem.
562 4538 606 4611 llt
630 4536 766 4613 claudit
791 4537 984 4612 materiam
1010 4544 1047 4612 et
1076 4538 1291 4633 capitulum,
1320 4538 1460 4617 dicens:
1485 4536 1558 4617 cosi

384 4652 504 4753 purld,
522 4658 581 4732 vel
606 4648 722 4751 lotrad,
742 4679 761 4730 a
780 4651 844 4751 piri
864 4678 937 4730 raon
957 4660 1045 4731 voda
1064 4660 1219 4754 udirmi5
1240 4661 1326 4754 quia
1351 4662 1437 4737 satis
1462 4664 1559 4739 bene

386 4786 424 4855 et
439 4771 474 4872 (¹)
501 4778 608 4875 plene
632 4778 943 4853 determinaverat
968 4784 1187 4873 presentem
1212 4779 1325 4855 litem.

450 4964 478 5029 (¹)
495 4965 525 5017 Il.
541 4970 569 5015 at
583 4963 675 5028 pulcra
691 4966 916 5016 determinaverat.
