4542 6842
790 937 931 995 cunnus
955 939 1123 1006 ournrus.
1472 927 1543 998 159

365 1088 544 1177 patronus
562 1102 706 1156 eorum.
725 1081 819 1157 Cum
836 1090 963 1158 autem
980 1082 1130 1178 quidam
1152 1082 1315 1159 seniores
1332 1082 1545 1181 suaderent,

366 1226 440 1279 nou
465 1224 546 1279 esse
571 1202 796 1298 bellandum,
822 1226 919 1277 unus
939 1204 1087 1300 juvenis
1117 1202 1282 1279 aretinus
1312 1204 1420 1278 nimis
1454 1204 1543 1279 cali·

365 1323 446 1418 dus,
471 1323 583 1398 dixit:
610 1322 680 1411 Qui
707 1323 821 1417 timet,
847 1323 973 1419 fugiat.
1000 1325 1103 1399 lunc
1130 1324 1236 1397 miles
1267 1324 1442 1419 antiquus
1474 1325 1543 1399 llo·

368 1437 681 1535 rentiuusdiritd)
694 1468 703 1515 ε
717 1444 815 1538 Neri,
828 1444 926 1537 Neri,
939 1444 1027 1538 quia
1051 1444 1103 1518 sio
1130 1445 1342 1538 vocabatur,
1366 1451 1404 1517 tu
1427 1446 1542 1520 babes

370 1571 531 1639 rostrum
558 1563 729 1639 citrinum
746 1554 797 1657 (²),
812 1562 916 1659 quasi
933 1562 1049 1639 dicat:
1072 1570 1112 1637 tu
1131 1584 1171 1637 cs
1189 1564 1296 1637 nimis
1316 1565 1483 1661 juvenis3
1502 1573 1541 1639 tu

370 1684 498 1781 fugies,
516 1690 641 1781 elego
659 1684 869 1758 remanebo.
887 1684 932 1757 Et
948 1683 997 1757 ita
1015 1683 1083 1756 luit
1108 1683 1155 1757 de
1179 1684 1285 1757 lacto.
1305 1685 1349 1757 ut
1369 1685 1542 1779 breviter,

370 1803 544 1879 ordinatis
563 1804 724 1897 aciebus,
743 1802 828 1879 hinc
850 1802 934 1879 inde
959 1824 1045 1877 cum
1073 1824 1208 1898 magna
1224 1794 1262 1896 (³)
1282 1809 1363 1878 arte
1388 1824 1545 1879 concur·

370 1944 455 1997 sum
482 1929 536 1997 est
555 1944 641 1997 cum
663 1928 765 1997 tanto
789 1922 925 1997 ardore
949 1923 1174 2017 animorum,
1200 1923 1299 2016 quod
1325 1922 1432 2018 primi
1458 1944 1544 2019 per·
1649 1966 1651 1971 ·

371 2062 540 2119 cussores
556 2042 834 2117 florentinorum
853 2042 1003 2117 luerunt
1022 2043 1173 2119 feliciter
1186 2031 1222 2136 (⁴)
1242 2043 1422 2119 debellati.
1442 2044 1544 2119 Tunc

369 2162 520 2245 (tursius
544 2163 591 2238 de
620 2162 781 2253 Donatis,
807 2168 981 2237 strenuus
1015 2163 1131 2257 miles,
1162 2162 1246 2237 licet
1277 2183 1387 2258 poena
1418 2164 1545 2259 capitis

369 2290 464 2359 esset
490 2283 652 2357 moventi
677 2303 718 2357 se
748 2282 796 2356 ab
827 2282 918 2375 acie,
944 2283 1228 2379 magnanimiter
1259 2282 1407 2381 ingessit
1436 2306 1476 2359 se
1507 2284 1545 2357 in

369 2404 491 2477 hostes
516 2403 807 2478 transversaliter
833 2423 919 2477 cum
946 2403 1086 2498 impetu
1104 2410 1219 2497 tanto,
1237 2403 1336 2497 quod
1356 2404 1424 2476 luit
1441 2405 1544 2498 prin·

371 2524 508 2619 cipium
534 2524 696 2598 rictoriae
719 2544 886 2597 suorum.
912 2524 1050 2620 Magnis
1076 2524 1214 2598 viribus
1239 2531 1444 2625 pugnatum
1466 2534 1542 2600 est:

369 2644 521 2719 tandem
560 2643 740 2718 florentini
776 2643 967 2718 victoriam
1004 2643 1256 2717 obtinuerunt.
1290 2644 1344 2717 En
1377 2644 1545 2720 hostibus

371 2764 481 2839 occisi
506 2769 591 2839 sunt
615 2765 810 2858 plusquam
837 2763 912 2838 duo
938 2762 1059 2837 millia.
1077 2765 1176 2837 lnter
1201 2764 1291 2837 alios
1316 2764 1544 2839 Guillielnrirs

374 2886 576 2982 episcopus,
602 2892 639 2960 et
664 2886 757 2959 alius
781 2884 1011 2960 Guillielmus
1035 2885 1081 2958 de
1106 2884 1242 2979 Paccis,
1259 2884 1315 2958 vir
1336 2885 1545 2959 strenuissi-

373 2994 898 3127 magnificentissimum
927 3005 1042 3104 ¹ipsius
1076 3004 1245 3099 episcopi,
1275 3010 1312 3078 et
1341 3004 1545 3081 Boncontes
1662 3072 1665 3085 .

372 3126 419 3203 de
443 3126 681 3200 llonteleltro.
708 3126 761 3199 Ex
787 3126 857 3201 bac
891 3125 1045 3199 victoria
1077 3145 1150 3198 non
1182 3125 1302 3199 solum
1333 3126 1545 3221 arrogantia

373 3246 614 3341 aretinorum,
640 3247 702 3321 sed
729 3253 804 3321 tota
830 3268 914 3341 pars
939 3244 1135 3343 ghibellina
1167 3245 1234 3317 luit
1266 3245 1424 3319 multum
1450 3252 1545 3321 atte-

373 3374 497 3444 nuata.
524 3366 578 3441 Ad
603 3367 747 3443 literam
773 3388 882 3463 ergo:
908 3366 993 3441 dicit
1018 3372 1138 3461 poeta,
1158 3372 1191 3438 et
1213 3369 1247 3438 to
1273 3386 1297 3438 o
1323 3368 1382 3458 lui,
1406 3368 1546 3462 supple,

372 3486 446 3562 diri
471 3486 520 3561 illi
545 3488 733 3583 Bouconti,
764 3492 850 3581 quot
878 3494 988 3585 sorzo
1025 3511 1047 3560 o
1086 3490 1340 3585 postventura
1373 3491 1399 3562 o·
1432 3482 1548 3563 trootd

372 3600 511 3701 sisuor
534 3610 573 3681 dt
600 3611 852 3701 Gompctdino3
887 3608 983 3683 istud
1008 3608 1179 3703 proelium
1208 3607 1341 3681 lactum
1370 3616 1425 3683 est
1450 3609 1548 3705 apud

373 3726 551 3823 Poppium
586 3734 624 3802 et
657 3727 831 3802 Bibenam
867 3728 904 3801 in
934 3734 1111 3821 contrata,
1137 3748 1221 3821 quae
1248 3728 1380 3803 dicitur
1417 3729 1548 3805 Certus

375 3846 547 3941 muudus,
566 3848 603 3920 in
620 3846 778 3943 planitie,
796 3868 881 3941 quae
896 3847 1101 3943 appellatur
1118 3846 1284 3941 planities
1305 3849 1547 3945 Campaldini3

375 3969 435 4041 clu
454 3989 527 4047 nou
550 3971 583 4041 oi
605 3990 708 4063 coppe
723 3972 797 4042 mot
822 3976 882 4042 tuo
899 3970 1105 4061 sepottoro?
1121 3967 1214 4042 Nam
1236 3987 1369 4063 corpus
1386 3961 1545 4063 ipsius(⁵)

376 4112 583 4185 numquam
608 4092 726 4187 potuit
749 4090 922 4185 inveniri3
943 4090 1007 4164 sed
1023 4097 1131 4185 poeta
1150 4088 1274 4164 fictitie
1298 4088 1381 4164 iacit
1405 4090 1472 4163 sibi
1490 4111 1549 4167 se-

376 4211 576 4307 pulturum.
609 4211 654 4283 ut
683 4210 803 4283 subdit
835 4209 1109 4305 responsionem
1141 4210 1335 4285 Boucontis
1367 4210 1549 4287 narrantis
1683 4246 1687 4251 ·

376 4331 535 4405 sormam
553 4350 630 4405 suae
648 4329 778 4403 mortis
795 4335 833 4403 et
849 4330 1060 4423 sepulturae.
1079 4330 1123 4403 Et
1140 4329 1260 4425 primo
1277 4330 1443 4425 ostendit,
1463 4330 1550 4427 quid

377 4452 489 4527 traxit
514 4472 601 4527 eum
626 4450 674 4525 de
698 4450 945 4545 Campaldino,
970 4449 1181 4525 describens
1206 4450 1360 4525 lluvium
1387 4450 1437 4553 ibi
1463 4451 1551 4525 vici-

376 4594 493 4667 num,
526 4572 625 4647 unde
656 4570 765 4645 dicits
796 4577 830 4644 et
859 4573 1062 4663 erispose,
1098 4572 1248 4667 scilicet,
1286 4571 1347 4647 ille
1383 4572 1552 4647 Boucon-

375 4698 453 4773 tes:
480 4688 587 4785 apid
613 4694 671 4765 del
703 4693 998 4783 Cossutianum
1024 4692 1132 4787 longe
1158 4713 1180 4766 a
1205 4690 1354 4786 Bibena,
1386 4699 1550 4765 boemo

439 4922 467 4983 (¹)
484 4926 538 4982 117,
554 4922 616 4972 exul
632 4922 704 4973 dixit.
965 4885 968 4891 .
1012 4920 1039 4983 (¹)
1056 4920 1086 4971 ll.
1103 4922 1228 4971 ritriuum
1244 4919 1305 4983 qula
1322 4894 1350 4969 tu
1366 4932 1402 4969 en

438 4995 514 5059 (ἾΒ.
530 5010 624 5061 megun
640 4998 827 5048 deliberatione
843 5010 1001 5049 concursum
1017 5002 1065 5045 est.

440 5074 467 5136 (⁸)
484 5073 515 5123 E.
530 5072 690 5124 manue·
699 5079 755 5135 111,
771 5073 891 5127 feciliter.
1015 5072 1042 5135 (¹)
1059 5074 1090 5124 li.
1106 5072 1171 5124 elue.
