<?xml version="1.0" encoding="UTF-8"?>
<!DOCTYPE html PUBLIC "-//W3C//DTD XHTML 1.0 Transitional//EN"
    "http://www.w3.org/TR/xhtml1/DTD/xhtml1-transitional.dtd">
<html xmlns="http://www.w3.org/1999/xhtml" xml:lang="en" lang="en">
 <head>
  <title>
</title>
<meta http-equiv="Content-Type" content="text/html;charset=utf-8" />
  <meta name='ocr-system' content='tesseract 3.04.00' />
  <meta name='ocr-capabilities' content='ocr_page ocr_carea ocr_par ocr_line ocrx_word'/>
</head>
<body>
  <div class='ocr_page' id='page_1' title='image "./comentumsuperda01unkngoog_0097.png"; bbox 0 0 4542 6842; ppageno 0'>
   <div class='ocr_carea' id='block_1_1' title="bbox 791 976 1542 1045">
    <p class='ocr_par' dir='ltr' id='par_1_1' title="bbox 791 976 1542 1045">
     <span class='ocr_line' id='line_1_1' title="bbox 791 976 1542 1045; baseline 0.001 -3"><span class='ocrx_word' id='word_1_1' title='bbox 791 986 931 1043; x_wconf 76' lang='lat' dir='ltr'>caurus</span> <span class='ocrx_word' id='word_1_2' title='bbox 957 989 1121 1045; x_wconf 80' lang='lat' dir='ltr'>uramus.</span> <span class='ocrx_word' id='word_1_3' title='bbox 1494 976 1542 1044; x_wconf 76' lang='lat'>85</span> 
     </span>
    </p>
   </div>
   <div class='ocr_carea' id='block_1_2' title="bbox 366 1131 1543 1709">
    <p class='ocr_par' dir='ltr' id='par_1_2' title="bbox 366 1131 1543 1709">
     <span class='ocr_line' id='line_1_2' title="bbox 368 1131 1543 1229; baseline -0.003 -21"><span class='ocrx_word' id='word_1_4' title='bbox 368 1140 406 1208; x_wconf 91' lang='lat' dir='ltr'>et</span> <span class='ocrx_word' id='word_1_5' title='bbox 431 1132 623 1229; x_wconf 90' lang='lat' dir='ltr'>Virgilium</span> <span class='ocrx_word' id='word_1_6' title='bbox 644 1132 722 1207; x_wconf 93' lang='lat' dir='ltr'>sine</span> <span class='ocrx_word' id='word_1_7' title='bbox 739 1131 885 1227; x_wconf 91' lang='lat' dir='ltr'>umbra,</span> <span class='ocrx_word' id='word_1_8' title='bbox 906 1133 994 1226; x_wconf 85' lang='lat' dir='ltr'>quia</span> <span class='ocrx_word' id='word_1_9' title='bbox 1018 1131 1056 1207; x_wconf 89' lang='lat' dir='ltr'>in</span> <span class='ocrx_word' id='word_1_10' title='bbox 1081 1132 1223 1207; x_wconf 84' lang='lat' dir='ltr'>inferno</span> <span class='ocrx_word' id='word_1_11' title='bbox 1244 1152 1449 1227; x_wconf 85' lang='lat' dir='ltr'><strong>numquam</strong></span> <span class='ocrx_word' id='word_1_12' title='bbox 1467 1132 1543 1206; x_wconf 91' lang='lat' dir='ltr'>ori·</span> 
     </span>
     <span class='ocr_line' id='line_1_3' title="bbox 367 1253 1542 1351; baseline -0.001 -23"><span class='ocrx_word' id='word_1_13' title='bbox 367 1261 430 1328; x_wconf 91' lang='lat' dir='ltr'>tur</span> <span class='ocrx_word' id='word_1_14' title='bbox 456 1255 515 1329; x_wconf 86' lang='lat' dir='ltr'>vel</span> <span class='ocrx_word' id='word_1_15' title='bbox 541 1254 640 1328; x_wconf 88' lang='lat' dir='ltr'>lucet</span> <span class='ocrx_word' id='word_1_16' title='bbox 664 1253 728 1327; x_wconf 90' lang='lat' dir='ltr'>sol.</span> <span class='ocrx_word' id='word_1_17' title='bbox 755 1254 799 1328; x_wconf 86' lang='lat' dir='ltr'>Et</span> <span class='ocrx_word' id='word_1_18' title='bbox 823 1254 945 1329; x_wconf 80' lang='lat' dir='ltr'>subdit</span> <span class='ocrx_word' id='word_1_19' title='bbox 970 1254 1157 1349; x_wconf 91' lang='lat' dir='ltr'>quomodo</span> <span class='ocrx_word' id='word_1_20' title='bbox 1182 1254 1352 1351; x_wconf 91' lang='lat' dir='ltr'>Virgilius</span> <span class='ocrx_word' id='word_1_21' title='bbox 1376 1253 1542 1351; x_wconf 90' lang='lat' dir='ltr'>arguerit</span> 
     </span>
     <span class='ocr_line' id='line_1_4' title="bbox 367 1372 1542 1468; baseline -0.003 -19"><span class='ocrx_word' id='word_1_22' title='bbox 367 1393 456 1449; x_wconf 86' lang='lat' dir='ltr'>eum</span> <span class='ocrx_word' id='word_1_23' title='bbox 481 1374 528 1448; x_wconf 93' lang='lat' dir='ltr'>de</span> <span class='ocrx_word' id='word_1_24' title='bbox 554 1372 714 1447; x_wconf 72' lang='lat' dir='ltr'>ruditate</span> <span class='ocrx_word' id='word_1_25' title='bbox 738 1394 817 1468; x_wconf 88' lang='lat' dir='ltr'>sua,</span> <span class='ocrx_word' id='word_1_26' title='bbox 843 1373 987 1448; x_wconf 90' lang='lat' dir='ltr'>diceus:</span> <span class='ocrx_word' id='word_1_27' title='bbox 1012 1377 1047 1447; x_wconf 85' lang='lat' dir='ltr'>ct</span> <span class='ocrx_word' id='word_1_28' title='bbox 1060 1378 1131 1448; x_wconf 82' lang='lat' dir='ltr'>mio</span> <span class='ocrx_word' id='word_1_29' title='bbox 1149 1378 1323 1467; x_wconf 75' lang='lat' dir='ltr'>conforto,</span> <span class='ocrx_word' id='word_1_30' title='bbox 1340 1373 1442 1467; x_wconf 88' lang='lat' dir='ltr'>idest,</span> <span class='ocrx_word' id='word_1_31' title='bbox 1461 1373 1542 1446; x_wconf 91' lang='lat' dir='ltr'>Vir-</span> 
     </span>
     <span class='ocr_line' id='line_1_5' title="bbox 366 1494 1542 1591; baseline -0.003 -23"><span class='ocrx_word' id='word_1_32' title='bbox 366 1494 475 1591; x_wconf 83' lang='lat' dir='ltr'>gilius</span> <span class='ocrx_word' id='word_1_33' title='bbox 498 1494 627 1569; x_wconf 89' lang='lat' dir='ltr'>solitus</span> <span class='ocrx_word' id='word_1_34' title='bbox 652 1494 791 1567; x_wconf 88' lang='lat' dir='ltr'>hortari</span> <span class='ocrx_word' id='word_1_35' title='bbox 817 1514 879 1568; x_wconf 90' lang='lat' dir='ltr'>me</span> <span class='ocrx_word' id='word_1_36' title='bbox 904 1500 1032 1570; x_wconf 89' lang='lat' dir='ltr'>contra</span> <span class='ocrx_word' id='word_1_37' title='bbox 1058 1514 1212 1591; x_wconf 89' lang='lat' dir='ltr'>magnos</span> <span class='ocrx_word' id='word_1_38' title='bbox 1237 1494 1388 1568; x_wconf 90' lang='lat' dir='ltr'>timores</span> <span class='ocrx_word' id='word_1_39' title='bbox 1414 1499 1452 1568; x_wconf 91' lang='lat' dir='ltr'>et</span> <span class='ocrx_word' id='word_1_40' title='bbox 1476 1513 1542 1588; x_wconf 90' lang='lat' dir='ltr'>pe·</span> 
     </span>
     <span class='ocr_line' id='line_1_6' title="bbox 368 1612 1542 1709; baseline -0.002 -21"><span class='ocrx_word' id='word_1_41' title='bbox 368 1614 485 1688; x_wconf 91' lang='lat' dir='ltr'>ricula</span> <span class='ocrx_word' id='word_1_42' title='bbox 518 1613 662 1709; x_wconf 86' lang='lat' dir='ltr'>inserui,</span> <span class='ocrx_word' id='word_1_43' title='bbox 691 1620 775 1687; x_wconf 81' lang='lat' dir='ltr'>tutto</span> <span class='ocrx_word' id='word_1_44' title='bbox 806 1617 947 1706; x_wconf 61' lang='lat' dir='ltr'>sibotto,</span> <span class='ocrx_word' id='word_1_45' title='bbox 981 1634 1111 1689; x_wconf 86' lang='lat' dir='ltr'>versus</span> <span class='ocrx_word' id='word_1_46' title='bbox 1144 1634 1205 1687; x_wconf 93' lang='lat' dir='ltr'>me</span> <span class='ocrx_word' id='word_1_47' title='bbox 1235 1614 1462 1709; x_wconf 90' lang='lat' dir='ltr'>perpendens</span> <span class='ocrx_word' id='word_1_48' title='bbox 1496 1612 1542 1687; x_wconf 92' lang='lat' dir='ltr'>de</span> 
     </span>
    </p>
   </div>
   <div class='ocr_carea' id='block_1_3' title="bbox 220 1726 1542 1829">
    <p class='ocr_par' dir='ltr' id='par_1_3' title="bbox 220 1726 1542 1829">
     <span class='ocr_line' id='line_1_7' title="bbox 220 1726 1542 1829; baseline -0.004 -19"><span class='ocrx_word' id='word_1_49' title='bbox 220 1760 224 1767; x_wconf 91' lang='lat'>·</span> <span class='ocrx_word' id='word_1_50' title='bbox 369 1753 499 1809; x_wconf 90' lang='lat' dir='ltr'>errore</span> <span class='ocrx_word' id='word_1_51' title='bbox 523 1754 620 1829; x_wconf 90' lang='lat' dir='ltr'>meo,</span> <span class='ocrx_word' id='word_1_52' title='bbox 637 1726 843 1809; x_wconf 74' lang='lat' dir='ltr'>bacominctd</span> <span class='ocrx_word' id='word_1_53' title='bbox 859 1756 884 1807; x_wconf 87' lang='lat' dir='ltr'>u</span> <span class='ocrx_word' id='word_1_54' title='bbox 901 1737 991 1826; x_wconf 65' lang='lat' dir='ltr'>dare,</span> <span class='ocrx_word' id='word_1_55' title='bbox 1012 1734 1117 1829; x_wconf 86' lang='lat' dir='ltr'>quasi</span> <span class='ocrx_word' id='word_1_56' title='bbox 1135 1732 1365 1829; x_wconf 81' lang='lat' dir='ltr'>indignanter</span> <span class='ocrx_word' id='word_1_57' title='bbox 1380 1727 1417 1825; x_wconf 72' lang='lat'>(¹)</span> <span class='ocrx_word' id='word_1_58' title='bbox 1433 1758 1441 1805; x_wconf 94' lang='lat'><strong>:</strong></span> <span class='ocrx_word' id='word_1_59' title='bbox 1455 1754 1542 1826; x_wconf 89' lang='lat' dir='ltr'>per-</span> 
     </span>
    </p>
   </div>
   <div class='ocr_carea' id='block_1_4' title="bbox 367 1850 1585 4113">
    <p class='ocr_par' dir='ltr' id='par_1_4' title="bbox 367 1850 1585 4113">
     <span class='ocr_line' id='line_1_8' title="bbox 369 1850 1540 1949; baseline -0.002 -22"><span class='ocrx_word' id='word_1_60' title='bbox 369 1850 431 1928; x_wconf 76' lang='lat' dir='ltr'>cte&#39;</span> <span class='ocrx_word' id='word_1_61' title='bbox 449 1874 521 1947; x_wconf 81' lang='lat' dir='ltr'>pur</span> <span class='ocrx_word' id='word_1_62' title='bbox 545 1857 672 1948; x_wconf 68' lang='lat' dir='ltr'>diffidi,</span> <span class='ocrx_word' id='word_1_63' title='bbox 692 1855 796 1949; x_wconf 86' lang='lat' dir='ltr'>quasi</span> <span class='ocrx_word' id='word_1_64' title='bbox 822 1855 983 1930; x_wconf 89' lang='lat' dir='ltr'>diceret:</span> <span class='ocrx_word' id='word_1_65' title='bbox 1002 1874 1025 1928; x_wconf 94' lang='lat' dir='ltr'>o</span> <span class='ocrx_word' id='word_1_66' title='bbox 1043 1852 1196 1927; x_wconf 83' lang='lat' dir='ltr'>modieae</span> <span class='ocrx_word' id='word_1_67' title='bbox 1218 1852 1312 1948; x_wconf 83' lang='lat' dir='ltr'>fidei,</span> <span class='ocrx_word' id='word_1_68' title='bbox 1329 1872 1448 1948; x_wconf 87' lang='lat' dir='ltr'>quare</span> <span class='ocrx_word' id='word_1_69' title='bbox 1466 1859 1540 1926; x_wconf 89' lang='lat' dir='ltr'>tam</span> 
     </span>
     <span class='ocr_line' id='line_1_9' title="bbox 368 1966 1543 2068; baseline 0 -21"><span class='ocrx_word' id='word_1_70' title='bbox 368 1972 521 2049; x_wconf 78' lang='lat' dir='ltr'>faciliter</span> <span class='ocrx_word' id='word_1_71' title='bbox 545 1975 696 2049; x_wconf 89' lang='lat' dir='ltr'>amisisti</span> <span class='ocrx_word' id='word_1_72' title='bbox 712 1966 748 2067; x_wconf 88' lang='lat'>(¹)</span> <span class='ocrx_word' id='word_1_73' title='bbox 776 1974 946 2051; x_wconf 84' lang='lat' dir='ltr'>fiduciam</span> <span class='ocrx_word' id='word_1_74' title='bbox 965 1980 1003 2049; x_wconf 91' lang='lat' dir='ltr'>et</span> <span class='ocrx_word' id='word_1_75' title='bbox 1020 1995 1134 2068; x_wconf 91' lang='lat' dir='ltr'>spem,</span> <span class='ocrx_word' id='word_1_76' title='bbox 1154 1994 1266 2068; x_wconf 82' lang='lat' dir='ltr'>quam</span> <span class='ocrx_word' id='word_1_77' title='bbox 1287 1974 1398 2049; x_wconf 90' lang='lat' dir='ltr'>debes</span> <span class='ocrx_word' id='word_1_78' title='bbox 1422 1980 1459 2048; x_wconf 88' lang='lat' dir='ltr'>et</span> <span class='ocrx_word' id='word_1_79' title='bbox 1476 1993 1543 2067; x_wconf 93' lang='lat' dir='ltr'>po·</span> 
     </span>
     <span class='ocr_line' id='line_1_10' title="bbox 369 2093 1543 2190; baseline -0.003 -21"><span class='ocrx_word' id='word_1_80' title='bbox 369 2100 424 2169; x_wconf 78' lang='lat' dir='ltr'>tm</span> <span class='ocrx_word' id='word_1_81' title='bbox 449 2094 587 2170; x_wconf 89' lang='lat' dir='ltr'>babere</span> <span class='ocrx_word' id='word_1_82' title='bbox 611 2095 648 2169; x_wconf 90' lang='lat' dir='ltr'>in</span> <span class='ocrx_word' id='word_1_83' title='bbox 674 2115 747 2189; x_wconf 91' lang='lat' dir='ltr'>me,</span> <span class='ocrx_word' id='word_1_84' title='bbox 765 2095 829 2189; x_wconf 87' lang='lat' dir='ltr'>qui</span> <span class='ocrx_word' id='word_1_85' title='bbox 854 2115 1058 2190; x_wconf 83' lang='lat' dir='ltr'>numquam</span> <span class='ocrx_word' id='word_1_86' title='bbox 1078 2101 1115 2169; x_wconf 91' lang='lat' dir='ltr'>te</span> <span class='ocrx_word' id='word_1_87' title='bbox 1130 2094 1277 2169; x_wconf 91' lang='lat' dir='ltr'>deserui</span> <span class='ocrx_word' id='word_1_88' title='bbox 1296 2093 1332 2167; x_wconf 91' lang='lat' dir='ltr'>in</span> <span class='ocrx_word' id='word_1_89' title='bbox 1349 2099 1449 2168; x_wconf 88' lang='lat' dir='ltr'>terra</span> <span class='ocrx_word' id='word_1_90' title='bbox 1467 2093 1543 2168; x_wconf 85' lang='lat' dir='ltr'>dae-</span> 
     </span>
     <span class='ocr_line' id='line_1_11' title="bbox 368 2214 1541 2309; baseline 0 -22"><span class='ocrx_word' id='word_1_91' title='bbox 368 2214 610 2289; x_wconf 82' lang='lat' dir='ltr'>mouiorumt</span> <span class='ocrx_word' id='word_1_92' title='bbox 633 2214 719 2290; x_wconf 90' lang='lat' dir='ltr'>ldeo</span> <span class='ocrx_word' id='word_1_93' title='bbox 737 2214 841 2289; x_wconf 89' lang='lat' dir='ltr'>dicit:</span> <span class='ocrx_word' id='word_1_94' title='bbox 867 2236 939 2288; x_wconf 84' lang='lat' dir='ltr'>non</span> <span class='ocrx_word' id='word_1_95' title='bbox 954 2218 1051 2289; x_wconf 80' lang='lat' dir='ltr'>credi</span> <span class='ocrx_word' id='word_1_96' title='bbox 1071 2222 1107 2288; x_wconf 86' lang='lat' dir='ltr'>tu</span> <span class='ocrx_word' id='word_1_97' title='bbox 1126 2236 1181 2287; x_wconf 76' lang='lat' dir='ltr'>nac</span> <span class='ocrx_word' id='word_1_98' title='bbox 1203 2220 1287 2307; x_wconf 78' lang='lat' dir='ltr'>leco,</span> <span class='ocrx_word' id='word_1_99' title='bbox 1304 2215 1431 2309; x_wconf 89' lang='lat' dir='ltr'>supple</span> <span class='ocrx_word' id='word_1_100' title='bbox 1449 2232 1541 2307; x_wconf 90' lang='lat' dir='ltr'>esse,</span> 
     </span>
     <span class='ocr_line' id='line_1_12' title="bbox 368 2333 1585 2431; baseline -0.002 -22"><span class='ocrx_word' id='word_1_101' title='bbox 368 2357 388 2409; x_wconf 85' lang='lat' dir='ltr'>c</span> <span class='ocrx_word' id='word_1_102' title='bbox 411 2338 463 2408; x_wconf 75' lang='lat' dir='ltr'>clt&#39;</span> <span class='ocrx_word' id='word_1_103' title='bbox 475 2338 554 2408; x_wconf 77' lang='lat' dir='ltr'>ioli</span> <span class='ocrx_word' id='word_1_104' title='bbox 575 2336 685 2427; x_wconf 65' lang='lat' dir='ltr'>qudi,</span> <span class='ocrx_word' id='word_1_105' title='bbox 702 2334 795 2409; x_wconf 91' lang='lat' dir='ltr'>sicut</span> <span class='ocrx_word' id='word_1_106' title='bbox 812 2336 937 2410; x_wconf 81' lang='lat' dir='ltr'>soleo?</span> <span class='ocrx_word' id='word_1_107' title='bbox 949 2374 999 2389; x_wconf 92' lang='lat'>—</span> <span class='ocrx_word' id='word_1_108' title='bbox 1018 2340 1176 2428; x_wconf 76' lang='lat' dir='ltr'>Vespero.</span> <span class='ocrx_word' id='word_1_109' title='bbox 1200 2334 1265 2410; x_wconf 89' lang='lat' dir='ltr'>llic</span> <span class='ocrx_word' id='word_1_110' title='bbox 1281 2333 1451 2431; x_wconf 83' lang='lat' dir='ltr'>Virgilius</span> <span class='ocrx_word' id='word_1_111' title='bbox 1469 2334 1541 2407; x_wconf 85' lang='lat' dir='ltr'>sol-</span> <span class='ocrx_word' id='word_1_112' title='bbox 1580 2374 1585 2391; x_wconf 64' lang='grc'><strong>»</strong></span> 
     </span>
     <span class='ocr_line' id='line_1_13' title="bbox 368 2454 1542 2552; baseline -0.003 -22"><span class='ocrx_word' id='word_1_113' title='bbox 368 2455 421 2531; x_wconf 84' lang='lat' dir='ltr'>rit</span> <span class='ocrx_word' id='word_1_114' title='bbox 445 2454 708 2530; x_wconf 87' lang='lat' dir='ltr'>dubitationem</span> <span class='ocrx_word' id='word_1_115' title='bbox 735 2454 859 2529; x_wconf 87' lang='lat' dir='ltr'>Dantis</span> <span class='ocrx_word' id='word_1_116' title='bbox 883 2456 1071 2552; x_wconf 88' lang='lat' dir='ltr'>assignans</span> <span class='ocrx_word' id='word_1_117' title='bbox 1096 2474 1248 2529; x_wconf 89' lang='lat' dir='ltr'>causam</span> <span class='ocrx_word' id='word_1_118' title='bbox 1267 2454 1377 2527; x_wconf 89' lang='lat' dir='ltr'>buius</span> <span class='ocrx_word' id='word_1_119' title='bbox 1403 2454 1478 2548; x_wconf 82' lang='lat' dir='ltr'>rei3</span> <span class='ocrx_word' id='word_1_120' title='bbox 1505 2459 1542 2528; x_wconf 91' lang='lat' dir='ltr'>et</span> 
     </span>
     <span class='ocr_line' id='line_1_14' title="bbox 367 2575 1539 2670; baseline -0.004 -18"><span class='ocrx_word' id='word_1_121' title='bbox 367 2576 453 2652; x_wconf 92' lang='lat' dir='ltr'>dicit</span> <span class='ocrx_word' id='word_1_122' title='bbox 477 2575 641 2651; x_wconf 85' lang='lat' dir='ltr'>breviter</span> <span class='ocrx_word' id='word_1_123' title='bbox 664 2575 764 2669; x_wconf 88' lang='lat' dir='ltr'>quod</span> <span class='ocrx_word' id='word_1_124' title='bbox 790 2576 860 2650; x_wconf 92' lang='lat' dir='ltr'>boc</span> <span class='ocrx_word' id='word_1_125' title='bbox 883 2576 1024 2670; x_wconf 85' lang='lat' dir='ltr'>accidit,</span> <span class='ocrx_word' id='word_1_126' title='bbox 1042 2576 1129 2670; x_wconf 90' lang='lat' dir='ltr'>quia</span> <span class='ocrx_word' id='word_1_127' title='bbox 1156 2596 1229 2649; x_wconf 93' lang='lat' dir='ltr'>non</span> <span class='ocrx_word' id='word_1_128' title='bbox 1255 2576 1365 2649; x_wconf 89' lang='lat' dir='ltr'>babet</span> <span class='ocrx_word' id='word_1_129' title='bbox 1390 2595 1539 2650; x_wconf 89' lang='lat' dir='ltr'>carnem</span> 
     </span>
     <span class='ocr_line' id='line_1_15' title="bbox 368 2694 1540 2791; baseline -0.004 -19"><span class='ocrx_word' id='word_1_130' title='bbox 368 2717 508 2791; x_wconf 77' lang='lat' dir='ltr'>secum</span> <span class='ocrx_word' id='word_1_131' title='bbox 526 2716 640 2791; x_wconf 88' lang='lat' dir='ltr'>quam</span> <span class='ocrx_word' id='word_1_132' title='bbox 659 2695 804 2789; x_wconf 87' lang='lat' dir='ltr'>reliquit</span> <span class='ocrx_word' id='word_1_133' title='bbox 830 2696 1010 2791; x_wconf 91' lang='lat' dir='ltr'>sepultam</span> <span class='ocrx_word' id='word_1_134' title='bbox 1036 2696 1074 2769; x_wconf 90' lang='lat' dir='ltr'>in</span> <span class='ocrx_word' id='word_1_135' title='bbox 1095 2695 1316 2791; x_wconf 87' lang='lat' dir='ltr'>hemisperio</span> <span class='ocrx_word' id='word_1_136' title='bbox 1342 2694 1540 2791; x_wconf 84' lang='lat' dir='ltr'>superiori3</span> 
     </span>
     <span class='ocr_line' id='line_1_16' title="bbox 368 2814 1542 2913; baseline -0.004 -19"><span class='ocrx_word' id='word_1_137' title='bbox 368 2827 407 2895; x_wconf 86' lang='lat' dir='ltr'>et</span> <span class='ocrx_word' id='word_1_138' title='bbox 422 2818 545 2892; x_wconf 87' lang='lat' dir='ltr'>anima</span> <span class='ocrx_word' id='word_1_139' title='bbox 561 2822 730 2911; x_wconf 86' lang='lat' dir='ltr'>separata</span> <span class='ocrx_word' id='word_1_140' title='bbox 748 2822 803 2889; x_wconf 81' lang='lat' dir='ltr'>est</span> <span class='ocrx_word' id='word_1_141' title='bbox 819 2816 1021 2891; x_wconf 86' lang='lat' dir='ltr'>substantia</span> <span class='ocrx_word' id='word_1_142' title='bbox 1039 2816 1205 2913; x_wconf 82' lang='lat' dir='ltr'>simplex,</span> <span class='ocrx_word' id='word_1_143' title='bbox 1223 2816 1453 2911; x_wconf 88' lang='lat' dir='ltr'>incorporea,</span> <span class='ocrx_word' id='word_1_144' title='bbox 1470 2814 1542 2910; x_wconf 90' lang='lat' dir='ltr'>spi-</span> 
     </span>
     <span class='ocr_line' id='line_1_17' title="bbox 370 2935 1543 3032; baseline -0.003 -21"><span class='ocrx_word' id='word_1_145' title='bbox 370 2935 523 3032; x_wconf 88' lang='lat' dir='ltr'>ritualis,</span> <span class='ocrx_word' id='word_1_146' title='bbox 548 2935 688 3011; x_wconf 90' lang='lat' dir='ltr'>nullam</span> <span class='ocrx_word' id='word_1_147' title='bbox 714 2936 853 3011; x_wconf 88' lang='lat' dir='ltr'>habeos</span> <span class='ocrx_word' id='word_1_148' title='bbox 877 2935 1093 3011; x_wconf 88' lang='lat' dir='ltr'>densitatem</span> <span class='ocrx_word' id='word_1_149' title='bbox 1119 2956 1186 3032; x_wconf 91' lang='lat' dir='ltr'>per</span> <span class='ocrx_word' id='word_1_150' title='bbox 1209 2956 1322 3031; x_wconf 90' lang='lat' dir='ltr'>quarn</span> <span class='ocrx_word' id='word_1_151' title='bbox 1344 2936 1455 3032; x_wconf 91' lang='lat' dir='ltr'>possit</span> <span class='ocrx_word' id='word_1_152' title='bbox 1472 2935 1543 3008; x_wconf 90' lang='lat' dir='ltr'>im-</span> 
     </span>
     <span class='ocr_line' id='line_1_18' title="bbox 371 3055 1542 3153; baseline -0.003 -21"><span class='ocrx_word' id='word_1_153' title='bbox 371 3057 497 3153; x_wconf 91' lang='lat' dir='ltr'>pedire</span> <span class='ocrx_word' id='word_1_154' title='bbox 529 3055 819 3151; x_wconf 82' lang='lat' dir='ltr'>penetrationem</span> <span class='ocrx_word' id='word_1_155' title='bbox 858 3056 1058 3131; x_wconf 88' lang='lat' dir='ltr'>radiorum.</span> <span class='ocrx_word' id='word_1_156' title='bbox 1091 3057 1221 3153; x_wconf 83' lang='lat' dir='ltr'>Tangit</span> <span class='ocrx_word' id='word_1_157' title='bbox 1256 3063 1382 3131; x_wconf 91' lang='lat' dir='ltr'>autem</span> <span class='ocrx_word' id='word_1_158' title='bbox 1419 3057 1542 3130; x_wconf 90' lang='lat' dir='ltr'>locum</span> 
     </span>
     <span class='ocr_line' id='line_1_19' title="bbox 370 3168 1540 3273; baseline -0.002 -21"><span class='ocrx_word' id='word_1_159' title='bbox 370 3198 449 3252; x_wconf 80' lang='lat' dir='ltr'>suae</span> <span class='ocrx_word' id='word_1_160' title='bbox 473 3178 685 3273; x_wconf 72' lang='lat' dir='ltr'>sepulturas,</span> <span class='ocrx_word' id='word_1_161' title='bbox 711 3176 856 3252; x_wconf 90' lang='lat' dir='ltr'>diceus:</span> <span class='ocrx_word' id='word_1_162' title='bbox 891 3183 1038 3270; x_wconf 82' lang='lat' dir='ltr'>Vespero</span> <span class='ocrx_word' id='word_1_163' title='bbox 1069 3174 1091 3253; x_wconf 67' lang='lat' dir='ltr'>e*</span> <span class='ocrx_word' id='word_1_164' title='bbox 1117 3170 1179 3269; x_wconf 64' lang='lat' dir='ltr'>aad</span> <span class='ocrx_word' id='word_1_165' title='bbox 1207 3168 1299 3269; x_wconf 74' lang='lat' dir='ltr'>colei,</span> <span class='ocrx_word' id='word_1_166' title='bbox 1332 3177 1434 3272; x_wconf 91' lang='lat' dir='ltr'>idest,</span> <span class='ocrx_word' id='word_1_167' title='bbox 1462 3178 1540 3273; x_wconf 90' lang='lat' dir='ltr'>jam</span> 
     </span>
     <span class='ocr_line' id='line_1_20' title="bbox 371 3296 1543 3393; baseline 0 -20"><span class='ocrx_word' id='word_1_168' title='bbox 371 3304 426 3373; x_wconf 78' lang='lat' dir='ltr'>est</span> <span class='ocrx_word' id='word_1_169' title='bbox 450 3318 535 3373; x_wconf 92' lang='lat' dir='ltr'>sero</span> <span class='ocrx_word' id='word_1_170' title='bbox 560 3297 597 3370; x_wconf 94' lang='lat' dir='ltr'>in</span> <span class='ocrx_word' id='word_1_171' title='bbox 621 3296 734 3392; x_wconf 87' lang='lat' dir='ltr'>ltalia,</span> <span class='ocrx_word' id='word_1_172' title='bbox 762 3297 859 3392; x_wconf 89' lang='lat' dir='ltr'>quia,</span> <span class='ocrx_word' id='word_1_173' title='bbox 886 3305 928 3372; x_wconf 89' lang='lat' dir='ltr'>ut</span> <span class='ocrx_word' id='word_1_174' title='bbox 952 3298 1090 3373; x_wconf 88' lang='lat' dir='ltr'>dictum</span> <span class='ocrx_word' id='word_1_175' title='bbox 1117 3305 1174 3373; x_wconf 91' lang='lat' dir='ltr'>est</span> <span class='ocrx_word' id='word_1_176' title='bbox 1198 3299 1298 3373; x_wconf 91' lang='lat' dir='ltr'>clare</span> <span class='ocrx_word' id='word_1_177' title='bbox 1322 3298 1360 3371; x_wconf 92' lang='lat' dir='ltr'>in</span> <span class='ocrx_word' id='word_1_178' title='bbox 1384 3297 1543 3393; x_wconf 90' lang='lat' dir='ltr'>capitulo</span> 
     </span>
     <span class='ocr_line' id='line_1_21' title="bbox 370 3417 1543 3513; baseline 0 -21"><span class='ocrx_word' id='word_1_179' title='bbox 370 3417 602 3513; x_wconf 71' lang='lat' dir='ltr'>precedenti,</span> <span class='ocrx_word' id='word_1_180' title='bbox 616 3418 697 3513; x_wconf 74' lang='lat' dir='ltr'>Jam</span> <span class='ocrx_word' id='word_1_181' title='bbox 722 3425 803 3492; x_wconf 90' lang='lat' dir='ltr'>erat</span> <span class='ocrx_word' id='word_1_182' title='bbox 828 3418 921 3493; x_wconf 88' lang='lat' dir='ltr'>iacta</span> <span class='ocrx_word' id='word_1_183' title='bbox 940 3419 1002 3492; x_wconf 88' lang='lat' dir='ltr'>lur</span> <span class='ocrx_word' id='word_1_184' title='bbox 1028 3418 1164 3512; x_wconf 85' lang='lat' dir='ltr'>ubique</span> <span class='ocrx_word' id='word_1_185' title='bbox 1185 3419 1222 3491; x_wconf 94' lang='lat' dir='ltr'>in</span> <span class='ocrx_word' id='word_1_186' title='bbox 1243 3418 1304 3492; x_wconf 95' lang='lat' dir='ltr'>illo</span> <span class='ocrx_word' id='word_1_187' title='bbox 1324 3418 1543 3513; x_wconf 88' lang='lat' dir='ltr'>hemisperio</span> 
     </span>
     <span class='ocr_line' id='line_1_22' title="bbox 370 3538 1544 3635; baseline 0.001 -23"><span class='ocrx_word' id='word_1_188' title='bbox 370 3538 545 3633; x_wconf 79' lang='lat' dir='ltr'>inferiori,</span> <span class='ocrx_word' id='word_1_189' title='bbox 571 3539 635 3613; x_wconf 93' lang='lat' dir='ltr'>ubi</span> <span class='ocrx_word' id='word_1_190' title='bbox 662 3544 768 3613; x_wconf 92' lang='lat' dir='ltr'>eraut</span> <span class='ocrx_word' id='word_1_191' title='bbox 791 3538 867 3633; x_wconf 80' lang='lat' dir='ltr'>isti3</span> <span class='ocrx_word' id='word_1_192' title='bbox 893 3560 985 3635; x_wconf 90' lang='lat' dir='ltr'>ergo</span> <span class='ocrx_word' id='word_1_193' title='bbox 1010 3540 1163 3615; x_wconf 86' lang='lat' dir='ltr'>tenebra</span> <span class='ocrx_word' id='word_1_194' title='bbox 1194 3538 1309 3613; x_wconf 89' lang='lat' dir='ltr'>noctis</span> <span class='ocrx_word' id='word_1_195' title='bbox 1339 3539 1432 3613; x_wconf 87' lang='lat' dir='ltr'>lacta</span> <span class='ocrx_word' id='word_1_196' title='bbox 1463 3546 1544 3614; x_wconf 88' lang='lat' dir='ltr'>erat</span> 
     </span>
     <span class='ocr_line' id='line_1_23' title="bbox 371 3650 1544 3756; baseline 0.003 -23"><span class='ocrx_word' id='word_1_197' title='bbox 371 3659 408 3733; x_wconf 91' lang='lat' dir='ltr'>iu</span> <span class='ocrx_word' id='word_1_198' title='bbox 433 3665 559 3733; x_wconf 86' lang='lat' dir='ltr'>nostro</span> <span class='ocrx_word' id='word_1_199' title='bbox 585 3659 777 3755; x_wconf 88' lang='lat' dir='ltr'>superiori,</span> <span class='ocrx_word' id='word_1_200' title='bbox 803 3660 867 3733; x_wconf 94' lang='lat' dir='ltr'>ubi</span> <span class='ocrx_word' id='word_1_201' title='bbox 888 3660 987 3756; x_wconf 87' lang='lat' dir='ltr'>jacet</span> <span class='ocrx_word' id='word_1_202' title='bbox 1000 3650 1038 3752; x_wconf 78' lang='lat'>(³)</span> <span class='ocrx_word' id='word_1_203' title='bbox 1063 3680 1198 3755; x_wconf 89' lang='lat' dir='ltr'>corpus</span> <span class='ocrx_word' id='word_1_204' title='bbox 1219 3659 1366 3756; x_wconf 87' lang='lat' dir='ltr'>Virgilii,</span> <span class='ocrx_word' id='word_1_205' title='bbox 1389 3660 1471 3735; x_wconf 92' lang='lat' dir='ltr'>ideo</span> <span class='ocrx_word' id='word_1_206' title='bbox 1490 3660 1544 3737; x_wconf 91' lang='lat' dir='ltr'>di·.</span> 
     </span>
     <span class='ocr_line' id='line_1_24' title="bbox 370 3774 1547 3872; baseline -0.001 -19"><span class='ocrx_word' id='word_1_207' title='bbox 370 3777 443 3853; x_wconf 89' lang='lat' dir='ltr'>cit:</span> <span class='ocrx_word' id='word_1_208' title='bbox 479 3774 593 3853; x_wconf 70' lang='lat' dir='ltr'>doo&#39;d</span> <span class='ocrx_word' id='word_1_209' title='bbox 622 3782 753 3871; x_wconf 83' lang='lat' dir='ltr'>sepotto</span> <span class='ocrx_word' id='word_1_210' title='bbox 789 3782 825 3852; x_wconf 92' lang='lat' dir='ltr'>lo</span> <span class='ocrx_word' id='word_1_211' title='bbox 855 3799 977 3872; x_wconf 79' lang='lat' dir='ltr'>corpo,</span> <span class='ocrx_word' id='word_1_212' title='bbox 1007 3777 1142 3853; x_wconf 92' lang='lat' dir='ltr'>scilicet</span> <span class='ocrx_word' id='word_1_213' title='bbox 1176 3799 1318 3870; x_wconf 88' lang='lat' dir='ltr'>meum,</span> <span class='ocrx_word' id='word_1_214' title='bbox 1350 3782 1474 3852; x_wconf 70' lang='lat' dir='ltr'>denuo</span> <span class='ocrx_word' id='word_1_215' title='bbox 1507 3783 1547 3852; x_wconf 89' lang='lat' dir='ltr'>al</span> 
     </span>
     <span class='ocr_line' id='line_1_25' title="bbox 371 3898 1545 3992; baseline 0 -21"><span class='ocrx_word' id='word_1_216' title='bbox 371 3900 458 3991; x_wconf 78' lang='lat' dir='ltr'>puol</span> <span class='ocrx_word' id='word_1_217' title='bbox 479 3900 515 3971; x_wconf 86' lang='lat' dir='ltr'>io</span> <span class='ocrx_word' id='word_1_218' title='bbox 535 3901 648 3992; x_wconf 83' lang='lat' dir='ltr'>socco’</span> <span class='ocrx_word' id='word_1_219' title='bbox 662 3900 800 3989; x_wconf 77' lang='lat' dir='ltr'>crabro,</span> <span class='ocrx_word' id='word_1_220' title='bbox 826 3898 973 3991; x_wconf 85' lang='lat' dir='ltr'>scilicet,</span> <span class='ocrx_word' id='word_1_221' title='bbox 991 3918 1079 3972; x_wconf 91' lang='lat' dir='ltr'>cum</span> <span class='ocrx_word' id='word_1_222' title='bbox 1104 3899 1228 3972; x_wconf 88' lang='lat' dir='ltr'>anima</span> <span class='ocrx_word' id='word_1_223' title='bbox 1252 3918 1333 3973; x_wconf 89' lang='lat' dir='ltr'>mea</span> <span class='ocrx_word' id='word_1_224' title='bbox 1355 3906 1435 3973; x_wconf 89' lang='lat' dir='ltr'>erat</span> <span class='ocrx_word' id='word_1_225' title='bbox 1455 3918 1545 3973; x_wconf 90' lang='lat' dir='ltr'>con·</span> 
     </span>
     <span class='ocr_line' id='line_1_26' title="bbox 372 4017 1547 4113; baseline -0.003 -20"><span class='ocrx_word' id='word_1_226' title='bbox 372 4018 495 4093; x_wconf 90' lang='lat' dir='ltr'>iuncta</span> <span class='ocrx_word' id='word_1_227' title='bbox 520 4018 665 4112; x_wconf 90' lang='lat' dir='ltr'>corpori</span> <span class='ocrx_word' id='word_1_228' title='bbox 691 4017 728 4090; x_wconf 89' lang='lat' dir='ltr'>in</span> <span class='ocrx_word' id='word_1_229' title='bbox 753 4018 845 4092; x_wconf 87' lang='lat' dir='ltr'>vita:</span> <span class='ocrx_word' id='word_1_230' title='bbox 872 4024 908 4092; x_wconf 91' lang='lat' dir='ltr'>et</span> <span class='ocrx_word' id='word_1_231' title='bbox 934 4017 1158 4092; x_wconf 86' lang='lat' dir='ltr'>declaratio</span> <span class='ocrx_word' id='word_1_232' title='bbox 1183 4017 1328 4113; x_wconf 90' lang='lat' dir='ltr'>speciali</span> <span class='ocrx_word' id='word_1_233' title='bbox 1360 4018 1480 4092; x_wconf 92' lang='lat' dir='ltr'>locum</span> <span class='ocrx_word' id='word_1_234' title='bbox 1508 4023 1547 4093; x_wconf 90' lang='lat' dir='ltr'>et</span> 
     </span>
    </p>
   </div>
   <div class='ocr_carea' id='block_1_5' title="bbox 370 4138 1564 4971">
    <p class='ocr_par' dir='ltr' id='par_1_5' title="bbox 370 4138 1564 4971">
     <span class='ocr_line' id='line_1_27' title="bbox 373 4138 1545 4236; baseline 0.001 -23"><span class='ocrx_word' id='word_1_235' title='bbox 373 4138 527 4213; x_wconf 91' lang='lat' dir='ltr'>modum</span> <span class='ocrx_word' id='word_1_236' title='bbox 553 4139 763 4234; x_wconf 73' lang='lat' dir='ltr'>sepulturae,</span> <span class='ocrx_word' id='word_1_237' title='bbox 789 4139 834 4212; x_wconf 83' lang='lat' dir='ltr'>lu</span> <span class='ocrx_word' id='word_1_238' title='bbox 859 4139 917 4213; x_wconf 92' lang='lat' dir='ltr'>bic</span> <span class='ocrx_word' id='word_1_239' title='bbox 939 4145 1037 4232; x_wconf 90' lang='lat' dir='ltr'>nota,</span> <span class='ocrx_word' id='word_1_240' title='bbox 1056 4140 1182 4233; x_wconf 89' lang='lat' dir='ltr'>lector,</span> <span class='ocrx_word' id='word_1_241' title='bbox 1200 4138 1298 4233; x_wconf 91' lang='lat' dir='ltr'>quod</span> <span class='ocrx_word' id='word_1_242' title='bbox 1324 4138 1417 4213; x_wconf 90' lang='lat' dir='ltr'>sicut</span> <span class='ocrx_word' id='word_1_243' title='bbox 1438 4146 1545 4236; x_wconf 87' lang='lat' dir='ltr'>poeta</span> 
     </span>
     <span class='ocr_line' id='line_1_28' title="bbox 374 4256 1564 4354; baseline 0.001 -22"><span class='ocrx_word' id='word_1_244' title='bbox 374 4265 498 4333; x_wconf 88' lang='lat' dir='ltr'>noster</span> <span class='ocrx_word' id='word_1_245' title='bbox 522 4256 608 4333; x_wconf 89' lang='lat' dir='ltr'>iecit</span> <span class='ocrx_word' id='word_1_246' title='bbox 632 4258 669 4331; x_wconf 92' lang='lat' dir='ltr'>iu</span> <span class='ocrx_word' id='word_1_247' title='bbox 694 4258 838 4332; x_wconf 88' lang='lat' dir='ltr'>iuleroo</span> <span class='ocrx_word' id='word_1_248' title='bbox 863 4257 1053 4354; x_wconf 90' lang='lat' dir='ltr'>Virgilium</span> <span class='ocrx_word' id='word_1_249' title='bbox 1084 4258 1292 4333; x_wconf 89' lang='lat' dir='ltr'>describere</span> <span class='ocrx_word' id='word_1_250' title='bbox 1321 4258 1476 4354; x_wconf 89' lang='lat' dir='ltr'>patriam</span> <span class='ocrx_word' id='word_1_251' title='bbox 1508 4260 1564 4333; x_wconf 93' lang='lat' dir='ltr'>in·</span> 
     </span>
     <span class='ocr_line' id='line_1_29' title="bbox 373 4375 1543 4473; baseline 0.002 -22"><span class='ocrx_word' id='word_1_252' title='bbox 373 4399 447 4473; x_wconf 85' lang='lat' dir='ltr'>qua</span> <span class='ocrx_word' id='word_1_253' title='bbox 474 4384 582 4452; x_wconf 89' lang='lat' dir='ltr'>uatus</span> <span class='ocrx_word' id='word_1_254' title='bbox 606 4383 674 4472; x_wconf 89' lang='lat' dir='ltr'>est,</span> <span class='ocrx_word' id='word_1_255' title='bbox 691 4378 828 4453; x_wconf 89' lang='lat' dir='ltr'>scilicet</span> <span class='ocrx_word' id='word_1_256' title='bbox 846 4375 1039 4455; x_wconf 76' lang='lat' dir='ltr'>&#39;llantuam</span> <span class='ocrx_word' id='word_1_257' title='bbox 1065 4379 1102 4451; x_wconf 93' lang='lat' dir='ltr'>in</span> <span class='ocrx_word' id='word_1_258' title='bbox 1128 4379 1306 4453; x_wconf 92' lang='lat' dir='ltr'>bonorem</span> <span class='ocrx_word' id='word_1_259' title='bbox 1334 4385 1371 4453; x_wconf 90' lang='lat' dir='ltr'>et</span> <span class='ocrx_word' id='word_1_260' title='bbox 1397 4380 1543 4455; x_wconf 89' lang='lat' dir='ltr'>laudem</span> 
     </span>
     <span class='ocr_line' id='line_1_30' title="bbox 372 4497 1544 4594; baseline 0.001 -22"><span class='ocrx_word' id='word_1_261' title='bbox 372 4497 522 4594; x_wconf 82' lang='lat' dir='ltr'>Virgilii,</span> <span class='ocrx_word' id='word_1_262' title='bbox 548 4498 635 4593; x_wconf 90' lang='lat' dir='ltr'>quia</span> <span class='ocrx_word' id='word_1_263' title='bbox 660 4498 808 4573; x_wconf 86' lang='lat' dir='ltr'>ldaotua</span> <span class='ocrx_word' id='word_1_264' title='bbox 834 4506 889 4573; x_wconf 78' lang='lat' dir='ltr'>est</span> <span class='ocrx_word' id='word_1_265' title='bbox 913 4498 1135 4573; x_wconf 88' lang='lat' dir='ltr'>nobilissima</span> <span class='ocrx_word' id='word_1_266' title='bbox 1154 4498 1298 4593; x_wconf 82' lang='lat' dir='ltr'>civitas3</span> <span class='ocrx_word' id='word_1_267' title='bbox 1317 4498 1366 4573; x_wconf 92' lang='lat' dir='ltr'>ita</span> <span class='ocrx_word' id='word_1_268' title='bbox 1392 4500 1544 4574; x_wconf 92' lang='lat' dir='ltr'>nuncin</span> 
     </span>
     <span class='ocr_line' id='line_1_31' title="bbox 371 4618 1544 4717; baseline 0.003 -25"><span class='ocrx_word' id='word_1_269' title='bbox 371 4618 588 4715; x_wconf 87' lang='lat' dir='ltr'>purgatorio</span> <span class='ocrx_word' id='word_1_270' title='bbox 605 4618 708 4716; x_wconf 89' lang='lat' dir='ltr'>lingit</span> <span class='ocrx_word' id='word_1_271' title='bbox 724 4620 915 4717; x_wconf 88' lang='lat' dir='ltr'>Virgilium</span> <span class='ocrx_word' id='word_1_272' title='bbox 934 4626 1087 4716; x_wconf 88' lang='lat' dir='ltr'>tangere</span> <span class='ocrx_word' id='word_1_273' title='bbox 1103 4619 1272 4715; x_wconf 88' lang='lat' dir='ltr'>patriam,</span> <span class='ocrx_word' id='word_1_274' title='bbox 1291 4641 1364 4714; x_wconf 87' lang='lat' dir='ltr'>qua</span> <span class='ocrx_word' id='word_1_275' title='bbox 1384 4623 1544 4697; x_wconf 87' lang='lat' dir='ltr'>maxime</span> 
     </span>
     <span class='ocr_line' id='line_1_32' title="bbox 370 4737 1546 4837; baseline 0.002 -23"><span class='ocrx_word' id='word_1_276' title='bbox 370 4739 573 4821; x_wconf 83' lang='lat' dir='ltr'>delectatus</span> <span class='ocrx_word' id='word_1_277' title='bbox 598 4745 654 4814; x_wconf 83' lang='lat' dir='ltr'>ert</span> <span class='ocrx_word' id='word_1_278' title='bbox 678 4738 716 4813; x_wconf 91' lang='lat' dir='ltr'>iu</span> <span class='ocrx_word' id='word_1_279' title='bbox 741 4737 827 4835; x_wconf 81' lang='lat' dir='ltr'>vita,</span> <span class='ocrx_word' id='word_1_280' title='bbox 853 4746 892 4815; x_wconf 86' lang='lat' dir='ltr'>et</span> <span class='ocrx_word' id='word_1_281' title='bbox 915 4739 1012 4835; x_wconf 92' lang='lat' dir='ltr'>apud</span> <span class='ocrx_word' id='word_1_282' title='bbox 1038 4762 1151 4834; x_wconf 89' lang='lat' dir='ltr'>quam</span> <span class='ocrx_word' id='word_1_283' title='bbox 1171 4742 1336 4837; x_wconf 89' lang='lat' dir='ltr'>sepultus</span> <span class='ocrx_word' id='word_1_284' title='bbox 1361 4749 1427 4836; x_wconf 88' lang='lat' dir='ltr'>est,</span> <span class='ocrx_word' id='word_1_285' title='bbox 1449 4742 1546 4817; x_wconf 88' lang='lat' dir='ltr'>scili·</span> 
     </span>
     <span class='ocr_line' id='line_1_33' title="bbox 370 4860 1545 4971; baseline 0 -34"><span class='ocrx_word' id='word_1_286' title='bbox 370 4867 431 4937; x_wconf 89' lang='lat' dir='ltr'>cet</span> <span class='ocrx_word' id='word_1_287' title='bbox 455 4860 654 4956; x_wconf 86' lang='lat' dir='ltr'>Neapolim.</span> <span class='ocrx_word' id='word_1_288' title='bbox 681 4862 742 4934; x_wconf 76' lang='lat' dir='ltr'>list</span> <span class='ocrx_word' id='word_1_289' title='bbox 767 4861 865 4936; x_wconf 91' lang='lat' dir='ltr'>enim</span> <span class='ocrx_word' id='word_1_290' title='bbox 892 4862 1060 4956; x_wconf 87' lang='lat' dir='ltr'>Neapolis</span> <span class='ocrx_word' id='word_1_291' title='bbox 1085 4862 1370 4971; x_wconf 29' lang='lat' dir='ltr'>civitas-litorea</span> <span class='ocrx_word' id='word_1_292' title='bbox 1398 4864 1545 4939; x_wconf 90' lang='lat' dir='ltr'>nobilis-</span> 
     </span>
    </p>
   </div>
   <div class='ocr_carea' id='block_1_6' title="bbox 435 5116 1462 5184">
    <p class='ocr_par' dir='ltr' id='par_1_6' title="bbox 435 5116 1462 5184">
     <span class='ocr_line' id='line_1_34' title="bbox 435 5116 1462 5184; baseline 0.002 -17"><span class='ocrx_word' id='word_1_293' title='bbox 435 5116 462 5179; x_wconf 69' lang='grc' dir='ltr'>(Ἶ</span> <span class='ocrx_word' id='word_1_294' title='bbox 479 5121 533 5179; x_wconf 79' lang='grc'><strong>117,</strong></span> <span class='ocrx_word' id='word_1_295' title='bbox 550 5118 704 5183; x_wconf 80' lang='lat' dir='ltr'>indignatur.</span> <span class='ocrx_word' id='word_1_296' title='bbox 798 5119 827 5183; x_wconf 84' lang='lat'>(¹)</span> <span class='ocrx_word' id='word_1_297' title='bbox 843 5120 873 5171; x_wconf 80' lang='grc' dir='ltr'>Ε.</span> <span class='ocrx_word' id='word_1_298' title='bbox 889 5120 996 5171; x_wconf 78' lang='lat' dir='ltr'>amisisti</span> <span class='ocrx_word' id='word_1_299' title='bbox 1012 5126 1040 5171; x_wconf 86' lang='lat' dir='ltr'>tu</span> <span class='ocrx_word' id='word_1_300' title='bbox 1057 5120 1188 5172; x_wconf 77' lang='lat' dir='ltr'>fiduciam.</span> <span class='ocrx_word' id='word_1_301' title='bbox 1283 5121 1310 5184; x_wconf 83' lang='lat'>(¹)</span> <span class='ocrx_word' id='word_1_302' title='bbox 1327 5124 1381 5180; x_wconf 88' lang='grc'><strong>117,</strong></span> <span class='ocrx_word' id='word_1_303' title='bbox 1398 5126 1462 5170; x_wconf 82' lang='lat' dir='ltr'>erat.</span> 
     </span>
    </p>
   </div>
   <div class='ocr_carea' id='block_1_7' title="bbox 0 0 2280 6836">
    <p class='ocr_par' dir='ltr' id='par_1_7' title="bbox 0 0 2280 6836">
     <span class='ocr_line' id='line_1_35' title="bbox 0 0 2280 6836; baseline 0 0"><span class='ocrx_word' id='word_1_304' title='bbox 0 0 2280 6836; x_wconf 95' lang='lat' dir='ltr'> </span> 
     </span>
    </p>
   </div>
  </div>
 </body>
</html>
