4542 6842
732 954 780 1022 96
1092 964 1296 1019 counnrun
1321 964 1542 1021 runonronn
1582 964 1584 971 ¹

725 1112 815 1187 baut
845 1132 975 1186 versus
998 1130 1077 1205 nos,
1103 1116 1140 1185 et
1165 1109 1273 1184 dicit:
1299 1132 1318 1181 c
1342 1130 1414 1183 non
1435 1130 1612 1203 porcean,
1639 1110 1741 1205 idest,
1767 1117 1804 1185 et
1830 1130 1903 1185 nou
2050 1180 2057 1193 ‚

727 1231 946 1307 videbantur
971 1250 1123 1306 movere
1148 1230 1292 1325 pedem,
1323 1222 1354 1303 st
1379 1234 1505 1303 venian
1540 1233 1637 1321 lente,
1664 1238 1702 1307 ct
1731 1252 1820 1306 vere
1845 1230 1902 1305 isti

727 1352 924 1427 veniebant
948 1351 1053 1427 tarde
1069 1351 1117 1426 ad
1139 1357 1302 1425 montem
1321 1350 1536 1447 purgatorii,
1557 1351 1619 1445 qui
1637 1351 1744 1446 positi
1762 1352 1799 1425 in
1815 1371 1904 1425 con-

728 1471 889 1545 tumacia
908 1470 1071 1545 ecclesiae
1096 1470 1405 1545 excommunicati
1424 1491 1615 1565 nunquam
1641 1478 1904 1547 converterunt

727 1611 769 1667 se
793 1590 840 1666 ad
867 1597 1030 1666 montem
1055 1590 1122 1664 nisi
1150 1591 1186 1665 in
1212 1598 1379 1666 extremo
1406 1597 1536 1665 morte.
1555 1590 1640 1666 ldeo
1660 1591 1771 1667 debes
1797 1591 1904 1666 intel-

726 1712 843 1808 ligere
874 1712 921 1787 de
950 1710 1027 1785 istis
1058 1710 1094 1785 id
1124 1710 1223 1805 quod
1254 1712 1378 1785 notavi
1410 1710 1456 1785 de
1488 1710 1566 1785 aliis
1596 1712 1724 1807 primae
1757 1711 1902 1807 speciei,
2024 1762 2025 1769 κ

729 1832 865 1907 scilicet
889 1831 988 1925 quod
1013 1837 1123 1905 autor
1148 1851 1222 1905 non
1247 1837 1382 1927 purgat
1407 1852 1471 1907 eos
1492 1832 1551 1905 hic
1575 1832 1698 1927 aliqua
1723 1832 1902 1927 poeniten-

731 1953 780 2027 tin
796 1945 846 2046 (¹),
874 1958 914 2025 ut
930 1952 1059 2025 innuat
1079 1951 1180 2045 qnod
1197 1951 1253 2024 isti
1266 1951 1307 2041 ‚in
1328 1951 1402 2025 vita
1420 1972 1612 2045 nunquam
1633 1952 1883 2047 poenituerunt
1890 1976 1901 2047 ;

728 2074 811 2148 ideo
837 2072 938 2169 lingit
962 2073 1062 2167 quod
1086 2077 1183 2145 stent
1207 2093 1273 2167 per
1298 2079 1441 2147 tantum
1468 2079 1614 2168 tempus
1639 2080 1744 2148 extra
1764 2092 1902 2169 purgu-

728 2193 886 2286 torium3
913 2192 1011 2266 undo
1035 2191 1143 2267 dicit:
1170 2194 1216 2265 m'
1229 2185 1358 2285 appari
1383 2195 1431 2265 dc
1455 2196 1612 2283 sinistra,
1630 2192 1732 2287 idest,
1750 2192 1825 2267 visa
1847 2197 1901 2266 est

727 2314 816 2387 milri
841 2314 968 2388 venire
982 2304 1019 2404 θ)
1045 2333 1069 2387 a
1099 2312 1208 2409 longe
1237 2334 1259 2387 a
1292 2313 1446 2406 sinistre,
1478 2322 1608 2387 nwntrc
1638 2317 1731 2389 clt'ei
1756 2314 1903 2387 uniat

726 2438 800 2509 oisc
821 2436 937 2525 basso,
964 2432 1066 2527 idest,
1092 2432 1239 2507 interim
1265 2454 1349 2507 cum
1378 2433 1454 2528 ipse
1480 2433 1651 2531 Virgilius
1677 2444 1819 2511 teneret
1838 2452 1901 2507 ca-

726 2562 793 2651 pnt
818 2554 1031 2629 inclinatum
1058 2552 1105 2627 ad
1130 2558 1282 2645 terram,
1309 2552 1403 2627 sicut
1419 2560 1474 2628 est
1490 2552 1537 2629 de
1555 2574 1660 2629 more
1682 2552 1900 2647 meditantis

727 2678 974 2750 cesomioava
998 2676 1056 2747 del
1077 2676 1193 2746 camin
1218 2676 1255 2746 lc
1280 2680 1402 2764 meno,
1430 2674 1531 2767 idest,
1558 2680 1595 2749 et
1616 2674 1706 2747 dum
1729 2673 1900 2748 consule·

729 2803 786 2870 ret
812 2802 971 2869 urentem
999 2814 1104 2867 snam
1131 2793 1209 2867 sive
1233 2795 1444 2887 exploraret
1470 2794 1506 2866 iu
1533 2800 1656 2869 mente
1681 2814 1747 2867 sue
1774 2792 1820 2867 de
1843 2793 1901 2865 iti-

729 2935 819 2990 nere
844 2913 1027 3007 laciend03
1053 2920 1086 2985 ct
1108 2915 1144 2984 io
1170 2915 1310 2985 mirano
1334 2934 1416 2987 suso
1440 2916 1581 2987 intorno
1600 2916 1639 2987 ut
1653 2934 1768 3003 sasso,
1795 2912 1899 3006 quasi

728 3036 845 3109 dicet:
874 3034 945 3108 vidi
971 3033 1077 3107 istem
1102 3038 1251 3129 gentem
1284 3032 1373 3117 dum
1407 3032 1578 3129 Virgilius
1604 3038 1746 3107 teneret
1773 3032 1899 3107 oculos

727 3154 901 3229 deorsum
927 3160 966 3227 et
989 3173 1059 3250 ego
1084 3174 1233 3227 sursum
1260 3153 1356 3227 circa
1383 3159 1560 3245 montem,
1587 3159 1745 3247 uterque
1769 3153 1901 3227 sollici-

729 3281 789 3347 tos
814 3274 860 3349 de
885 3274 1134 3347 viu-Leon.
1161 3273 1226 3347 Hic
1257 3280 1364 3368 poeta
1394 3274 1559 3367 ostendit,
1595 3274 1752 3367 qualiter
1776 3281 1900 3347 osten-

727 3394 821 3469 derit
838 3394 986 3491 Virgilio
1003 3401 1152 3491 gentem
1171 3394 1277 3467 istem
1298 3393 1469 3468 daturam
1496 3394 1561 3467 sibi
1583 3394 1786 3469 consilium.
1807 3392 1900 3467 Dicit

727 3537 837 3614 ergo:
864 3518 995 3589 diss'to
1018 3519 1059 3588 cl
1081 3521 1247 3604 maestro,
1268 3513 1370 3607 idest,
1388 3534 1458 3611 ego
1480 3514 1613 3589 Dentes
1633 3514 1706 3589 dixi
1728 3512 1895 3610 Virgilio:

727 3641 804 3711 levo
829 3639 880 3728 qli
903 3637 1000 3708 occti
1027 3639 1119 3708 tuot:
1152 3641 1188 3709 et
1221 3634 1271 3707 sic
1306 3634 1387 3708 vide
1420 3633 1517 3727 quod
1551 3634 1721 3731 Virgilius
1753 3634 1900 3709 tenebat

726 3757 853 3832 oculos
879 3757 1068 3850 depressos
1094 3762 1131 3829 et
1157 3756 1291 3830 Dentes
1308 3754 1457 3847 levatos,
1476 3755 1581 3829 cuius
1599 3756 1825 3831 contrarium
1843 3755 1899 3829 di-

727 3885 817 3954 cuut
840 3876 952 3972 aliqui
980 3882 1113 3969 textus
1139 3897 1217 3948 ecco
1241 3878 1279 3948 di
1303 3894 1373 3966 quo
1398 3877 1452 3947 clri
1475 3896 1519 3947 nc
1539 3865 1634 3948 dorii
1650 3880 1831 3968 conicito,
1851 3876 1899 3951 ad

728 3998 933 4095 eligendam·
958 3997 1069 4089 viam,
1093 4018 1131 4068 sc
1156 4004 1191 4069 tu
1216 3998 1265 4069 da
1290 4002 1321 4069 tc
1345 3999 1517 4069 ntedesnto
1542 4018 1628 4069 coer
1653 4000 1716 4071 nol
1734 4000 1832 4090 puoi,
1862 4004 1900 4072 et

728 4125 784 4193 est
809 4118 949 4192 morale
973 4117 1122 4191 dictum.
1144 4117 1213 4191 Per
1234 4117 1304 4190 hoc
1330 4114 1427 4190 enim
1453 4122 1556 4190 notat
1578 4117 1675 4211 quod
1693 4117 1761 4210 vir,
1780 4138 1898 4211 quun-

670 4220 679 4229 ⁵
728 4245 972 4331 tumcurnque
997 4235 1134 4331 peritus
1160 4243 1196 4309 et
1222 4240 1407 4331 expertus,
1442 4256 1515 4309 non
1540 4235 1649 4311 debet
1678 4237 1899 4311 erubescere

667 4362 672 4372 '
727 4358 868 4433 discere
897 4379 919 4431 a
950 4356 1094 4451 minori,
1126 4356 1202 4430 imo
1234 4362 1379 4450 oportet
1408 4375 1504 4450 saepe
1537 4356 1659 4431 doceri
1691 4356 1740 4430 ab
1772 4356 1899 4454 ignaro

727 4480 881 4577 vulgari.
908 4478 1010 4553 Unde
1035 4499 1107 4552 non
1134 4476 1262 4550 dubito
1288 4476 1386 4571 quod
1406 4475 1577 4573 Virgilius
1602 4477 1639 4550 in
1664 4476 1758 4551 libro
1783 4478 1899 4553 Geor-

725 4599 895 4696 gicorum
922 4598 1038 4673 multe
1065 4586 1242 4689 habuitl³)
1270 4616 1293 4670 a
1319 4596 1461 4671 rusticis
1484 4596 1559 4670 suis
1577 4591 1670 4690 qnos
1686 4598 1900 4673 consulebat

725 4720 773 4795 de
796 4720 920 4814 aliqua
945 4740 999 4813 re,
1016 4718 1055 4793 in
1070 4718 1177 4792 cuius
1197 4716 1404 4813 cognitione
1425 4738 1616 4811 nunqnam
1634 4717 1808 4793 devenire
1833 4738 1899 4815 po-

727 4841 855 4915 tuisset
880 4860 967 4914 cum
993 4846 1070 4915 toto
1095 4860 1165 4913 suo
1191 4835 1336 4933 ingenio
1363 4837 1420 4911 vel
1446 4837 1577 4931 studio,
1611 4842 1648 4912 et
1678 4836 1727 4913 ita
1753 4838 1897 4933 Dentes,

790 5026 818 5087 (¹)
837 5030 890 5086 117,
906 5027 1063 5088 pentum
1079 5027 1140 5090 qul·
1156 5025 1198 5075 isti
1215 5026 1240 5075 in
1257 5024 1317 5077 rito.
1443 5023 1471 5087 ι’)
1488 5029 1542 5087 117,
1560 5026 1647 5077 videro
1662 5040 1677 5075 n
1694 5025 1779 5090 louge.

791 5102 818 5165 (⁸)
833 5103 865 5153 Ε.
881 5102 1009 5153 habuerit.
