4542 6842
739 974 877 1031 caurus
904 976 1060 1033 nncruus
1084 978 1228 1033 namus.
1490 964 1566 1033 307

393 1120 546 1197 comites
571 1119 783 1195 nobilissimi
807 1120 854 1195 de
883 1120 1016 1197 Sancta
1048 1122 1157 1197 Flore
1185 1124 1346 1217 castello,
1377 1122 1470 1197 adeo
1500 1143 1568 1219 po·

394 1246 511 1316 tentos
536 1241 573 1315 in
599 1240 740 1334 Tuscia,
767 1240 864 1335 quod
890 1242 1057 1321 solebant
1085 1242 1235 1340 gloriari
1266 1243 1365 1337 quod
1398 1249 1567 1338 poterant

393 1361 495 1435 omni
519 1361 578 1436 die
602 1360 688 1436 anni
713 1368 860 1435 mutare
885 1362 1007 1436 lucrm
1035 1369 1072 1437 et
1097 1370 1198 1437 stare
1222 1362 1259 1435 in
1285 1363 1365 1437 loco
1390 1369 1482 1456 tuto,
1513 1369 1566 1439 tot

393 1482 541 1556 castella
567 1481 673 1557 fortia
700 1480 902 1575 habebare
924 1482 988 1556 sed
1014 1483 1225 1558 babuerunt
1241 1482 1304 1556 diu
1322 1483 1459 1557 bellurn
1478 1502 1565 1557 oum

394 1601 489 1675 diota
511 1600 671 1695 civitate,
689 1620 756 1695 per
772 1601 870 1696 quod
891 1602 969 1697 jam
996 1607 1164 1697 tempore
1184 1602 1299 1677 nostri
1324 1609 1441 1698 poeta
1461 1608 1568 1676 erant

395 1722 432 1795 in
458 1743 592 1819 magna
619 1722 738 1817 ruina,
768 1728 806 1797 et
837 1721 945 1798 bodie
969 1728 1055 1795 sunt
1085 1722 1190 1815 quasi
1215 1721 1365 1797 omnino
1391 1721 1568 1797 extermi-

265 1944 268 1949 ἱ
396 1842 481 1917 nati.
507 1843 562 1917 Ile
587 1844 655 1916 bac
680 1841 792 1937 stirpe
818 1841 947 1915 illustri
971 1840 1040 1915 luit
1065 1842 1133 1916 isle
1158 1842 1395 1935 humbertus,
1418 1840 1481 1935 qui
1508 1840 1567 1915 llio

396 1962 571 2057 loquitur,
584 1962 733 2059 juvenis
753 1962 900 2056 quidem
919 1968 1093 2037 strenuus
1107 1970 1144 2036 et
1160 1961 1349 2037 animosus
1362 1961 1484 2036 valde:
1503 1960 1567 2054 qui

396 2103 482 2158 curn
509 2082 679 2157 exivisset
692 2076 729 2175 (¹)
757 2081 920 2176 probiter
945 2088 1073 2157 eontra
1099 2081 1265 2155 inimicos
1285 2080 1331 2155 ad
1350 2101 1467 2156 unum
1487 2080 1568 2155 avi-

396 2208 618 2295 samentum‚
643 2201 855 2277 interiectus
880 2200 947 2274 luit
973 2201 1008 2274 in
1035 2221 1167 2296 campo
1187 2200 1285 2295 apud
1312 2220 1428 2273 unum
1454 2220 1566 2275 suum

395 2325 598 2419 'castellum
613 2324 710 2419 quod
727 2322 861 2398 dicitnr
874 2322 1211 2419 campagnaticum.
1227 2321 1281 2397 Ad
1299 2322 1442 2396 literam
1456 2341 1566 2417 ergo:

396 2445 482 2520 dicit
497 2444 581 2519 isle:
605 2449 644 2517 lo
661 2447 715 2538 sui
731 2446 852 2535 lubun,
871 2442 962 2517 idest
980 2441 1141 2535 italicum
1164 2463 1248 2517 nam
1267 2441 1422 2516 initalia
1448 2441 1568 2535 primo

391 2575 525 2642 ¹natum
552 2573 608 2642 est
625 2587 760 2642 nomen
782 2566 947 2662 latinum,
966 2588 985 2639 e
1004 2574 1087 2639 nalo
1104 2570 1139 2640 d'
1151 2588 1200 2641 uu
1217 2588 1313 2659 pron
1337 2574 1444 2657 muco,
1466 2565 1568 2659 idest,

398 2686 527 2761 nobilis
553 2693 590 2761 et
619 2686 774 2782 potentis
803 2685 945 2760 comitis
974 2686 1010 2758 in
1042 2686 1195 2780 Tuscia3
1226 2693 1263 2761 et
1294 2706 1382 2761 ecee
1414 2687 1568 2781 patrem,

402 2810 593 2899 Guplielmo
619 2808 929 2897 ildebrandesolli,
952 2806 1003 2881 sic
1029 2806 1321 2903 cognominatus,
1345 2810 1386 2900 su
1411 2810 1481 2879 mio
1502 2826 1571 2899 pu·

398 2930 492 3020 ulre;
518 2934 555 3002 et
579 2927 688 3001 dicit:
714 2948 786 3000 non
816 2948 857 2999 so
882 2948 919 2999 se
931 2928 957 3000 'l
983 2947 1085 2999 nome
1113 2946 1178 2999 suo
1208 2930 1344 3018 mamni
1370 2931 1411 3020 su
1442 2928 1570 3020 nosco,-

399 3042 504 3140 ¹quasi
534 3048 652 3121 dicat:
679 3046 790 3121 oredo
815 3046 914 3141 quod
940 3045 1003 3139 sic,
1029 3046 1115 3140 quia
1143 3045 1210 3119 init
1234 3046 1321 3120 salis
1346 3049 1509 3121 famosus
1533 3046 1571 3119 in

400 3168 512 3243 ltalia.
530 3168 601 3242 lste
619 3167 845 3241 Humberlus
866 3166 1060 3241 audiverat
1077 3167 1268 3263 Virgilium
1291 3167 1502 3262 loquentem
1518 3163 1572 3240 lass

400 3290 487 3384 line,
505 3288 585 3363 ideo
602 3288 653 3363 sic
673 3287 847 3381 loquitur.
861 3327 911 3341 -
926 3290 963 3359 L'
975 3289 1100 3359 abaco.
1121 3286 1185 3360 Hic
1202 3287 1428 3361 Humberlus
1446 3293 1572 3360 narrat

400 3411 489 3505 quid
514 3409 708 3505 prestabat
734 3408 801 3481 sibi
833 3407 1041 3502 superbiam
1072 3428 1263 3503 magnam3
1289 3413 1327 3508 et
1350 3406 1447 3500 dicit,
1472 3406 1570 3499 quod

397 3531 552 3605 luerunt
571 3528 657 3622 duo,
675 3527 821 3621 scilieet,
839 3528 1006 3602 nobilitas
1023 3535 1060 3603 et
1077 3528 1194 3602 virtus
1210 3548 1365 3603 suorum
1383 3528 1570 3602 clarorum

402 3649 696 3746 progenitorum
722 3647 808 3722 dicit
833 3666 949 3743 ergo:
977 3650 1142 3721 L'onlioo
1164 3669 1312 3739 sanpue,
1346 3646 1437 3723 idest
1468 3647 1573 3727 nobi·¹

400 3772 456 3865 lie,
470 3795 488 3843 e
504 3774 644 3863 l’opere
663 3770 856 3860 irruptam,
875 3768 977 3863 idest,
995 3774 1097 3864 gesta
1118 3775 1283 3862 strenua,
1309 3770 1362 3841 ae*
1376 3771 1456 3841 miei
1469 3760 1573 3860 mupss

402 3895 497 3983 pior,
523 3889 625 3983 idest,
651 3889 982 3984 praedecessorum
1008 3887 1205 3981 antiquitas
1235 3888 1332 3961 enim
1360 3888 1444 3962 lauit
1468 3884 1573 3964 nobi·

402 4014 554 4105 litatem,
579 4016 621 4085 ut
645 4008 730 4083 dicit
755 4009 988 4105 philosophus
1014 4008 1107 4083 libro
1131 4008 1427 4102 Rhetoricorum‚
1452 4011 1501 4083 mi
1517 4012 1573 4102 ser

400 4124 432 4204 si
457 4137 663 4221 urropanle,
689 4128 792 4223 idest,
815 4129 982 4205 lecerunt
999 4148 1060 4203 me
1078 4134 1154 4203 tam
1175 4129 1390 4223 superbum,
1417 4130 1478 4201 cle
1501 4148 1574 4201 nun

400 4254 582 4346 perstando
607 4272 631 4323 u
656 4253 691 4323 la
717 4270 860 4323 comum
885 4250 1022 4341 madre,
1048 4248 1152 4341 idest,
1172 4249 1223 4322 ad
1253 4250 1404 4343 llevam,
1421 4268 1474 4323 en
1498 4269 1574 4342 qua

402 4390 532 4445 omnes
545 4389 674 4442 sumus
687 4368 773 4461 nati,
787 4370 845 4442 vel
865 4388 1103 4443 communem
1121 4372 1278 4443 matrem
1298 4373 1405 4442 vocal
1422 4374 1574 4459 terram,

403 4512 488 4586 quae
513 4496 568 4565 est
592 4489 799 4564 communis
822 4489 989 4563 omniurn
1015 4508 1168 4583 parens3
1195 4488 1254 4562 vel
1280 4489 1359 4564 vult
1389 4486 1512 4563 dicere
1537 4495 1576 4562 et

404 4594 547 4706 melius,
573 4610 671 4705 quod
703 4630 831 4684 omnes
856 4609 1046 4702 equaliter
1072 4599 1311 4700 nascimur&
1339 4608 1386 4683 de
1412 4608 1574 4701 immina,

402 4734 453 4808 ita
479 4732 576 4828 quod
602 4752 669 4827 per
694 4730 791 4805 viam
817 4730 1012 4804 nativitatis
1037 4730 1138 4803 nulla
1164 4734 1220 4803 est
1250 4727 1453 4803 differentia
1480 4728 1575 4803 inter

400 4874 531 4951 regem
559 4859 596 4928 et
621 4852 821 4944 rusticum;
847 4850 953 4945 quasi
977 4850 1091 4923 dicat:
1118 4849 1314 4944 respiciens
1338 4854 1481 4923 tantum
1508 4870 1576 4924 no·

467 5044 494 5107 (¹)
511 5044 542 5094 E.
558 5042 676 5093 exirlssel
692 5040 835 5105 prohibitus
851 5038 975 5103 probllor.

468 5122 496 5185 (¹)
512 5120 543 5170 E.
560 5125 702 5169 uascnnlur
717 5118 749 5169 do
767 5118 879 5168 immina.
