4542 6842
834 951 973 1008 caurus
998 954 1141 1008 ramus.
1524 941 1571 1007 ts

399 1095 556 1192 gratiam
582 1115 694 1189 quam
722 1096 834 1170 voluit
859 1117 882 1171 a
909 1117 980 1190 me,
1005 1098 1092 1190 quia
1119 1096 1240 1190 recepi
1257 1116 1340 1170 eam
1364 1103 1445 1190 post
1471 1116 1574 1168 mor·

401 1221 475 1290 tem
503 1213 652 1288 secundi
677 1215 768 1308 viri3
795 1215 858 1290 sed
884 1217 1001 1311 prima
1027 1215 1204 1310 expositio
1230 1222 1286 1290 est
1302 1215 1349 1292 de
1374 1214 1573 1290 intentione

400 1334 552 1427 autoris,
570 1343 611 1408 ut
628 1341 746 1430 potest
762 1344 889 1430 patere
906 1336 1059 1410 intuenti
1078 1337 1296 1410 literam-
1308 1341 1380 1424 llo.
1399 1336 1464 1410 llic
1484 1337 1574 1411 Cato

402 1454 596 1549 respondet
621 1455 749 1549 primae
784 1456 876 1551 parti
902 1476 1015 1549 quarn
1046 1455 1218 1550 Virgilius
1247 1455 1419 1550 tetigerat
1447 1477 1572 1551 supra,

400 1577 464 1650 ubi
490 1575 657 1650 dixerat:
683 1579 804 1650 donau
820 1598 912 1650 scere
927 1578 985 1650 del
998 1579 1073 1667 ciel,
1099 1585 1138 1650 et
1162 1575 1234 1648 ibi:
1253 1579 1341 1650 Dell’
1354 1580 1426 1650 ulto
1449 1579 1574 1650 secuda

401 1691 492 1770 olrtrl
517 1698 577 1768 clla
599 1699 774 1789 m'uiulo,·
801 1703 838 1770 el
863 1697 942 1770 vult
971 1696 1133 1770 breviter
1158 1696 1303 1770 dicere:
1330 1715 1404 1769 uou
1428 1695 1573 1790 expedit

400 1815 500 1909 quod
525 1815 672 1890 adiures
699 1836 760 1889 me
791 1835 855 1909 per
886 1835 1053 1890 amoram
1087 1815 1251 1889 mulieris
1282 1815 1477 1908 terrestris,
1509 1813 1573 1889 sed

399 1935 543 2009 sullicit-
561 1935 659 2028 quod
695 1935 861 2028 requiras
896 1956 957 2010 me
988 1955 1054 2030 per
1089 1954 1257 2009 amorem
1290 1933 1384 2008 illius
1415 1934 1572 2009 dominae

289 2075 295 2088 ·
398 2043 566 2149 coelestis,
591 2055 696 2130 culus
727 2054 895 2149 precibus
924 2054 1011 2128 dicis
1045 2061 1081 2128 te
1105 2053 1217 2128 luisse
1243 2061 1385 2128 motum
1415 2055 1461 2128 ad
1487 2074 1573 2128 suc·

399 2176 624 2252 currendum
651 2175 708 2248 isti
735 2175 932 2250 temerario
958 2175 994 2248 iu
1013 2182 1113 2248 tauto
1130 2174 1340 2250 discrimine
1360 2173 1454 2248 vitae.
1481 2173 1573 2248 Dicit

399 2317 512 2394 ergo:
539 2318 599 2369 mu
624 2317 696 2368 uua
720 2299 753 2368 cl
776 2299 823 2368 lo
847 2299 978 2370 moder
1002 2299 1154 2387 losinga,
1178 2296 1264 2389 quia
1290 2295 1452 2369 adulatio
1476 2314 1572 2368 vana

399 2419 544 2493 videtur
569 2417 761 2512 requirere
785 2437 910 2492 senem
935 2416 1195 2513 gravissimum
1226 2437 1292 2510 per
1316 2437 1482 2491 amorem
1506 2435 1572 2489 va·

399 2561 489 2612 uum
517 2538 625 2612 uuius
651 2538 811 2611 ioemiuae
836 2559 949 2631 qulam
975 2537 1060 2610 olim
1087 2537 1265 2631 dilexerit,
1286 2535 1355 2608 *se
1380 2539 1501 2610 wana
1516 2539 1574 2610 del

399 2662 498 2748 cleto,
524 2657 659 2732 scilicet
683 2657 830 2732 Beatrix
861 2657 1065 2732 beatificata
1096 2657 1134 2731 iu
1160 2658 1265 2751 cralo,
1292 2677 1406 2751 quarn
1437 2657 1572 2730 Dantes

400 2765 651 2854 ardentissime
676 2777 832 2851 dilexit*
847 2770 903 2870 (¹);
929 2785 966 2852 at
991 2777 1096 2852 ideo:
1122 2779 1239 2852 hostili
1261 2778 1325 2851 beu
1354 2779 1414 2850 cle
1436 2797 1502 2869 per
1528 2779 1572 2849 lei

400 2903 449 2971 ml
468 2901 639 2990 moleque,
664 2899 751 2991 quia
776 2898 954 2973 obtinebis
979 2899 1058 2974 siue
1075 2920 1204 2992 mora3
1226 2898 1325 2975 uude
1341 2899 1465 2972 statim
1481 2918 1571 2972 cou-

400 3019 495 3094 cedit
526 3019 574 3093 illi
604 3003 785 3093 licentiam
820 3019 942 3113 eundi,
976 3019 1122 3094 diceus:
1160 3041 1205 3092 oa
1234 3023 1384 3111 dunque,
1422 3024 1572 3094 uestes

399 3140 555 3234 amplius
581 3140 617 3212 iu
643 3140 774 3214 verbis.
793 3140 844 3212 'Et
874 3139 1048 3214 contiuuo
1079 3139 1142 3214 dat
1175 3139 1240 3213 sibi
1275 3147 1455 3234 praecepta
1491 3159 1571 3214 ser-

400 3260 517 3335 vanda
543 3259 640 3334 circa
666 3281 804 3334 novum
823 3265 968 3354 poetam
991 3259 1198 3334 tendentem
1222 3259 1268 3333 ad
1295 3259 1570 3354 purgatorium:

398 3387 436 3454 et
461 3379 580 3474 primo
606 3379 766 3474 praecipit
795 3378 893 3472 quod
926 3378 1068 3452 muniat
1097 3379 1216 3474 ipsum
1251 3378 1398 3474 cingulo
1425 3379 1574 3452 humili·

399 3499 493 3592 tatis,
519 3499 606 3592 quia
632 3499 834 3593 primaria
863 3497 1057 3574 accedendi
1090 3497 1136 3572 ad
1167 3499 1439 3592 poeniteutiam„
1460 3519 1573 3574 causa

399 3619 616 3695 ascendendi
634 3618 680 3694 ad
697 3625 861 3694 moutam
879 3619 1096 3693 altissimum
1112 3619 1268 3713 virtutis,
1282 3625 1338 3694 eet
1355 3619 1570 3712 humiliatio,

399 3761 483 3833 quae
511 3739 672 3814 maxime
688 3746 769 3815 erat
790 3739 995 3814 necessaria
1021 3739 1106 3813 huic
1123 3747 1253 3834 poetae,
1271 3739 1348 3834 qui,
1369 3745 1570 3833 autequam

399 3859 552 3934 intraret
576 3859 672 3934 istud
697 3860 778 3954 iter,
804 3866 842 3934 et
871 3861 1059 3934 inchoaret
1083 3860 1180 3934 istud
1209 3881 1302 3955 opus
1327 3860 1569 3954 salutiferum,

398 3979 518 4054 luerat
545 3979 649 4054 valde
674 3980 864 4075 superbus.
895 3980 987 4054 llicit
1015 4001 1128 4076 ergo:
1155 4004 1173 4054 e
1199 3984 1240 4075 su
1265 3984 1325 4054 cte
1358 3988 1393 4055 tu
1418 3983 1569 4072 ricinus,

399 4099 494 4174 boue
507 4099 591 4174 dicit
604 4101 781 4196 reciugas,
796 4101 881 4196 quia
896 4108 1005 4195 autor
1018 4108 1099 4176 erat
1112 4101 1198 4175 olim
1217 4103 1356 4176 cinctus
1370 4122 1444 4175 uua
1457 4100 1568 4176 corda
1716 4123 1719 4128 ·

399 4218 548 4312 nodosa,
574 4218 675 4313 idest,
702 4219 842 4314 frauda,
868 4241 942 4314 qua
968 4221 1139 4316 Virgilius
1158 4221 1377 4296 discinxerat
1394 4241 1481 4296 euru
1502 4241 1569 4315 pro
1596 4213 1598 4217 ’

398 4338 574 4433 capiendo
602 4337 776 4433 Gerioue3
805 4339 886 4414 ideo
924 4340 1002 4413 vult
1027 4341 1124 4433 quod
1151 4361 1250 4414 uuuc
1287 4341 1453 4436 reciugat
1480 4361 1567 4415 erum

393 4458 509 4555 junco
539 4458 657 4552 enodi,
694 4459 775 4533 ideo
809 4459 917 4533 dicit:
951 4463 985 4532 d’
998 4481 1045 4532 uu
1077 4463 1203 4551 musco
1231 4464 1379 4534 solado.
1410 4462 1453 4534 Et
1483 4467 1569 4536 uota

397 4579 497 4672 quod
514 4580 608 4654 bena
627 4579 761 4675 figurat
787 4579 1028 4654 humilitatem
1048 4601 1114 4674 per
1126 4581 1296 4675 juncum.
1315 4581 1453 4654 luucus
1469 4580 1567 4655 euim

396 4699 515 4773 oritur
541 4699 579 4772 iu
611 4699 698 4774 locis
730 4699 855 4792 bassis,
888 4699 925 4773 iu
955 4699 1042 4773 limo
1074 4699 1186 4794 molli,
1217 4707 1255 4776 et
1284 4708 1340 4775 est
1368 4700 1447 4776 siue
1472 4701 1568 4776 uodo

397 4817 530 4912 brevis,
556 4819 732 4912 llexibilis,
749 4826 787 4892 et
804 4817 900 4894 cedit
918 4818 965 4893 ad
982 4817 1160 4914 impetum
1178 4819 1363 4894 undarum
1382 4827 1420 4896 et
1435 4829 1568 4897 currat

459 5067 485 5131 (¹)
502 5069 537 5118 Le
554 5070 643 5133 parole
659 5070 699 5121 fra
716 5071 724 5120 l
740 5071 791 5122 due
806 5071 939 5122 asterischl
955 5084 1001 5122 sou
1017 5071 1129 5134 supplite
1145 5073 1214 5136 dagli
1230 5073 1290 5124 altri
1306 5072 1402 5124 Codlcl.
