4542 6842
704 944 775 1011 tta
1064 949 1270 1005 couuuruu
1295 950 1530 1005 runonronu.

702 1098 933 1194 ignorantem
959 1114 1047 1169 nam
1073 1094 1276 1169 seeundum
1296 1094 1550 1190 philosophum
1569 1096 1702 1171 conscii
1721 1096 1879 1193 proprie

702 1216 917 1315 ignorantiae
942 1214 1172 1289 admirantur
1189 1215 1370 1311 sapientes
1390 1215 1573 1311 bomiues3
1591 1222 1629 1291 et
1647 1217 1747 1291 solus
1765 1216 1879 1292 iacie-

702 1340 765 1415 bat
782 1345 858 1413 tam
876 1346 1044 1411 sanctum
1062 1358 1167 1432 opus,
1185 1357 1251 1431 per
1267 1338 1365 1431 quod
1384 1337 1558 1412 invitabat
1575 1338 1740 1413 viventes
1757 1337 1879 1413 adbuc

702 1458 739 1533 in
770 1458 920 1552 mundo,
947 1463 988 1531 ut
1023 1458 1193 1551 exemplo
1226 1456 1284 1531 sui
1317 1457 1485 1533 venirent
1515 1457 1560 1531 ad
1595 1457 1875 1533 conversionem

702 1578 791 1653 dum
819 1585 964 1673 tempus
989 1576 1178 1652 baberent.
1205 1578 1285 1673 lpse
1314 1584 1439 1652 autem
1473 1577 1626 1653 audiens
1656 1598 1766 1654 voces
1792 1578 1880 1653 isto-

706 1718 803 1793 rum,
830 1718 915 1793 quae
939 1698 1120 1773 sonabant
1144 1697 1271 1773 laudes
1296 1698 1388 1790 eius,
1406 1697 1633 1794 gloriabatur
1654 1698 1784 1773 audire
1801 1718 1878 1793 eos,

705 1824 743 1895 et
767 1819 922 1894 libenter
946 1818 1119 1893 audiebat
1143 1818 1225 1911 dici,
1251 1818 1349 1910 quod
1380 1817 1456 1911 ipse
1486 1819 1586 1893 solus
1616 1826 1697 1893 erat
1722 1818 1778 1891 vir
1803 1818 1879 1893 siu-

705 1941 844 2038 gularis
868 1938 1105 2031 excellentiae,
1134 1944 1173 2013 et
1206 1938 1270 2033 qul
1309 1960 1380 2013 non
1407 1931 1610 2031 baberetl¹l
1640 1960 1780 2033 parem,
1814 1939 1879 2013 ubi

706 2061 862 2135 debebat
887 2060 1007 2155 potius
1031 2080 1118 2133 eum
1146 2060 1311 2153 apostolo
1335 2059 1477 2135 dicere:
1499 2060 1617 2155 gratia
1642 2060 1707 2134 Dei
1734 2080 1817 2134 sum
1843 2059 1879 2133 id

707 2180 805 2274 quod
832 2176 1144 2254 sum-rerem.
1173 2178 1238 2254 llic
1263 2185 1369 2273 poeta
1394 2179 1550 2253 ostendit
1575 2179 1732 2273 qualiter
1762 2179 1882 2275 Virgi-

707 2301 778 2375 lius
803 2300 1032 2396 perpendens
1057 2299 1155 2393 quod
1178 2300 1255 2394 ipse
1275 2300 1573 2374 lnllammabatur
1587 2291 1623 2392 ι’)
1644 2301 1745 2375 vanis
1763 2300 1882 2374 laudi-

707 2422 778 2497 bus
809 2421 910 2495 istius
941 2420 1182 2494 multitudinis
1207 2419 1395 2514 imperita,
1423 2419 1603 2515 increpuit
1629 2420 1744 2517 rigido
1769 2441 1877 2513 eum;

709 2542 808 2617 unde
832 2541 940 2615 dicit:
976 2544 1067 2617 disse
1083 2544 1109 2613 'l
1136 2548 1303 2630 muestro,
1334 2540 1480 2633 scilicet,
1505 2540 1687 2637 Virgilius,
1722 2541 1785 2636 qui
1816 2542 1883 2615 ba·

709 2662 819 2737 bebat
844 2660 1034 2757 corrigere
1058 2680 1206 2735 errores
1231 2680 1353 2735 meos:
1381 2657 1513 2734 Perelio*
1535 2663 1559 2734 t
1571 2664 1690 2734 animo
1711 2668 1768 2735 tuo
1786 2667 1883 2735 tuoto

709 2784 935 2873 s'impiptiu?
960 2779 1061 2872 idest,
1088 2778 1249 2875 implicat
1274 2800 1314 2855 se
1338 2778 1417 2853 aliis
1445 2780 1557 2855 rebus
1582 2782 1696 2874 vanis,
1721 2802 1807 2855 eum
1835 2801 1882 2855 an

713 2902 899 2998 proposito
932 2900 1056 2975 tendat
1093 2900 1141 2974 ad
1175 2900 1374 2993 virtulem3
1408 2900 1501 2994 ideo,
1532 2902 1592 2973 cte
1623 2903 1646 2974 t
1659 2902 1797 2973 andare
1826 2902 1882 2973 ol-

710 3025 804 3113 tenti,
830 3021 932 3114 idest,
959 3020 1141 3112 retardas3
1168 3026 1205 3095 et
1230 3020 1336 3095 dicit:
1362 3022 1423 3093 ote
1447 3023 1535 3114 tiso
1561 3012 1615 3093 oid
1644 3024 1704 3094 cta
1735 3023 1885 3112 qaino

707 3145 904 3235 ptsptpttat
928 3141 1030 3233 idest,
1056 3141 1145 3235 quid
1170 3141 1311 3215 conlert
1337 3140 1462 3215 virtuti
1495 3139 1530 3215 id
1564 3141 1661 3234 quod
1693 3142 1750 3215 isti
1775 3141 1823 3216 de
1846 3148 1884 3215 to

711 3264 915 3354 loquuntur
941 3259 1050 3335 tacito
1077 3264 1302 3335 murmure?
1328 3260 1431 3354 quasi
1456 3260 1572 3335 dicat:
1599 3260 1697 3355 nibil,
1724 3262 1798 3335 imo
1819 3280 1886 3355 po-

711 3384 783 3457 tius
807 3382 961 3477 derogat
986 3388 1023 3457 et
1050 3382 1203 3457 retrahit
1218 3372 1255 3473 (³)
1283 3388 1329 3454 te.
1356 3382 1400 3457 Et
1430 3382 1488 3457 bic
1519 3388 1605 3457 nota
1637 3382 1737 3477 quod
1766 3382 1886 3479 Virgi-

710 3504 781 3577 lius
800 3505 900 3599 juste
926 3503 1091 3597 increpat
1116 3504 1269 3577 Dantem
1290 3502 1360 3596 bic,
1378 3490 1493 3596 quil⁸l
1518 3501 1710 3577 videbatur
1735 3502 1885 3599 gloriari

710 3622 879 3698 laudibus
913 3623 1124 3720 vulgarium
1157 3624 1386 3720 ignarorum‚
1421 3623 1508 3717 quia
1545 3623 1601 3695 vir
1635 3624 1778 3718 sapiens
1812 3644 1886 3697 non

711 3745 821 3821 debet
846 3744 1132 3841 magnipendere
1158 3764 1295 3817 vanum
1317 3743 1498 3838 judicium
1530 3742 1655 3837 vulgi3
1682 3743 1763 3817 ideo
1792 3744 1886 3819 bene

711 3865 801 3940 dixit
826 3864 960 3939 Fabius
985 3865 1174 3957 Maximus,
1201 3864 1257 3937 vir
1284 3863 1582 3959 sapientissimus,
1599 3862 1714 3937 Paulo
1740 3862 1887 3938 AEmilio

713 3985 959 4061 nobilissimo:
984 3988 1140 4079 gloriam
1165 4006 1296 4058 onnam
1329 3986 1387 4076 qui
1418 3987 1603 4077 spreverit,
1629 4005 1750 4057 umam
1780 3986 1886 4057 bobo·

713 4108 773 4197 tit,
795 4112 837 4180 ut
852 4106 977 4181 scribit
1001 4105 1143 4179 Livius:
1162 4112 1200 4179 et
1219 4104 1446 4201 Augustinus
1461 4103 1508 4178 de
1526 4102 1679 4179 Ciuitate
1699 4103 1782 4179 Dei:
1811 4107 1887 4177 Vir-

714 4235 800 4301 tutes
815 4228 954 4300 ltubenti
969 4247 1101 4317 nrapnu
1119 4228 1229 4299 rdrtus
1246 4233 1297 4299 est
1311 4245 1477 4316 spernere
1492 4227 1656 4315 ptortam.
1675 4224 1777 4299 Unde
1796 4225 1887 4299 Per-

714 4348 790 4422 sius
820 4355 928 4443 poeta
958 4348 1147 4443 eleganter
1171 4345 1284 4420 dixit:
1316 4348 1411 4419 Scire
1440 4352 1533 4419 mum
1563 4348 1648 4419 nila't
1678 4354 1740 4437 est,
1765 4349 1889 4420 nistte

714 4472 805 4541 seire
828 4471 893 4541 lton
916 4470 1006 4541 sciat
1028 4469 1143 4559 altem
1174 4474 1212 4539 at
1232 4446 1393 4558 pulcrum
1419 4472 1470 4539 est
1492 4468 1600 4557 digito
1625 4470 1829 4561 monstrari,
1855 4474 1889 4543 et

714 4591 830 4664 dicere
853 4591 908 4663 lde
932 4597 991 4661 est.
1021 4587 1125 4676 Quod
1152 4586 1290 4661 dictum
1321 4608 1343 4661 a
1376 4587 1499 4661 multis
1527 4588 1623 4663 male
1653 4587 1885 4686 intelligitur:

715 4708 880 4802 loquitur
905 4708 1004 4783 onim
1030 4708 1177 4783 Persius
1209 4706 1359 4801 ironice,
1393 4705 1498 4801 quasi
1530 4706 1653 4783 dicere
1688 4709 1889 4785 volens:o

716 4821 879 4922 bomot¹⁵l
902 4830 1039 4922 valens,
1061 4835 1167 4924 putas
1193 4835 1233 4902 tu
1261 4834 1363 4903 tuam
1386 4827 1574 4903 scientiam
1597 4850 1678 4905 esse
1699 4830 1838 4907 nullam
1859 4833 1889 4907 si

780 5018 806 5082 (¹)
823 5018 853 5069 ll.
870 5018 990 5070 babebat.
1115 5014 1144 5079 (Ἴ
1161 5018 1191 5067 lt.
1208 5030 1223 5066 ο
1241 5020 1295 5075 117,
1312 5014 1459 5067 inflabatur.
1586 5016 1613 5080 Γ)
1631 5023 1685 5078 117,
1702 5018 1823 5070 dotrnblt.

780 5094 808 5156 (⁸)
824 5094 855 5145 B.
871 5094 939 5159 quia.
1117 5095 1144 5157 (¹)
1162 5094 1193 5144 Ε.
1209 5108 1227 5145 o
1242 5094 1330 5153 bomo,
1345 5098 1427 5157 putu.
