<?xml version="1.0" encoding="UTF-8"?>
<!DOCTYPE html PUBLIC "-//W3C//DTD XHTML 1.0 Transitional//EN"
    "http://www.w3.org/TR/xhtml1/DTD/xhtml1-transitional.dtd">
<html xmlns="http://www.w3.org/1999/xhtml" xml:lang="en" lang="en">
 <head>
  <title>
</title>
<meta http-equiv="Content-Type" content="text/html;charset=utf-8" />
  <meta name='ocr-system' content='tesseract 3.04.00' />
  <meta name='ocr-capabilities' content='ocr_page ocr_carea ocr_par ocr_line ocrx_word'/>
</head>
<body>
  <div class='ocr_page' id='page_1' title='image "./comentumsuperda01unkngoog_0409.png"; bbox 0 0 4542 6842; ppageno 0'>
   <div class='ocr_carea' id='block_1_1' title="bbox 753 953 1580 1022">
    <p class='ocr_par' dir='ltr' id='par_1_1' title="bbox 753 953 1580 1022">
     <span class='ocr_line' id='line_1_1' title="bbox 753 953 1580 1022; baseline 0 -2"><span class='ocrx_word' id='word_1_1' title='bbox 753 965 893 1020; x_wconf 67' lang='lat' dir='ltr'>cennos</span> <span class='ocrx_word' id='word_1_2' title='bbox 918 965 1076 1020; x_wconf 80' lang='lat' dir='ltr'>necinus</span> <span class='ocrx_word' id='word_1_3' title='bbox 1101 965 1263 1022; x_wconf 76' lang='lat' dir='ltr'>neamus.</span> <span class='ocrx_word' id='word_1_4' title='bbox 1510 953 1580 1022; x_wconf 83' lang='lat'>365</span> 
     </span>
    </p>
   </div>
   <div class='ocr_carea' id='block_1_2' title="bbox 363 1091 1584 3611">
    <p class='ocr_par' dir='ltr' id='par_1_2' title="bbox 363 1091 1584 3611">
     <span class='ocr_line' id='line_1_2' title="bbox 363 1091 1584 1208; baseline 0.001 -25"><span class='ocrx_word' id='word_1_5' title='bbox 363 1091 365 1098; x_wconf 65' lang='grc'><strong>’</strong></span> <span class='ocrx_word' id='word_1_6' title='bbox 407 1110 529 1183; x_wconf 74' lang='lat' dir='ltr'>odim</span> <span class='ocrx_word' id='word_1_7' title='bbox 553 1109 589 1182; x_wconf 83' lang='lat' dir='ltr'>d&#39;</span> <span class='ocrx_word' id='word_1_8' title='bbox 600 1129 673 1182; x_wconf 85' lang='lat' dir='ltr'>ano</span> <span class='ocrx_word' id='word_1_9' title='bbox 697 1129 785 1182; x_wconf 84' lang='lat' dir='ltr'>vera</span> <span class='ocrx_word' id='word_1_10' title='bbox 808 1099 903 1201; x_wconf 72' lang='lat' dir='ltr'>odoi,</span> <span class='ocrx_word' id='word_1_11' title='bbox 929 1111 1077 1204; x_wconf 84' lang='lat' dir='ltr'>scilicet,</span> <span class='ocrx_word' id='word_1_12' title='bbox 1095 1110 1300 1186; x_wconf 82' lang='lat' dir='ltr'><strong>Jerusalem</strong></span> <span class='ocrx_word' id='word_1_13' title='bbox 1317 1131 1506 1208; x_wconf 56' lang='lat' dir='ltr'>supernam</span> <span class='ocrx_word' id='word_1_14' title='bbox 1524 1132 1584 1184; x_wconf 88' lang='lat' dir='ltr'>mo</span> 
     </span>
     <span class='ocr_line' id='line_1_3' title="bbox 405 1228 1580 1326; baseline 0.002 -22"><span class='ocrx_word' id='word_1_15' title='bbox 405 1235 441 1304; x_wconf 82' lang='lat' dir='ltr'>lu</span> <span class='ocrx_word' id='word_1_16' title='bbox 465 1231 520 1303; x_wconf 88' lang='lat' dir='ltr'>vo’</span> <span class='ocrx_word' id='word_1_17' title='bbox 532 1231 623 1322; x_wconf 85' lang='lat' dir='ltr'>dire,</span> <span class='ocrx_word' id='word_1_18' title='bbox 647 1237 684 1304; x_wconf 90' lang='lat' dir='ltr'>et</span> <span class='ocrx_word' id='word_1_19' title='bbox 700 1228 843 1325; x_wconf 89' lang='lat' dir='ltr'>melius,</span> <span class='ocrx_word' id='word_1_20' title='bbox 861 1233 921 1304; x_wconf 81' lang='lat' dir='ltr'>cle</span> <span class='ocrx_word' id='word_1_21' title='bbox 946 1235 1075 1305; x_wconf 81' lang='lat' dir='ltr'><em>vivesse</em></span> <span class='ocrx_word' id='word_1_22' title='bbox 1085 1234 1280 1324; x_wconf 70' lang='lat' dir='ltr'>pereprim</span> <span class='ocrx_word' id='word_1_23' title='bbox 1295 1235 1333 1305; x_wconf 79' lang='lat' dir='ltr'>in</span> <span class='ocrx_word' id='word_1_24' title='bbox 1350 1235 1468 1320; x_wconf 83' lang='lat' dir='ltr'>ltalia,</span> <span class='ocrx_word' id='word_1_25' title='bbox 1493 1231 1580 1326; x_wconf 88' lang='lat' dir='ltr'>quia</span> 
     </span>
     <span class='ocr_line' id='line_1_4' title="bbox 404 1349 1581 1448; baseline 0.001 -23"><span class='ocrx_word' id='word_1_26' title='bbox 404 1369 534 1425; x_wconf 90' lang='lat' dir='ltr'>omnes</span> <span class='ocrx_word' id='word_1_27' title='bbox 559 1371 690 1424; x_wconf 90' lang='lat' dir='ltr'>sumus</span> <span class='ocrx_word' id='word_1_28' title='bbox 715 1349 874 1425; x_wconf 89' lang='lat' dir='ltr'>viatores</span> <span class='ocrx_word' id='word_1_29' title='bbox 899 1357 937 1425; x_wconf 86' lang='lat' dir='ltr'>et</span> <span class='ocrx_word' id='word_1_30' title='bbox 962 1350 1147 1448; x_wconf 81' lang='lat' dir='ltr'>peregrini</span> <span class='ocrx_word' id='word_1_31' title='bbox 1164 1351 1201 1424; x_wconf 92' lang='lat' dir='ltr'>in</span> <span class='ocrx_word' id='word_1_32' title='bbox 1221 1349 1372 1426; x_wconf 92' lang='lat' dir='ltr'>mundo.</span> <span class='ocrx_word' id='word_1_33' title='bbox 1390 1351 1472 1426; x_wconf 87' lang='lat' dir='ltr'>Vita</span> <span class='ocrx_word' id='word_1_34' title='bbox 1490 1372 1581 1448; x_wconf 81' lang='lat' dir='ltr'>ergo</span> 
     </span>
     <span class='ocr_line' id='line_1_5' title="bbox 404 1469 1582 1566; baseline 0.002 -23"><span class='ocrx_word' id='word_1_35' title='bbox 404 1471 565 1545; x_wconf 90' lang='lat' dir='ltr'>humana</span> <span class='ocrx_word' id='word_1_36' title='bbox 593 1475 647 1546; x_wconf 84' lang='lat' dir='ltr'>est</span> <span class='ocrx_word' id='word_1_37' title='bbox 673 1469 843 1566; x_wconf 85' lang='lat' dir='ltr'>quaedam</span> <span class='ocrx_word' id='word_1_38' title='bbox 870 1471 1116 1566; x_wconf 76' lang='lat' dir='ltr'>peregrinatio</span> <span class='ocrx_word' id='word_1_39' title='bbox 1134 1477 1171 1546; x_wconf 92' lang='lat' dir='ltr'>et</span> <span class='ocrx_word' id='word_1_40' title='bbox 1189 1471 1315 1546; x_wconf 92' lang='lat' dir='ltr'>militia</span> <span class='ocrx_word' id='word_1_41' title='bbox 1339 1473 1375 1545; x_wconf 94' lang='lat' dir='ltr'>in</span> <span class='ocrx_word' id='word_1_42' title='bbox 1404 1480 1515 1548; x_wconf 89' lang='lat' dir='ltr'>terra.</span> <span class='ocrx_word' id='word_1_43' title='bbox 1537 1472 1582 1545; x_wconf 86' lang='lat' dir='ltr'>Et</span> 
     </span>
     <span class='ocr_line' id='line_1_6' title="bbox 403 1585 1580 1689; baseline 0.004 -25"><span class='ocrx_word' id='word_1_44' title='bbox 403 1589 488 1666; x_wconf 89' lang='lat' dir='ltr'>dicit</span> <span class='ocrx_word' id='word_1_45' title='bbox 514 1588 612 1686; x_wconf 88' lang='lat' dir='ltr'>quod</span> <span class='ocrx_word' id='word_1_46' title='bbox 637 1591 705 1667; x_wconf 86' lang='lat' dir='ltr'>ista</span> <span class='ocrx_word' id='word_1_47' title='bbox 721 1585 757 1684; x_wconf 79' lang='lat'>(¹)</span> <span class='ocrx_word' id='word_1_48' title='bbox 784 1611 857 1665; x_wconf 87' lang='lat' dir='ltr'>vox</span> <span class='ocrx_word' id='word_1_49' title='bbox 883 1591 1053 1666; x_wconf 88' lang='lat' dir='ltr'>veniebat</span> <span class='ocrx_word' id='word_1_50' title='bbox 1070 1611 1202 1686; x_wconf 90' lang='lat' dir='ltr'>parom</span> <span class='ocrx_word' id='word_1_51' title='bbox 1227 1613 1250 1666; x_wconf 92' lang='lat' dir='ltr'>a</span> <span class='ocrx_word' id='word_1_52' title='bbox 1277 1593 1398 1689; x_wconf 79' lang='lat' dir='ltr'>longe,</span> <span class='ocrx_word' id='word_1_53' title='bbox 1415 1594 1498 1669; x_wconf 89' lang='lat' dir='ltr'>ideo</span> <span class='ocrx_word' id='word_1_54' title='bbox 1516 1615 1580 1668; x_wconf 90' lang='lat' dir='ltr'>ac·</span> 
     </span>
     <span class='ocr_line' id='line_1_7' title="bbox 404 1711 1580 1810; baseline 0.004 -26"><span class='ocrx_word' id='word_1_55' title='bbox 404 1711 511 1785; x_wconf 83' lang='lat' dir='ltr'><strong>cessit</strong></span> <span class='ocrx_word' id='word_1_56' title='bbox 537 1711 654 1810; x_wconf 82' lang='lat' dir='ltr'>magis</span> <span class='ocrx_word' id='word_1_57' title='bbox 678 1731 805 1807; x_wconf 84' lang='lat' dir='ltr'><strong>prope,</strong></span> <span class='ocrx_word' id='word_1_58' title='bbox 823 1718 865 1784; x_wconf 89' lang='lat' dir='ltr'>ut</span> <span class='ocrx_word' id='word_1_59' title='bbox 885 1718 1125 1808; x_wconf 81' lang='lat' dir='ltr'>cognosceret</span> <span class='ocrx_word' id='word_1_60' title='bbox 1142 1733 1165 1786; x_wconf 90' lang='lat' dir='ltr'>a</span> <span class='ocrx_word' id='word_1_61' title='bbox 1183 1733 1259 1805; x_wconf 86' lang='lat' dir='ltr'>quo</span> <span class='ocrx_word' id='word_1_62' title='bbox 1276 1715 1498 1807; x_wconf 83' lang='lat' dir='ltr'>proveniret.</span> <span class='ocrx_word' id='word_1_63' title='bbox 1517 1715 1580 1789; x_wconf 80' lang='lat' dir='ltr'>lli-</span> 
     </span>
     <span class='ocr_line' id='line_1_8' title="bbox 403 1829 1579 1928; baseline 0.001 -22"><span class='ocrx_word' id='word_1_64' title='bbox 403 1831 451 1906; x_wconf 85' lang='lat' dir='ltr'>cit</span> <span class='ocrx_word' id='word_1_65' title='bbox 475 1850 584 1928; x_wconf 82' lang='lat' dir='ltr'>ergo:</span> <span class='ocrx_word' id='word_1_66' title='bbox 610 1838 727 1924; x_wconf 74' lang='lat' dir='ltr'>comto</span> <span class='ocrx_word' id='word_1_67' title='bbox 752 1834 801 1904; x_wconf 81' lang='lat' dir='ltr'>ml</span> <span class='ocrx_word' id='word_1_68' title='bbox 821 1851 936 1924; x_wconf 88' lang='lat' dir='ltr'>poroe</span> <span class='ocrx_word' id='word_1_69' title='bbox 958 1853 1024 1923; x_wconf 85' lang='lat' dir='ltr'>per</span> <span class='ocrx_word' id='word_1_70' title='bbox 1047 1834 1201 1924; x_wconf 75' lang='lat' dir='ltr'>rtrposta</span> <span class='ocrx_word' id='word_1_71' title='bbox 1224 1835 1326 1906; x_wconf 77' lang='lat' dir='ltr'>adire</span> <span class='ocrx_word' id='word_1_72' title='bbox 1351 1829 1415 1926; x_wconf 77' lang='lat' dir='ltr'>ptri</span> <span class='ocrx_word' id='word_1_73' title='bbox 1431 1836 1579 1907; x_wconf 81' lang='lat' dir='ltr'>innanzi</span> 
     </span>
     <span class='ocr_line' id='line_1_9' title="bbox 403 1941 1580 2048; baseline 0.003 -23"><span class='ocrx_word' id='word_1_74' title='bbox 403 1953 570 2044; x_wconf 78' lang='lat' dir='ltr'><em>alquanto</em></span> <span class='ocrx_word' id='word_1_75' title='bbox 594 1953 655 2024; x_wconf 84' lang='lat' dir='ltr'>cle</span> <span class='ocrx_word' id='word_1_76' title='bbox 684 1941 721 2024; x_wconf 81' lang='lat' dir='ltr'>ld</span> <span class='ocrx_word' id='word_1_77' title='bbox 752 1953 880 2024; x_wconf 83' lang='lat' dir='ltr'>doo&#39;io</span> <span class='ocrx_word' id='word_1_78' title='bbox 904 1959 1031 2043; x_wconf 61' lang='lat' dir='ltr'>stann-</span> <span class='ocrx_word' id='word_1_79' title='bbox 1057 1953 1187 2025; x_wconf 82' lang='lat' dir='ltr'>ond&#39;io</span> <span class='ocrx_word' id='word_1_80' title='bbox 1216 1956 1265 2026; x_wconf 87' lang='lat' dir='ltr'>mi</span> <span class='ocrx_word' id='word_1_81' title='bbox 1290 1955 1359 2047; x_wconf 80' lang='lat' dir='ltr'>sect</span> <span class='ocrx_word' id='word_1_82' title='bbox 1382 1975 1495 2027; x_wconf 76' lang='lat' dir='ltr'>aecor</span> <span class='ocrx_word' id='word_1_83' title='bbox 1516 1949 1580 2048; x_wconf 79' lang='lat' dir='ltr'>pirl</span> 
     </span>
     <span class='ocr_line' id='line_1_10' title="bbox 403 2063 1575 2170; baseline 0.002 -25"><span class='ocrx_word' id='word_1_84' title='bbox 403 2063 439 2145; x_wconf 84' lang='lat' dir='ltr'>ld</span> <span class='ocrx_word' id='word_1_85' title='bbox 471 2073 609 2164; x_wconf 83' lang='lat' dir='ltr'>sentire,</span> <span class='ocrx_word' id='word_1_86' title='bbox 646 2069 768 2145; x_wconf 90' lang='lat' dir='ltr'>eundo</span> <span class='ocrx_word' id='word_1_87' title='bbox 803 2077 840 2144; x_wconf 92' lang='lat' dir='ltr'>et</span> <span class='ocrx_word' id='word_1_88' title='bbox 871 2071 1056 2164; x_wconf 87' lang='lat' dir='ltr'>loquendo</span> <span class='ocrx_word' id='word_1_89' title='bbox 1088 2071 1184 2146; x_wconf 89' lang='lat' dir='ltr'>intra</span> <span class='ocrx_word' id='word_1_90' title='bbox 1218 2073 1366 2146; x_wconf 87' lang='lat' dir='ltr'>turbam</span> <span class='ocrx_word' id='word_1_91' title='bbox 1401 2095 1575 2170; x_wconf 86' lang='lat' dir='ltr'>magnam</span> 
     </span>
     <span class='ocr_line' id='line_1_11' title="bbox 402 2190 1572 2288; baseline 0.003 -24"><span class='ocrx_word' id='word_1_92' title='bbox 402 2211 486 2286; x_wconf 71' lang='lat' dir='ltr'>quae</span> <span class='ocrx_word' id='word_1_93' title='bbox 511 2190 560 2264; x_wconf 91' lang='lat' dir='ltr'>ibi</span> <span class='ocrx_word' id='word_1_94' title='bbox 585 2196 665 2265; x_wconf 87' lang='lat' dir='ltr'>erat</span> <span class='ocrx_word' id='word_1_95' title='bbox 694 2211 766 2264; x_wconf 93' lang='lat' dir='ltr'>non</span> <span class='ocrx_word' id='word_1_96' title='bbox 798 2190 941 2286; x_wconf 90' lang='lat' dir='ltr'>videns;</span> <span class='ocrx_word' id='word_1_97' title='bbox 972 2199 1009 2266; x_wconf 90' lang='lat' dir='ltr'>et</span> <span class='ocrx_word' id='word_1_98' title='bbox 1039 2193 1090 2266; x_wconf 93' lang='lat' dir='ltr'>sic</span> <span class='ocrx_word' id='word_1_99' title='bbox 1120 2193 1258 2267; x_wconf 91' lang='lat' dir='ltr'>invenit</span> <span class='ocrx_word' id='word_1_100' title='bbox 1286 2193 1384 2288; x_wconf 87' lang='lat' dir='ltr'>quod</span> <span class='ocrx_word' id='word_1_101' title='bbox 1415 2195 1572 2288; x_wconf 89' lang='lat' dir='ltr'>petebat.</span> 
     </span>
     <span class='ocr_line' id='line_1_12' title="bbox 400 2309 1576 2406; baseline 0.001 -18"><span class='ocrx_word' id='word_1_102' title='bbox 400 2311 503 2388; x_wconf 84' lang='lat' dir='ltr'>Unde</span> <span class='ocrx_word' id='word_1_103' title='bbox 539 2309 641 2385; x_wconf 89' lang='lat' dir='ltr'>dicit:</span> <span class='ocrx_word' id='word_1_104' title='bbox 674 2317 732 2384; x_wconf 87' lang='lat' dir='ltr'>tro</span> <span class='ocrx_word' id='word_1_105' title='bbox 763 2313 889 2385; x_wconf 69' lang='lat' dir='ltr'>lotoe</span> <span class='ocrx_word' id='word_1_106' title='bbox 925 2314 998 2386; x_wconf 84' lang='lat' dir='ltr'>cidi</span> <span class='ocrx_word' id='word_1_107' title='bbox 1025 2317 1083 2386; x_wconf 84' lang='lat' dir='ltr'>nn’</span> <span class='ocrx_word' id='word_1_108' title='bbox 1097 2314 1224 2387; x_wconf 83' lang='lat' dir='ltr'>omlro</span> <span class='ocrx_word' id='word_1_109' title='bbox 1260 2315 1312 2387; x_wconf 84' lang='lat' dir='ltr'>cl&#39;</span> <span class='ocrx_word' id='word_1_110' title='bbox 1325 2322 1505 2406; x_wconf 68' lang='grc' dir='ltr'>ωροῑταυα</span> <span class='ocrx_word' id='word_1_111' title='bbox 1537 2319 1576 2388; x_wconf 86' lang='lat' dir='ltr'>in.</span> 
     </span>
     <span class='ocr_line' id='line_1_13' title="bbox 401 2432 1575 2530; baseline 0.002 -22"><span class='ocrx_word' id='word_1_112' title='bbox 401 2437 504 2525; x_wconf 66' lang='lat' dir='ltr'>oola,</span> <span class='ocrx_word' id='word_1_113' title='bbox 530 2432 676 2525; x_wconf 87' lang='lat' dir='ltr'>scilicet,</span> <span class='ocrx_word' id='word_1_114' title='bbox 694 2432 793 2526; x_wconf 90' lang='lat' dir='ltr'>quod</span> <span class='ocrx_word' id='word_1_115' title='bbox 819 2453 889 2528; x_wconf 82' lang='lat' dir='ltr'>ego</span> <span class='ocrx_word' id='word_1_116' title='bbox 908 2434 1123 2528; x_wconf 81' lang='lat' dir='ltr'>replicarem</span> <span class='ocrx_word' id='word_1_117' title='bbox 1142 2435 1290 2529; x_wconf 84' lang='lat' dir='ltr'>aliquid,</span> <span class='ocrx_word' id='word_1_118' title='bbox 1311 2435 1396 2530; x_wconf 87' lang='lat' dir='ltr'>quia</span> <span class='ocrx_word' id='word_1_119' title='bbox 1415 2436 1492 2530; x_wconf 90' lang='lat' dir='ltr'>ipsa</span> <span class='ocrx_word' id='word_1_120' title='bbox 1512 2455 1575 2510; x_wconf 89' lang='lat' dir='ltr'>so·</span> 
     </span>
     <span class='ocr_line' id='line_1_14' title="bbox 400 2549 1576 2650; baseline 0.002 -21"><span class='ocrx_word' id='word_1_121' title='bbox 400 2556 478 2629; x_wconf 88' lang='lat' dir='ltr'>lum</span> <span class='ocrx_word' id='word_1_122' title='bbox 505 2558 719 2628; x_wconf 81' lang='lat' dir='ltr'>correxerat</span> <span class='ocrx_word' id='word_1_123' title='bbox 743 2549 882 2627; x_wconf 90' lang='lat' dir='ltr'>dictum</span> <span class='ocrx_word' id='word_1_124' title='bbox 909 2574 1048 2648; x_wconf 86' lang='lat' dir='ltr'>meum,</span> <span class='ocrx_word' id='word_1_125' title='bbox 1074 2560 1112 2628; x_wconf 93' lang='lat' dir='ltr'>et</span> <span class='ocrx_word' id='word_1_126' title='bbox 1141 2555 1228 2627; x_wconf 90' lang='lat' dir='ltr'>nihil</span> <span class='ocrx_word' id='word_1_127' title='bbox 1260 2556 1498 2650; x_wconf 88' lang='lat' dir='ltr'>responderat</span> <span class='ocrx_word' id='word_1_128' title='bbox 1529 2555 1576 2630; x_wconf 92' lang='lat' dir='ltr'>ad</span> 
     </span>
     <span class='ocr_line' id='line_1_15' title="bbox 401 2671 1574 2771; baseline 0.001 -24"><span class='ocrx_word' id='word_1_129' title='bbox 401 2672 628 2770; x_wconf 90' lang='lat' dir='ltr'>propositum</span> <span class='ocrx_word' id='word_1_130' title='bbox 656 2671 872 2766; x_wconf 78' lang='lat' dir='ltr'>quaesitum:</span> <span class='ocrx_word' id='word_1_131' title='bbox 892 2679 928 2747; x_wconf 85' lang='lat' dir='ltr'>et</span> <span class='ocrx_word' id='word_1_132' title='bbox 947 2673 1143 2768; x_wconf 88' lang='lat' dir='ltr'>respondet</span> <span class='ocrx_word' id='word_1_133' title='bbox 1162 2673 1352 2767; x_wconf 78' lang='lat' dir='ltr'>quaestioni</span> <span class='ocrx_word' id='word_1_134' title='bbox 1371 2675 1501 2771; x_wconf 72' lang='lat' dir='ltr'>tacite,</span> <span class='ocrx_word' id='word_1_135' title='bbox 1518 2674 1574 2749; x_wconf 92' lang='lat' dir='ltr'>di-</span> 
     </span>
     <span class='ocr_line' id='line_1_16' title="bbox 400 2793 1576 2889; baseline 0 -20"><span class='ocrx_word' id='word_1_136' title='bbox 400 2814 504 2869; x_wconf 90' lang='lat' dir='ltr'>cens:</span> <span class='ocrx_word' id='word_1_137' title='bbox 531 2815 550 2866; x_wconf 88' lang='lat' dir='ltr'>e</span> <span class='ocrx_word' id='word_1_138' title='bbox 573 2815 610 2866; x_wconf 82' lang='lat' dir='ltr'>so</span> <span class='ocrx_word' id='word_1_139' title='bbox 634 2795 737 2866; x_wconf 81' lang='lat' dir='ltr'>oleon</span> <span class='ocrx_word' id='word_1_140' title='bbox 762 2794 892 2865; x_wconf 79' lang='lat' dir='ltr'>volasse</span> <span class='ocrx_word' id='word_1_141' title='bbox 915 2793 987 2884; x_wconf 84' lang='lat' dir='ltr'>dir,</span> <span class='ocrx_word' id='word_1_142' title='bbox 1012 2799 1136 2866; x_wconf 82' lang='lat' dir='ltr'>come?</span> <span class='ocrx_word' id='word_1_143' title='bbox 1161 2793 1262 2888; x_wconf 83' lang='lat' dir='ltr'>idest,</span> <span class='ocrx_word' id='word_1_144' title='bbox 1290 2795 1476 2889; x_wconf 87' lang='lat' dir='ltr'>quomodo</span> <span class='ocrx_word' id='word_1_145' title='bbox 1506 2795 1576 2870; x_wconf 89' lang='lat' dir='ltr'>scis</span> 
     </span>
     <span class='ocr_line' id='line_1_17' title="bbox 402 2911 1576 3010; baseline -0.001 -21"><span class='ocrx_word' id='word_1_146' title='bbox 402 2922 443 2989; x_wconf 91' lang='lat' dir='ltr'>tu</span> <span class='ocrx_word' id='word_1_147' title='bbox 470 2914 568 3009; x_wconf 85' lang='lat' dir='ltr'>quod</span> <span class='ocrx_word' id='word_1_148' title='bbox 594 2912 652 2986; x_wconf 93' lang='lat' dir='ltr'>illa</span> <span class='ocrx_word' id='word_1_149' title='bbox 678 2911 873 3008; x_wconf 91' lang='lat' dir='ltr'>plusquam</span> <span class='ocrx_word' id='word_1_150' title='bbox 893 2921 1036 2988; x_wconf 86' lang='lat' dir='ltr'>caeterae</span> <span class='ocrx_word' id='word_1_151' title='bbox 1063 2920 1301 3009; x_wconf 74' lang='lat' dir='ltr'>expectaret?</span> <span class='ocrx_word' id='word_1_152' title='bbox 1326 2911 1412 2990; x_wconf 84' lang='lat' dir='ltr'>dicit</span> <span class='ocrx_word' id='word_1_153' title='bbox 1436 2936 1503 3010; x_wconf 89' lang='lat' dir='ltr'>per</span> <span class='ocrx_word' id='word_1_154' title='bbox 1527 2915 1576 2988; x_wconf 91' lang='lat' dir='ltr'>si-</span> 
     </span>
     <span class='ocr_line' id='line_1_18' title="bbox 399 3033 1575 3134; baseline -0.001 -24"><span class='ocrx_word' id='word_1_155' title='bbox 399 3057 527 3134; x_wconf 85' lang='lat' dir='ltr'>gnum,</span> <span class='ocrx_word' id='word_1_156' title='bbox 554 3033 641 3128; x_wconf 88' lang='lat' dir='ltr'>quia</span> <span class='ocrx_word' id='word_1_157' title='bbox 666 3033 754 3128; x_wconf 91' lang='lat' dir='ltr'>ipsa,</span> <span class='ocrx_word' id='word_1_158' title='bbox 783 3035 907 3106; x_wconf 84' lang='lat' dir='ltr'>leoooo</span> <span class='ocrx_word' id='word_1_159' title='bbox 931 3035 959 3106; x_wconf 86' lang='lat' dir='ltr'>il</span> <span class='ocrx_word' id='word_1_160' title='bbox 982 3041 1094 3106; x_wconf 83' lang='lat' dir='ltr'>mento</span> <span class='ocrx_word' id='word_1_161' title='bbox 1118 3037 1156 3107; x_wconf 82' lang='lat' dir='ltr'>in</span> <span class='ocrx_word' id='word_1_162' title='bbox 1181 3056 1221 3108; x_wconf 82' lang='lat' dir='ltr'>so</span> <span class='ocrx_word' id='word_1_163' title='bbox 1247 3056 1272 3108; x_wconf 86' lang='lat' dir='ltr'>o</span> <span class='ocrx_word' id='word_1_164' title='bbox 1296 3039 1399 3128; x_wconf 79' lang='lat' dir='ltr'>palso</span> <span class='ocrx_word' id='word_1_165' title='bbox 1424 3035 1575 3128; x_wconf 78' lang='lat' dir='ltr'>d&#39;ord05</span> 
     </span>
     <span class='ocr_line' id='line_1_19' title="bbox 399 3151 1573 3250; baseline -0.002 -19"><span class='ocrx_word' id='word_1_166' title='bbox 399 3156 481 3232; x_wconf 92' lang='lat' dir='ltr'>ideo</span> <span class='ocrx_word' id='word_1_167' title='bbox 507 3153 608 3250; x_wconf 90' lang='lat' dir='ltr'>ponit</span> <span class='ocrx_word' id='word_1_168' title='bbox 633 3173 738 3227; x_wconf 91' lang='lat' dir='ltr'>suam</span> <span class='ocrx_word' id='word_1_169' title='bbox 765 3151 976 3249; x_wconf 86' lang='lat' dir='ltr'>petitionem</span> <span class='ocrx_word' id='word_1_170' title='bbox 1004 3155 1199 3248; x_wconf 88' lang='lat' dir='ltr'>specialem</span> <span class='ocrx_word' id='word_1_171' title='bbox 1224 3156 1271 3230; x_wconf 91' lang='lat' dir='ltr'>ad</span> <span class='ocrx_word' id='word_1_172' title='bbox 1301 3177 1401 3248; x_wconf 89' lang='lat' dir='ltr'>eum,</span> <span class='ocrx_word' id='word_1_173' title='bbox 1428 3155 1573 3231; x_wconf 89' lang='lat' dir='ltr'>dicens:</span> 
     </span>
     <span class='ocr_line' id='line_1_20' title="bbox 398 3273 1575 3371; baseline -0.003 -20"><span class='ocrx_word' id='word_1_174' title='bbox 398 3279 481 3351; x_wconf 84' lang='lat' dir='ltr'>diss’</span> <span class='ocrx_word' id='word_1_175' title='bbox 493 3279 548 3348; x_wconf 85' lang='lat' dir='ltr'>io:</span> <span class='ocrx_word' id='word_1_176' title='bbox 572 3294 595 3345; x_wconf 93' lang='lat' dir='ltr'>o</span> <span class='ocrx_word' id='word_1_177' title='bbox 619 3275 730 3365; x_wconf 81' lang='lat' dir='ltr'>spirto</span> <span class='ocrx_word' id='word_1_178' title='bbox 754 3273 814 3345; x_wconf 82' lang='lat' dir='ltr'>elo</span> <span class='ocrx_word' id='word_1_179' title='bbox 838 3275 865 3346; x_wconf 85' lang='lat' dir='ltr'>a·</span> <span class='ocrx_word' id='word_1_180' title='bbox 887 3273 989 3346; x_wconf 87' lang='lat' dir='ltr'>dome</span> <span class='ocrx_word' id='word_1_181' title='bbox 1016 3295 1082 3364; x_wconf 83' lang='lat' dir='ltr'>per</span> <span class='ocrx_word' id='word_1_182' title='bbox 1107 3277 1209 3366; x_wconf 63' lang='lat' dir='ltr'>sold,</span> <span class='ocrx_word' id='word_1_183' title='bbox 1236 3275 1338 3370; x_wconf 87' lang='lat' dir='ltr'>idest,</span> <span class='ocrx_word' id='word_1_184' title='bbox 1365 3276 1428 3370; x_wconf 90' lang='lat' dir='ltr'>qui</span> <span class='ocrx_word' id='word_1_185' title='bbox 1454 3275 1575 3371; x_wconf 88' lang='lat' dir='ltr'>poeni-</span> 
     </span>
     <span class='ocr_line' id='line_1_21' title="bbox 399 3390 1570 3489; baseline -0.003 -18"><span class='ocrx_word' id='word_1_186' title='bbox 399 3395 549 3471; x_wconf 89' lang='lat' dir='ltr'>tentiam</span> <span class='ocrx_word' id='word_1_187' title='bbox 582 3392 660 3489; x_wconf 83' lang='lat' dir='ltr'>agis</span> <span class='ocrx_word' id='word_1_188' title='bbox 691 3399 731 3465; x_wconf 92' lang='lat' dir='ltr'>ut</span> <span class='ocrx_word' id='word_1_189' title='bbox 759 3390 935 3466; x_wconf 90' lang='lat' dir='ltr'>ascendas</span> <span class='ocrx_word' id='word_1_190' title='bbox 966 3391 1102 3466; x_wconf 88' lang='lat' dir='ltr'>coelum</span> <span class='ocrx_word' id='word_1_191' title='bbox 1138 3393 1183 3468; x_wconf 90' lang='lat' dir='ltr'>ad</span> <span class='ocrx_word' id='word_1_192' title='bbox 1214 3393 1412 3469; x_wconf 85' lang='lat' dir='ltr'>videndum</span> <span class='ocrx_word' id='word_1_193' title='bbox 1438 3395 1570 3488; x_wconf 85' lang='lat' dir='ltr'>Deum,</span> 
     </span>
     <span class='ocr_line' id='line_1_22' title="bbox 398 3511 1573 3611; baseline -0.002 -21"><span class='ocrx_word' id='word_1_194' title='bbox 398 3536 510 3611; x_wconf 89' lang='lat' dir='ltr'>quem</span> <span class='ocrx_word' id='word_1_195' title='bbox 538 3513 597 3588; x_wconf 89' lang='lat' dir='ltr'>hic</span> <span class='ocrx_word' id='word_1_196' title='bbox 623 3511 749 3587; x_wconf 84' lang='lat' dir='ltr'>videre</span> <span class='ocrx_word' id='word_1_197' title='bbox 774 3532 846 3586; x_wconf 90' lang='lat' dir='ltr'>non</span> <span class='ocrx_word' id='word_1_198' title='bbox 872 3518 992 3606; x_wconf 83' lang='lat' dir='ltr'>potcs3</span> <span class='ocrx_word' id='word_1_199' title='bbox 1020 3519 1056 3587; x_wconf 92' lang='lat' dir='ltr'>et</span> <span class='ocrx_word' id='word_1_200' title='bbox 1082 3513 1133 3588; x_wconf 91' lang='lat' dir='ltr'>sic</span> <span class='ocrx_word' id='word_1_201' title='bbox 1151 3513 1284 3588; x_wconf 89' lang='lat' dir='ltr'>iterum</span> <span class='ocrx_word' id='word_1_202' title='bbox 1304 3514 1468 3611; x_wconf 86' lang='lat' dir='ltr'>loquitor</span> <span class='ocrx_word' id='word_1_203' title='bbox 1484 3514 1573 3588; x_wconf 88' lang='lat' dir='ltr'>bre-</span> 
     </span>
    </p>
   </div>
   <div class='ocr_carea' id='block_1_3' title="bbox 398 3631 1697 3730">
    <p class='ocr_par' dir='ltr' id='par_1_3' title="bbox 398 3631 1697 3730">
     <span class='ocr_line' id='line_1_23' title="bbox 398 3631 1697 3730; baseline -0.002 -19"><span class='ocrx_word' id='word_1_204' title='bbox 398 3636 492 3712; x_wconf 90' lang='lat' dir='ltr'>viter</span> <span class='ocrx_word' id='word_1_205' title='bbox 517 3641 555 3710; x_wconf 91' lang='lat' dir='ltr'>et</span> <span class='ocrx_word' id='word_1_206' title='bbox 584 3632 769 3709; x_wconf 86' lang='lat' dir='ltr'>succincte</span> <span class='ocrx_word' id='word_1_207' title='bbox 797 3637 947 3727; x_wconf 88' lang='lat' dir='ltr'>captans</span> <span class='ocrx_word' id='word_1_208' title='bbox 973 3631 1284 3728; x_wconf 81' lang='lat' dir='ltr'>benevolentiam,</span> <span class='ocrx_word' id='word_1_209' title='bbox 1309 3641 1347 3708; x_wconf 89' lang='lat' dir='ltr'>et</span> <span class='ocrx_word' id='word_1_210' title='bbox 1378 3634 1467 3730; x_wconf 90' lang='lat' dir='ltr'>petit</span> <span class='ocrx_word' id='word_1_211' title='bbox 1499 3654 1573 3709; x_wconf 94' lang='lat' dir='ltr'>non</span> <span class='ocrx_word' id='word_1_212' title='bbox 1692 3713 1697 3726; x_wconf 70' lang='grc'><strong>,</strong></span> 
     </span>
    </p>
   </div>
   <div class='ocr_carea' id='block_1_4' title="bbox 394 3753 1572 4934">
    <p class='ocr_par' dir='ltr' id='par_1_4' title="bbox 394 3753 1572 4934">
     <span class='ocr_line' id='line_1_24' title="bbox 397 3753 1567 3849; baseline -0.003 -19"><span class='ocrx_word' id='word_1_213' title='bbox 397 3757 520 3831; x_wconf 90' lang='lat' dir='ltr'>minus</span> <span class='ocrx_word' id='word_1_214' title='bbox 545 3753 727 3829; x_wconf 89' lang='lat' dir='ltr'>breviter:</span> <span class='ocrx_word' id='word_1_215' title='bbox 742 3755 895 3848; x_wconf 80' lang='lat' dir='ltr'>[omrniti</span> <span class='ocrx_word' id='word_1_216' title='bbox 910 3761 1025 3844; x_wconf 83' lang='lat' dir='ltr'>conto,</span> <span class='ocrx_word' id='word_1_217' title='bbox 1043 3753 1146 3849; x_wconf 84' lang='lat' dir='ltr'>idest,</span> <span class='ocrx_word' id='word_1_218' title='bbox 1168 3753 1224 3828; x_wconf 89' lang='lat' dir='ltr'>iac</span> <span class='ocrx_word' id='word_1_219' title='bbox 1250 3753 1337 3826; x_wconf 83' lang='lat' dir='ltr'>milri</span> <span class='ocrx_word' id='word_1_220' title='bbox 1363 3758 1401 3827; x_wconf 89' lang='lat' dir='ltr'>te</span> <span class='ocrx_word' id='word_1_221' title='bbox 1425 3759 1567 3846; x_wconf 91' lang='lat' dir='ltr'>notum,</span> 
     </span>
     <span class='ocr_line' id='line_1_25' title="bbox 396 3866 1572 3970; baseline -0.004 -19"><span class='ocrx_word' id='word_1_222' title='bbox 396 3898 507 3970; x_wconf 81' lang='lat' dir='ltr'>oper</span> <span class='ocrx_word' id='word_1_223' title='bbox 532 3879 621 3967; x_wconf 89' lang='lat' dir='ltr'>loco,</span> <span class='ocrx_word' id='word_1_224' title='bbox 647 3872 797 3970; x_wconf 82' lang='lat' dir='ltr'>originis</span> <span class='ocrx_word' id='word_1_225' title='bbox 823 3881 908 3968; x_wconf 69' lang='lat' dir='ltr'>tuae,</span> <span class='ocrx_word' id='word_1_226' title='bbox 935 3894 957 3945; x_wconf 93' lang='lat' dir='ltr'>o</span> <span class='ocrx_word' id='word_1_227' title='bbox 979 3895 1046 3965; x_wconf 80' lang='lat' dir='ltr'>per</span> <span class='ocrx_word' id='word_1_228' title='bbox 1070 3895 1184 3966; x_wconf 82' lang='lat' dir='ltr'>nome,</span> <span class='ocrx_word' id='word_1_229' title='bbox 1207 3866 1335 3967; x_wconf 81' lang='lat' dir='ltr'>quo(²)</span> <span class='ocrx_word' id='word_1_230' title='bbox 1360 3873 1513 3967; x_wconf 86' lang='lat' dir='ltr'>voceris,</span> <span class='ocrx_word' id='word_1_231' title='bbox 1533 3895 1572 3946; x_wconf 84' lang='lat' dir='ltr'>se</span> 
     </span>
     <span class='ocr_line' id='line_1_26' title="bbox 397 3993 1570 4088; baseline -0.004 -17"><span class='ocrx_word' id='word_1_232' title='bbox 397 4005 433 4072; x_wconf 83' lang='lat' dir='ltr'>tu</span> <span class='ocrx_word' id='word_1_233' title='bbox 456 3999 503 4070; x_wconf 84' lang='lat' dir='ltr'>se’</span> <span class='ocrx_word' id='word_1_234' title='bbox 523 3997 635 4088; x_wconf 82' lang='lat' dir='ltr'>puello</span> <span class='ocrx_word' id='word_1_235' title='bbox 665 3996 725 4067; x_wconf 83' lang='lat' dir='ltr'>ote</span> <span class='ocrx_word' id='word_1_236' title='bbox 753 3997 802 4066; x_wconf 85' lang='lat' dir='ltr'>mi</span> <span class='ocrx_word' id='word_1_237' title='bbox 826 3996 1047 4086; x_wconf 64' lang='lat' dir='ltr'>respondent,</span> <span class='ocrx_word' id='word_1_238' title='bbox 1074 3995 1161 4088; x_wconf 88' lang='lat' dir='ltr'>quia</span> <span class='ocrx_word' id='word_1_239' title='bbox 1195 3995 1379 4069; x_wconf 87' lang='lat' dir='ltr'>nesciebat</span> <span class='ocrx_word' id='word_1_240' title='bbox 1405 3995 1475 4068; x_wconf 88' lang='lat' dir='ltr'>hoo</span> <span class='ocrx_word' id='word_1_241' title='bbox 1500 3993 1570 4067; x_wconf 91' lang='lat' dir='ltr'>nisi</span> 
     </span>
     <span class='ocr_line' id='line_1_27' title="bbox 396 4113 1570 4216; baseline -0.004 -23"><span class='ocrx_word' id='word_1_242' title='bbox 396 4139 463 4216; x_wconf 92' lang='lat' dir='ltr'>per</span> <span class='ocrx_word' id='word_1_243' title='bbox 488 4117 633 4214; x_wconf 84' lang='lat' dir='ltr'>signum</span> <span class='ocrx_word' id='word_1_244' title='bbox 660 4115 885 4210; x_wconf 71' lang='lat' dir='ltr'>praedictum.</span> <span class='ocrx_word' id='word_1_245' title='bbox 899 4119 1014 4186; x_wconf 82' lang='grc' dir='ltr'><em>-Ιο,</em></span> <span class='ocrx_word' id='word_1_246' title='bbox 1034 4114 1098 4187; x_wconf 90' lang='lat' dir='ltr'>llic</span> <span class='ocrx_word' id='word_1_247' title='bbox 1115 4120 1221 4209; x_wconf 87' lang='lat' dir='ltr'>poeta</span> <span class='ocrx_word' id='word_1_248' title='bbox 1240 4115 1341 4209; x_wconf 91' lang='lat' dir='ltr'>ponit</span> <span class='ocrx_word' id='word_1_249' title='bbox 1363 4113 1570 4209; x_wconf 86' lang='lat' dir='ltr'>responsio·</span> 
     </span>
     <span class='ocr_line' id='line_1_28' title="bbox 397 4234 1570 4331; baseline -0.004 -17"><span class='ocrx_word' id='word_1_250' title='bbox 397 4261 482 4314; x_wconf 90' lang='lat' dir='ltr'>nem</span> <span class='ocrx_word' id='word_1_251' title='bbox 512 4237 608 4312; x_wconf 91' lang='lat' dir='ltr'>illius</span> <span class='ocrx_word' id='word_1_252' title='bbox 640 4236 788 4331; x_wconf 88' lang='lat' dir='ltr'>spiritus</span> <span class='ocrx_word' id='word_1_253' title='bbox 812 4235 858 4309; x_wconf 93' lang='lat' dir='ltr'>ad</span> <span class='ocrx_word' id='word_1_254' title='bbox 884 4255 937 4329; x_wconf 83' lang='lat' dir='ltr'>se,</span> <span class='ocrx_word' id='word_1_255' title='bbox 963 4235 1026 4330; x_wconf 87' lang='lat' dir='ltr'>qui</span> <span class='ocrx_word' id='word_1_256' title='bbox 1054 4234 1247 4329; x_wconf 89' lang='lat' dir='ltr'>respondet</span> <span class='ocrx_word' id='word_1_257' title='bbox 1276 4235 1322 4310; x_wconf 93' lang='lat' dir='ltr'>de</span> <span class='ocrx_word' id='word_1_258' title='bbox 1352 4235 1431 4310; x_wconf 92' lang='lat' dir='ltr'>loco</span> <span class='ocrx_word' id='word_1_259' title='bbox 1457 4243 1495 4310; x_wconf 92' lang='lat' dir='ltr'>et</span> <span class='ocrx_word' id='word_1_260' title='bbox 1522 4234 1570 4309; x_wconf 87' lang='lat' dir='ltr'>de</span> 
     </span>
     <span class='ocr_line' id='line_1_29' title="bbox 396 4355 1569 4452; baseline -0.003 -19"><span class='ocrx_word' id='word_1_261' title='bbox 396 4358 555 4452; x_wconf 89' lang='lat' dir='ltr'>nomine,</span> <span class='ocrx_word' id='word_1_262' title='bbox 581 4356 786 4451; x_wconf 88' lang='lat' dir='ltr'>dequibus</span> <span class='ocrx_word' id='word_1_263' title='bbox 812 4355 930 4430; x_wconf 87' lang='lat' dir='ltr'>iuerat</span> <span class='ocrx_word' id='word_1_264' title='bbox 956 4355 1215 4450; x_wconf 84' lang='lat' dir='ltr'>interrogatus,</span> <span class='ocrx_word' id='word_1_265' title='bbox 1242 4362 1280 4430; x_wconf 92' lang='lat' dir='ltr'>et</span> <span class='ocrx_word' id='word_1_266' title='bbox 1304 4357 1401 4430; x_wconf 90' lang='lat' dir='ltr'>ultra</span> <span class='ocrx_word' id='word_1_267' title='bbox 1427 4357 1497 4431; x_wconf 83' lang='lat' dir='ltr'>lroc</span> <span class='ocrx_word' id='word_1_268' title='bbox 1523 4355 1569 4429; x_wconf 91' lang='lat' dir='ltr'>de</span> 
     </span>
     <span class='ocr_line' id='line_1_30' title="bbox 394 4474 1565 4574; baseline -0.003 -22"><span class='ocrx_word' id='word_1_269' title='bbox 394 4480 502 4574; x_wconf 89' lang='lat' dir='ltr'>culpa</span> <span class='ocrx_word' id='word_1_270' title='bbox 534 4498 607 4571; x_wconf 84' lang='lat' dir='ltr'>qua</span> <span class='ocrx_word' id='word_1_271' title='bbox 640 4476 698 4551; x_wconf 85' lang='lat' dir='ltr'>lric</span> <span class='ocrx_word' id='word_1_272' title='bbox 723 4481 913 4571; x_wconf 83' lang='lat' dir='ltr'>purgatur.</span> <span class='ocrx_word' id='word_1_273' title='bbox 941 4474 985 4548; x_wconf 85' lang='lat' dir='ltr'>Et</span> <span class='ocrx_word' id='word_1_274' title='bbox 1015 4474 1073 4548; x_wconf 90' lang='lat' dir='ltr'>hic</span> <span class='ocrx_word' id='word_1_275' title='bbox 1100 4475 1254 4551; x_wconf 86' lang='lat' dir='ltr'>adverte</span> <span class='ocrx_word' id='word_1_276' title='bbox 1279 4475 1433 4570; x_wconf 90' lang='lat' dir='ltr'>quodsi</span> <span class='ocrx_word' id='word_1_277' title='bbox 1459 4481 1565 4572; x_wconf 85' lang='lat' dir='ltr'>poeta</span> 
     </span>
     <span class='ocr_line' id='line_1_31' title="bbox 395 4592 1562 4692; baseline -0.003 -20"><span class='ocrx_word' id='word_1_278' title='bbox 395 4603 519 4673; x_wconf 89' lang='lat' dir='ltr'>noster</span> <span class='ocrx_word' id='word_1_279' title='bbox 545 4595 700 4692; x_wconf 86' lang='lat' dir='ltr'>petendo</span> <span class='ocrx_word' id='word_1_280' title='bbox 731 4592 820 4669; x_wconf 85' lang='lat' dir='ltr'>dixit</span> <span class='ocrx_word' id='word_1_281' title='bbox 849 4615 967 4690; x_wconf 88' lang='lat' dir='ltr'>pauca</span> <span class='ocrx_word' id='word_1_282' title='bbox 994 4595 1107 4669; x_wconf 89' lang='lat' dir='ltr'>verba</span> <span class='ocrx_word' id='word_1_283' title='bbox 1133 4602 1171 4669; x_wconf 91' lang='lat' dir='ltr'>et</span> <span class='ocrx_word' id='word_1_284' title='bbox 1195 4595 1303 4690; x_wconf 86' lang='lat' dir='ltr'>bona,</span> <span class='ocrx_word' id='word_1_285' title='bbox 1324 4596 1392 4670; x_wconf 86' lang='lat' dir='ltr'>ista</span> <span class='ocrx_word' id='word_1_286' title='bbox 1417 4595 1562 4688; x_wconf 80' lang='lat' dir='ltr'>mulier,</span> 
     </span>
     <span class='ocr_line' id='line_1_32' title="bbox 395 4714 1564 4814; baseline -0.006 -20"><span class='ocrx_word' id='word_1_287' title='bbox 395 4727 584 4814; x_wconf 87' lang='lat' dir='ltr'>tamquam</span> <span class='ocrx_word' id='word_1_288' title='bbox 610 4715 772 4792; x_wconf 88' lang='lat' dir='ltr'>senensis</span> <span class='ocrx_word' id='word_1_289' title='bbox 797 4720 833 4790; x_wconf 93' lang='lat' dir='ltr'>et</span> <span class='ocrx_word' id='word_1_290' title='bbox 858 4735 964 4809; x_wconf 88' lang='lat' dir='ltr'>vana,</span> <span class='ocrx_word' id='word_1_291' title='bbox 994 4717 1109 4792; x_wconf 88' lang='lat' dir='ltr'>multa</span> <span class='ocrx_word' id='word_1_292' title='bbox 1135 4723 1174 4791; x_wconf 89' lang='lat' dir='ltr'>et</span> <span class='ocrx_word' id='word_1_293' title='bbox 1199 4715 1328 4790; x_wconf 88' lang='lat' dir='ltr'>irivola</span> <span class='ocrx_word' id='word_1_294' title='bbox 1351 4714 1564 4790; x_wconf 82' lang='lat' dir='ltr'>confabula-</span> 
     </span>
     <span class='ocr_line' id='line_1_33' title="bbox 394 4833 1565 4934; baseline -0.007 -19"><span class='ocrx_word' id='word_1_295' title='bbox 394 4847 457 4914; x_wconf 88' lang='lat' dir='ltr'>tur</span> <span class='ocrx_word' id='word_1_296' title='bbox 482 4859 592 4934; x_wconf 89' lang='lat' dir='ltr'>super</span> <span class='ocrx_word' id='word_1_297' title='bbox 617 4835 749 4911; x_wconf 89' lang='lat' dir='ltr'>invidia</span> <span class='ocrx_word' id='word_1_298' title='bbox 774 4856 858 4930; x_wconf 82' lang='lat' dir='ltr'>sua3</span> <span class='ocrx_word' id='word_1_299' title='bbox 884 4833 966 4909; x_wconf 93' lang='lat' dir='ltr'>ideo</span> <span class='ocrx_word' id='word_1_300' title='bbox 993 4857 1065 4909; x_wconf 93' lang='lat' dir='ltr'>non</span> <span class='ocrx_word' id='word_1_301' title='bbox 1093 4835 1248 4929; x_wconf 87' lang='lat' dir='ltr'>mireris,</span> <span class='ocrx_word' id='word_1_302' title='bbox 1275 4835 1305 4909; x_wconf 93' lang='lat' dir='ltr'>si</span> <span class='ocrx_word' id='word_1_303' title='bbox 1331 4834 1565 4931; x_wconf 79' lang='lat' dir='ltr'>poetalingit</span> 
     </span>
    </p>
   </div>
   <div class='ocr_carea' id='block_1_5' title="bbox 458 5085 1211 5154">
    <p class='ocr_par' dir='ltr' id='par_1_5' title="bbox 458 5085 1211 5154">
     <span class='ocr_line' id='line_1_34' title="bbox 458 5085 1211 5154; baseline 0.004 -14"><span class='ocrx_word' id='word_1_304' title='bbox 458 5088 486 5154; x_wconf 85' lang='lat'>(¹)</span> <span class='ocrx_word' id='word_1_305' title='bbox 503 5089 534 5140; x_wconf 88' lang='lat' dir='ltr'>E.</span> <span class='ocrx_word' id='word_1_306' title='bbox 549 5088 594 5140; x_wconf 78' lang='lat' dir='ltr'>illa</span> <span class='ocrx_word' id='word_1_307' title='bbox 611 5101 667 5140; x_wconf 81' lang='lat' dir='ltr'>vox.</span> <span class='ocrx_word' id='word_1_308' title='bbox 864 5085 892 5152; x_wconf 76' lang='lat'>(²)</span> <span class='ocrx_word' id='word_1_309' title='bbox 908 5089 938 5140; x_wconf 83' lang='lat' dir='ltr'>lt.</span> <span class='ocrx_word' id='word_1_310' title='bbox 954 5090 1086 5154; x_wconf 82' lang='lat' dir='ltr'>quomodo</span> <span class='ocrx_word' id='word_1_311' title='bbox 1103 5091 1211 5143; x_wconf 74' lang='lat' dir='ltr'>voceris.</span> 
     </span>
    </p>
   </div>
   <div class='ocr_carea' id='block_1_6' title="bbox 0 0 2276 6842">
    <p class='ocr_par' dir='ltr' id='par_1_6' title="bbox 0 0 2276 6842">
     <span class='ocr_line' id='line_1_35' title="bbox 0 0 2276 6842; baseline 0 0"><span class='ocrx_word' id='word_1_312' title='bbox 0 0 2276 6842; x_wconf 95' lang='lat' dir='ltr'> </span> 
     </span>
    </p>
   </div>
  </div>
 </body>
</html>
