4542 6842
729 940 800 1006 too
1093 952 1299 1011 consuunt
1322 956 1541 1012 rouunuouu

723 1097 1135 1193 pernorrescunt,
1167 1100 1323 1175 cessavit
1355 1108 1393 1175 et
1423 1100 1566 1195 defecit,
1591 1122 1616 1173 o
1647 1104 1751 1192 proso
1781 1104 1817 1175 d’
1829 1121 1903 1174 una

725 1220 836 1311 tou,
863 1218 965 1313 idest,
991 1217 1086 1294 sicut
1110 1221 1285 1316 ampulla,
1302 1225 1359 1295 cui
1374 1242 1504 1295 manca
1522 1224 1687 1315 lacque,
1704 1222 1807 1317 idest,
1826 1242 1906 1295 ma-

725 1340 818 1414 teria
843 1358 889 1414 ex
916 1361 1003 1434 qua,
1028 1346 1117 1414 sotto
1142 1345 1229 1434 quot
1242 1346 1275 1415 ri
1287 1347 1368 1438 seo,-
1388 1342 1484 1417 sicut
1506 1342 1605 1417 enim
1624 1342 1791 1419 videmos
1807 1348 1906 1416 tom·

726 1480 816 1554 pore
842 1461 975 1555 pluviae
1000 1460 1037 1535 iu
1061 1482 1173 1557 aqua,
1191 1463 1338 1557 quando
1364 1483 1439 1538 uua
1464 1463 1565 1537 bulla
1590 1464 1753 1538 vanescit
1776 1469 1814 1538 et
1840 1484 1900 1539 re-

727 1580 881 1655 solvitur
905 1581 977 1655 alia
1001 1582 1123 1656 statim
1151 1583 1326 1677 nascitur,
1353 1584 1403 1659 ita
1427 1604 1527 1659 nunc
1555 1604 1627 1658 uua
1654 1583 1775 1681 llgura
1800 1582 1900 1657 linita

728 1700 764 1774 in
790 1708 915 1777 moute
940 1702 1091 1796 autoris
1117 1703 1189 1777 alia
1213 1703 1454 1799 subintrabat,
1480 1704 1544 1778 sed
1569 1724 1702 1798 parom
1729 1704 1899 1798 durabat,

728 1822 821 1896 sicut
847 1822 946 1896 bulla
972 1824 1009 1897 iu
1034 1844 1153 1919 aqua3
1178 1844 1279 1897 crare
1306 1827 1345 1897 io
1373 1827 1447 1897 mio
1475 1823 1811 1919 committerem
1840 1822 1900 1898 illa

726 1940 982 2037 abstractione,
1002 1963 1076 2016 coo
1089 1945 1274 2036 sommia,
1292 1943 1438 2037 scilicet,
1458 1942 1562 2039 virgo
1586 1942 1735 2017 Lavinia
1760 1942 1901 2017 tormo-

726 2059 879 2154 sissima,
900 2065 1103 2155 ptonpmdo
1125 2067 1232 2158 sorte,
1258 2082 1371 2157 super
1402 2068 1561 2137 mortem
1584 2061 1736 2140 intelicis
1759 2060 1899 2157 matris,

726 2183 885 2273 cdtrea,
914 2182 1017 2277 idest,
1047 2182 1170 2258 dicere
1203 2181 1395 2258 ridebatur
1428 2183 1464 2255 iu
1499 2183 1672 2277 planctu:
1702 2205 1725 2255 o
1759 2183 1900 2274 repara,

727 2309 846 2377 mater
872 2322 956 2377 mea
981 2303 1122 2398 Amata,
1145 2297 1349 2397 percellor·
1364 2308 1480 2377 colato
1493 2324 1562 2395 per
1580 2306 1640 2376 ira
1658 2324 1755 2376 esser
1773 2302 1899 2377 torua?

724 2423 817 2513 Quia
842 2423 895 2497 ira
922 2422 1096 2499 incitante
1120 2430 1249 2520 sponte
1273 2424 1434 2499 abiecisti
1461 2444 1553 2517 esse,
1580 2444 1655 2518 quo
1680 2423 1768 2497 nihil
1793 2420 1900 2497 nobi-

724 2545 795 2619 lius
820 2545 918 2619 lleus
936 2551 973 2619 et
991 2551 1123 2619 natura
1143 2544 1262 2619 deditt
1278 2546 1323 2619 Et
1339 2565 1428 2621 ecce
1445 2545 1649 2639 quomodo:
1667 2548 1791 2619 rocoa
1810 2546 1899 2617 tlur'

719 2688 787 2760 per
811 2687 883 2738 non
905 2668 1036 2759 perder
1061 2668 1211 2757 moino,
1236 2664 1347 2739 liliam
1376 2672 1490 2741 tuam.
1516 2666 1593 2739 lloc
1618 2664 1703 2740 dicit
1729 2664 1816 2759 quia
1841 2664 1898 2738 vi·

723 2786 881 2861 debatur
914 2784 964 2858 illi
997 2783 1153 2879 perdere
1186 2785 1332 2859 camsi
1361 2785 1552 2861 deveniret
1584 2786 1631 2859 ad
1663 2805 1796 2859 manus
1827 2782 1896 2857 riri

725 2906 912 2999 extranei3
930 2926 974 2978 or
991 2908 1101 2978 m'lror'
1113 2907 1278 2999 perdum,
1291 2904 1542 2981 interficiendo
1559 2912 1615 2999 te3
1632 2912 1670 2979 et
1687 2904 1893 2979 manifestat

723 3048 775 3122 se,
801 3027 943 3101 dicens:
969 3030 1004 3099 io
1028 3046 1116 3099 sono
1141 3047 1233 3118 erra,
1258 3026 1404 3120 scilicet,
1421 3026 1582 3120 Lavinia,
1600 3028 1660 3099 cle
1676 3028 1775 3118 lutto,
1793 3024 1896 3121 idest,

725 3147 840 3243 ploro,
866 3148 1003 3237 nadre,
1029 3144 1132 3239 idest,
1158 3166 1183 3219 o
1209 3151 1329 3219 mater
1355 3164 1451 3241 mea,
1472 3149 1559 3238 pria
1582 3148 1657 3221 ullo
1681 3153 1743 3219 trra
1767 3146 1903 3218 roor'oa.

724 3269 965 3341 oa'att’attrnr'.
983 3266 1060 3341 lloc
1076 3266 1173 3359 dicit,
1186 3266 1273 3360 quia
1291 3266 1422 3340 Amata
1439 3272 1666 3360 praemortua
1683 3272 1740 3340 est
1759 3267 1897 3359 Turno,

724 3388 810 3483 quia
835 3387 1000 3461 noudum
1025 3386 1173 3461 Turnus
1197 3385 1341 3460 occisus
1358 3391 1439 3460 erat
1455 3386 1503 3459 ab
1529 3386 1640 3481 linea,
1659 3384 1764 3480 quasi
1781 3384 1897 3460 dicat:

723 3510 824 3606 prius
849 3508 953 3605 ploro
979 3508 1028 3581 ob
1053 3513 1212 3581 mortem
1240 3513 1343 3581 tuam
1360 3505 1653 3603 ignominiosam,
1672 3526 1786 3601 qoam
1807 3504 1899 3580 allo·

724 3650 822 3722 rum,
849 3628 911 3722 qui
938 3648 1005 3723 pro
1030 3646 1092 3701 me
1117 3625 1277 3723 gloriose
1302 3625 1439 3700 mortui
1464 3634 1560 3700 sunt.
1579 3628 1625 3700 Et
1650 3626 1707 3701 lrlc
1727 3632 1828 3721 nota,
1844 3626 1898 3701 le-

724 3754 815 3842 ctor,
841 3747 940 3842 quod
966 3746 1136 3844 Virgilius
1162 3748 1256 3822 hauc
1281 3745 1465 3821 fictionem
1484 3746 1625 3842 accepit
1648 3747 1696 3821 ab
1721 3747 1896 3838 Homero,

725 3868 851 3963 quiin
880 3868 929 3941 Xl
944 3867 1114 3964 Odysseae
1137 3864 1336 3941 introducit
1364 3865 1555 3941 Anticliam
1585 3873 1743 3941 matrem
1772 3866 1897 3962 Ulyxis

725 4007 809 4082 quae
834 3986 1002 4082 apparuit
1023 3985 1096 4061 lilio
1116 3986 1154 4060 in
1179 3985 1322 4061 inferno
1338 3986 1435 4061 inter
1450 3986 1540 4060 alias
1559 3986 1702 4061 animas
1726 3987 1894 4080 illustres,

725 4113 761 4183 et
787 4108 950 4181 narravit
967 4108 1124 4202 qualiter
1145 4125 1186 4180 se
1205 4106 1439 4181 interiecerat
1458 4106 1496 4181 ln
1513 4106 1587 4181 vita
1604 4106 1783 4181 desiderio
1803 4106 1894 4182 eius.

725 4228 825 4303 Sicut
860 4248 951 4325 ergo
986 4227 1138 4304 Anticlia
1172 4226 1361 4321 suspendit
1398 4246 1440 4303 se
1472 4227 1607 4321 mqueo
1637 4228 1770 4303 timens
1801 4227 1898 4303 ami·

724 4346 813 4423 sisse
837 4346 1113 4423 dilectissimum
1139 4346 1255 4420 tilium
1280 4368 1404 4441 suum,
1426 4345 1476 4422 ita
1497 4347 1627 4422 Amata
1654 4347 1787 4422 timeus
1812 4368 1898 4442 per·

723 4468 854 4543 didisse
879 4468 1067 4543 Lariniam
1093 4467 1203 4542 liliam
1229 4467 1499 4543 dilectissimam
1526 4474 1565 4543 et
1588 4469 1754 4543 Turnum
1781 4488 1898 4566 genc-

725 4610 811 4662 rum
837 4608 959 4661 suum.

760 4756 763 4759 -
801 4715 903 4783 Come
927 4713 959 4783 ri
979 4712 1120 4805 paupe.
1147 4711 1218 4783 lsta
1251 4715 1306 4782 est
1337 4709 1500 4784 secunda
1531 4730 1617 4805 pars
1645 4709 1830 4806 generalis
1860 4709 1899 4783 in

724 4851 797 4925 qua
822 4836 932 4925 poeta
957 4829 1128 4904 describit
1157 4828 1422 4924 apparitionem
1452 4830 1585 4927 augeli,
1613 4828 1676 4923 qui
1705 4828 1897 4905 mundavit

723 4970 811 5025 eum
836 4969 859 5024 a
885 4949 973 5023 vitio
998 4948 1064 5023 irae
1088 4956 1126 5023 et
1150 4948 1284 5023 direxit
1308 4947 1354 5022 ad
1374 4947 1488 5022 alium
1506 4949 1699 5041 circulum,
1721 4948 1785 5022 ubi
1805 4970 1897 5044 pur·

724 5075 835 5165 gutur
858 5068 957 5143 aliud
982 5069 1122 5145 vitium.
1149 5070 1193 5143 lit
1218 5068 1338 5164 primo
1363 5068 1519 5144 ostendit
1543 5067 1730 5162 quomodo
1755 5068 1894 5144 excita-
