4542 6842
703 958 774 1027 ιιι
1059 962 1263 1023 uouuurunt
1287 968 1507 1023 runonmnn

699 1114 982 1210 correspondeat
1020 1113 1163 1207 locat03
1195 1119 1233 1187 et
1265 1112 1384 1207 primu
1419 1132 1533 1186 unam
1570 1112 1703 1189 violam
1720 1107 1757 1206 (¹)
1783 1121 1860 1189 tor-

699 1242 855 1329 tuosam,
885 1252 953 1330 per
984 1234 1095 1329 quam
1126 1238 1378 1327 pervenerunt
1413 1232 1460 1306 ad
1489 1233 1612 1306 locum
1651 1233 1867 1328 residentiae,

697 1352 839 1429 dicens:
865 1375 915 1427 uu
938 1356 1066 1427 render
1084 1352 1259 1444 spuendo,
1277 1343 1380 1446 idest,
1398 1356 1586 1426 tortuosus
1603 1353 1661 1427 vel
1682 1359 1872 1428 transver-

697 1494 771 1569 suS,
799 1494 863 1547 cru
887 1482 946 1549 tra
970 1481 1046 1547 erlo
1070 1477 1235 1566 epiouo,
1260 1472 1362 1567 idest,
1380 1473 1476 1547 inter
1501 1478 1666 1547 montem
1692 1480 1729 1548 ει
1753 1474 1872 1569 plani·

700 1594 787 1670 tiem
815 1594 928 1689 vallis,
954 1595 1013 1669 vel
1038 1592 1096 1668 dic
1121 1594 1220 1687 quod
1245 1592 1344 1668 callis
1364 1592 1424 1667 ille
1441 1610 1509 1666 nec
1528 1587 1610 1666 erat
1635 1599 1781 1668 erectus
1798 1614 1867 1670 nec

699 1714 840 1809 planus,
875 1718 935 1788 cllo
958 1736 1002 1789 ne
1026 1718 1193 1821 condusse
1223 1718 1262 1787 lu
1289 1716 1408 1807 planco
1439 1716 1531 1786 delto
1561 1716 1673 1805 lucca,
1704 1714 1805 1809 idest,
1831 1716 1869 1789 in

699 1834 794 1908 latus
820 1835 925 1911 dictae
949 1842 1059 1910 costae
1083 1834 1129 1909 ad
1156 1834 1340 1930 quoddam
1371 1833 1543 1925 haleium,
1570 1832 1668 1908 unde
1696 1841 1870 1929 respexe-

701 1960 789 2029 runt
818 1956 964 2050 vallem,
998 1964 1040 2029 ut
1070 1956 1180 2051 paulo
1208 1962 1290 2051 post
1317 1954 1471 2047 dicetur,
1503 1944 1539 2028 td
1567 1957 1656 2027 dove
1686 1957 1716 2027 ll
1747 1956 1870 2047 lembo,

699 2074 801 2168 idest,
828 2076 1195 2170 cruentarentur
1214 2071 1278 2168 piri
1301 2077 1390 2148 clt'o
1414 2095 1547 2148 nrezzo.
1571 2074 1708 2149 Deinde
1733 2073 1871 2149 descri-

699 2196 753 2269 bit
788 2196 825 2269 in
862 2195 1007 2290 speciali
1033 2197 1156 2271 locum
1182 2195 1416 2291 pulcerrimae
1440 2194 1602 2269 stationis
1629 2195 1805 2289 istorum3
1832 2202 1869 2270 et

700 2314 1052 2411 quiadescripserat
1076 2317 1199 2390 locum
1232 2315 1429 2413 illustrium
1462 2335 1692 2412 paganorum
1722 2316 1782 2388 llll
1806 2327 1870 2390 ca·-

701 2436 814 2531 pitulo
831 2436 965 2510 Inlerni
982 2436 1182 2510 berbosum
1201 2442 1238 2510 et
1254 2437 1397 2511 clarum
1415 2436 1484 2509 sub
1502 2435 1597 2530 diro,
1616 2456 1715 2511 nunc
1741 2436 1869 2510 maiori

700 2563 782 2631 arte
807 2554 976 2633 describit
1000 2557 1124 2630 locum
1150 2555 1347 2629 illustrium
1366 2554 1649 2630 christianorum
1672 2554 1873 2631 moderno-

702 2698 785 2751 rum
813 2677 881 2750 sub
906 2682 1003 2751 tecto
1028 2676 1172 2750 montis.
1198 2677 1244 2749 Et
1272 2683 1328 2751 est
1357 2676 1463 2751 litera
1493 2676 1594 2750 lortis
1625 2682 1662 2751 et
1694 2676 1871 2751 sententia

702 2798 869 2891 occulta3
896 2796 978 2871 ideo
1008 2794 1172 2889 adverte,
1203 2796 1302 2890 quod
1331 2796 1468 2870 Dantes
1501 2796 1579 2870 vult
1610 2796 1872 2871 sententialiter

702 2920 834 3013 dicere,
862 2918 961 3012 quod
986 2916 1044 2991 bic
1068 2918 1172 2992 locus
1196 2924 1277 2993 erat
1298 2916 1570 2990 amoeuissimus
1586 2917 1766 3011 omnium,
1784 2916 1870 3011 quia
1971 2996 1973 2998 ,

703 3040 731 3114 si
758 3038 929 3134 quicquid
954 3037 1121 3113 colorum
1148 3037 1415 3113 delectabilium
1445 3059 1624 3132 umquam
1651 3045 1783 3113 natura
1811 3037 1870 3114 re-

705 3181 788 3233 rum
807 3158 979 3254 produxit
998 3158 1035 3232 in
1051 3158 1175 3251 aliqua
1195 3165 1300 3253 parte
1317 3165 1515 3253 terrarum,
1531 3164 1648 3233 totum
1668 3158 1777 3232 simul
1796 3160 1871 3234 col·

702 3282 837 3356 lectum
866 3284 1108 3374 reponeretur
1132 3278 1227 3353 intra
1241 3270 1278 3371 (²)
1308 3279 1404 3352 illam
1431 3299 1634 3374 cameram,
1660 3279 1872 3354 vinceretur

702 3420 724 3473 a
741 3398 984 3495 pulcritudine
1002 3396 1156 3472 mirabili
1175 3399 1342 3473 colorum
1363 3398 1426 3492 qui
1444 3403 1529 3472 sunt
1547 3398 1606 3472 ibi.
1626 3398 1761 3472 Ordine
1780 3417 1871 3495 ergo

703 3520 858 3612 literam,
877 3524 914 3591 et
933 3528 1107 3594 construe
1124 3518 1195 3591 sic:
1217 3539 1283 3590 oro
1308 3525 1495 3609 carpento
1508 3520 1595 3610 pluo,
1614 3516 1692 3591 sine
1710 3518 1870 3593 mixtura

701 3638 835 3733 aliqua,
854 3656 1014 3732 quorum
1037 3644 1242 3731 utrumque
1258 3637 1369 3711 babet
1385 3636 1547 3711 colorem
1566 3636 1869 3732 perfectissimum

702 3758 1027 3853 incorruptibilem,
1058 3778 1171 3851 cocco,
1202 3778 1346 3853 coccus,
1385 3764 1428 3831 ut
1464 3757 1588 3832 scribit
1622 3758 1873 3855 Dyascorides,

703 3886 758 3955 est
783 3879 897 3954 herba
923 3900 1068 3954 ramosa
1089 3878 1228 3953 babens
1245 3879 1282 3952 in
1300 3878 1412 3975 virgis
1429 3898 1545 3974 granu
1564 3878 1721 3953 rotunda
1741 3879 1872 3955 similia

703 4000 892 4095 lenticulae,
914 4006 952 4075 et
976 3999 1060 4074 dicit
1086 3999 1221 4073 Plinius
1242 3999 1340 4093 quod
1358 4004 1413 4073 est
1429 4019 1546 4096 genus
1563 4020 1609 4075 ex
1628 4019 1674 4074 eo
1691 3999 1729 4073 in
1745 3999 1872 4076 dtbica

703 4128 741 4197 et
764 4121 847 4196 dsia
878 4140 1030 4195 nascens
1064 4120 1258 4195 celerrime
1289 4119 1325 4194 in
1360 4120 1606 4195 vermiculum
1632 4139 1674 4195 se
1705 4124 1871 4216 mutans,

703 4261 749 4316 ex
774 4241 842 4314 ista
867 4240 981 4314 berba
1013 4239 1167 4337 tingitur
1203 4260 1345 4335 pannus
1371 4240 1615 4335 pulcerrimus
1645 4240 1750 4315 rubei
1771 4240 1874 4316 coloe

703 4363 764 4457 ris,
789 4361 835 4435 de
860 4381 935 4455 quo
961 4360 1019 4435 bic
1042 4361 1208 4461 loquitur
1230 4366 1363 4456 autor,
1389 4382 1408 4434 e
1432 4361 1564 4453 uacca,
1585 4360 1687 4456 idest,
1709 4382 1872 4459 cerussa,

703 4486 869 4577 quae,·ut
901 4480 986 4555 dicit
1018 4478 1113 4555 idem
1145 4479 1395 4578 llyascorides,
1428 4479 1468 4553 lit
1481 4470 1519 4573 (³)
1550 4480 1796 4576 multipliciter
1826 4504 1872 4559 ex

702 4609 806 4678 aceto
832 4599 969 4696 optimo
997 4600 1034 4674 in
1069 4621 1157 4676 vase
1187 4606 1362 4696 cooperto
1394 4600 1546 4696 plumbo
1575 4608 1613 4676 et
1641 4601 1778 4697 optima
1812 4615 1875 4681 oe-

703 4744 807 4796 russa
831 4726 886 4796 est
909 4720 1181 4816 candidissima3
1200 4720 1281 4795 ideo
1301 4741 1368 4816 per
1384 4741 1536 4796 mecum
1555 4727 1593 4795 et
1609 4741 1798 4797 cerussam
1817 4722 1873 4798 in-

703 4841 823 4939 tellige
849 4842 1010 4916 colorem
1038 4840 1398 4935 rubicundissimum,
1425 4847 1463 4917 et
1486 4842 1737 4938 albissimum3
1758 4845 1884 4918 indt‘co‘

764 5026 791 5087 ι’)
808 5024 837 5074 Ε.
854 5024 959 5075 molum.
1116 5026 1144 5089 ι’)
1162 5026 1192 5077 Ε.
1208 5027 1276 5079 intr·
1293 5027 1397 5089 uallem,
1413 5030 1479 5080 idest
1495 5030 1563 5080 iutra
1580 5029 1652 5079 illam
1669 5042 1810 5082 cameram.

766 5100 793 5163 ι’)
810 5104 863 5161 ιιι,
881 5100 909 5151 lit
924 5100 1070 5166 multiplex.
