<?xml version="1.0" encoding="UTF-8"?>
<!DOCTYPE html PUBLIC "-//W3C//DTD XHTML 1.0 Transitional//EN"
    "http://www.w3.org/TR/xhtml1/DTD/xhtml1-transitional.dtd">
<html xmlns="http://www.w3.org/1999/xhtml" xml:lang="en" lang="en">
 <head>
  <title>
</title>
<meta http-equiv="Content-Type" content="text/html;charset=utf-8" />
  <meta name='ocr-system' content='tesseract 3.04.00' />
  <meta name='ocr-capabilities' content='ocr_page ocr_carea ocr_par ocr_line ocrx_word'/>
</head>
<body>
  <div class='ocr_page' id='page_1' title='image "./comentumsuperda01unkngoog_0455.png"; bbox 0 0 4542 6842; ppageno 0'>
   <div class='ocr_carea' id='block_1_1' title="bbox 735 931 1572 1008">
    <p class='ocr_par' dir='ltr' id='par_1_1' title="bbox 735 931 1572 1008">
     <span class='ocr_line' id='line_1_1' title="bbox 735 931 1572 1008; baseline 0.005 -12"><span class='ocrx_word' id='word_1_1' title='bbox 735 941 874 997; x_wconf 76' lang='lat' dir='ltr'><strong>currus</strong></span> <span class='ocrx_word' id='word_1_2' title='bbox 898 941 1056 998; x_wconf 76' lang='lat' dir='ltr'><strong>uncinus</strong></span> <span class='ocrx_word' id='word_1_3' title='bbox 1079 941 1248 1008; x_wconf 83' lang='lat' dir='ltr'><strong>oumrus.</strong></span> <span class='ocrx_word' id='word_1_4' title='bbox 1502 931 1572 1000; x_wconf 83' lang='lat' dir='ltr'><strong>tlt</strong></span> 
     </span>
    </p>
   </div>
   <div class='ocr_carea' id='block_1_2' title="bbox 397 1087 1576 1552">
    <p class='ocr_par' dir='ltr' id='par_1_2' title="bbox 397 1087 1576 1552">
     <span class='ocr_line' id='line_1_2' title="bbox 400 1087 1574 1190; baseline -0.004 -21"><span class='ocrx_word' id='word_1_5' title='bbox 400 1091 492 1168; x_wconf 79' lang='lat' dir='ltr'><strong>llicit</strong></span> <span class='ocrx_word' id='word_1_6' title='bbox 509 1111 620 1188; x_wconf 82' lang='lat' dir='ltr'><strong>ergo:</strong></span> <span class='ocrx_word' id='word_1_7' title='bbox 638 1093 750 1190; x_wconf 80' lang='lat' dir='ltr'><strong>quello</strong></span> <span class='ocrx_word' id='word_1_8' title='bbox 766 1091 901 1182; x_wconf 69' lang='lat' dir='ltr'><strong>tnfirdto</strong></span> <span class='ocrx_word' id='word_1_9' title='bbox 920 1095 955 1162; x_wconf 82' lang='lat' dir='ltr'><strong>et</strong></span> <span class='ocrx_word' id='word_1_10' title='bbox 969 1088 1127 1182; x_wconf 81' lang='lat' dir='ltr'><strong>ineffabil</strong></span> <span class='ocrx_word' id='word_1_11' title='bbox 1146 1089 1241 1179; x_wconf 77' lang='lat' dir='ltr'><strong>dene,</strong></span> <span class='ocrx_word' id='word_1_12' title='bbox 1260 1087 1363 1184; x_wconf 71' lang='lat' dir='ltr'><strong>idest,</strong></span> <span class='ocrx_word' id='word_1_13' title='bbox 1381 1109 1574 1164; x_wconf 88' lang='lat' dir='ltr'><strong>summum</strong></span> 
     </span>
     <span class='ocr_line' id='line_1_3' title="bbox 398 1204 1576 1306; baseline -0.003 -19"><span class='ocrx_word' id='word_1_14' title='bbox 398 1211 552 1306; x_wconf 89' lang='lat' dir='ltr'><strong>bonum,</strong></span> <span class='ocrx_word' id='word_1_15' title='bbox 575 1210 723 1305; x_wconf 85' lang='lat' dir='ltr'><strong>scilicet,</strong></span> <span class='ocrx_word' id='word_1_16' title='bbox 749 1210 861 1305; x_wconf 84' lang='lat' dir='ltr'><strong>neus,</strong></span> <span class='ocrx_word' id='word_1_17' title='bbox 885 1211 946 1284; x_wconf 81' lang='lat' dir='ltr'><strong>circ</strong></span> <span class='ocrx_word' id='word_1_18' title='bbox 970 1204 1066 1284; x_wconf 73' lang='lat' dir='ltr'><strong>osso</strong></span> <span class='ocrx_word' id='word_1_19' title='bbox 1090 1205 1120 1301; x_wconf 81' lang='grc' dir='ltr'><strong>ἐ,</strong></span> <span class='ocrx_word' id='word_1_20' title='bbox 1140 1208 1288 1303; x_wconf 82' lang='lat' dir='ltr'><strong>scilicet,</strong></span> <span class='ocrx_word' id='word_1_21' title='bbox 1314 1209 1353 1284; x_wconf 90' lang='lat' dir='ltr'><strong>iu</strong></span> <span class='ocrx_word' id='word_1_22' title='bbox 1376 1230 1483 1304; x_wconf 89' lang='lat' dir='ltr'><strong>spera</strong></span> <span class='ocrx_word' id='word_1_23' title='bbox 1508 1231 1576 1284; x_wconf 90' lang='lat' dir='ltr'><strong>su·</strong></span> 
     </span>
     <span class='ocr_line' id='line_1_4' title="bbox 397 1328 1573 1428; baseline -0.001 -21"><span class='ocrx_word' id='word_1_24' title='bbox 397 1351 526 1428; x_wconf 79' lang='lat' dir='ltr'><strong>proma</strong></span> <span class='ocrx_word' id='word_1_25' title='bbox 544 1350 590 1405; x_wconf 91' lang='lat' dir='ltr'><strong>eo</strong></span> <span class='ocrx_word' id='word_1_26' title='bbox 607 1329 720 1406; x_wconf 91' lang='lat' dir='ltr'><strong>modo</strong></span> <span class='ocrx_word' id='word_1_27' title='bbox 736 1350 812 1424; x_wconf 90' lang='lat' dir='ltr'><strong>quo</strong></span> <span class='ocrx_word' id='word_1_28' title='bbox 829 1329 1035 1425; x_wconf 85' lang='lat' dir='ltr'><strong>expositum</strong></span> <span class='ocrx_word' id='word_1_29' title='bbox 1053 1334 1110 1405; x_wconf 86' lang='lat' dir='ltr'><strong>est</strong></span> <span class='ocrx_word' id='word_1_30' title='bbox 1129 1328 1167 1403; x_wconf 91' lang='lat' dir='ltr'><strong>in</strong></span> <span class='ocrx_word' id='word_1_31' title='bbox 1183 1329 1351 1404; x_wconf 89' lang='lat' dir='ltr'><strong>oratioue</strong></span> <span class='ocrx_word' id='word_1_32' title='bbox 1370 1329 1573 1424; x_wconf 81' lang='lat' dir='ltr'><strong>dominica3</strong></span> 
     </span>
     <span class='ocr_line' id='line_1_5' title="bbox 399 1443 1576 1552; baseline -0.004 -24"><span class='ocrx_word' id='word_1_33' title='bbox 399 1452 458 1528; x_wconf 84' lang='lat' dir='ltr'><strong>vel</strong></span> <span class='ocrx_word' id='word_1_34' title='bbox 484 1471 557 1526; x_wconf 92' lang='lat' dir='ltr'><strong>non</strong></span> <span class='ocrx_word' id='word_1_35' title='bbox 582 1457 742 1547; x_wconf 89' lang='lat' dir='ltr'><strong>ponatur</strong></span> <span class='ocrx_word' id='word_1_36' title='bbox 757 1443 794 1543; x_wconf 77' lang='lat'><strong>(¹)</strong></span> <span class='ocrx_word' id='word_1_37' title='bbox 820 1449 857 1552; x_wconf 80' lang='lat' dir='ltr'><strong>in</strong></span> <span class='ocrx_word' id='word_1_38' title='bbox 883 1449 1000 1545; x_wconf 83' lang='lat' dir='ltr'><strong>litera,</strong></span> <span class='ocrx_word' id='word_1_39' title='bbox 1026 1449 1089 1526; x_wconf 89' lang='lat' dir='ltr'><strong>sed</strong></span> <span class='ocrx_word' id='word_1_40' title='bbox 1116 1449 1277 1525; x_wconf 84' lang='lat' dir='ltr'><strong>dicatur:</strong></span> <span class='ocrx_word' id='word_1_41' title='bbox 1303 1452 1363 1524; x_wconf 81' lang='lat' dir='ltr'><strong>cte</strong></span> <span class='ocrx_word' id='word_1_42' title='bbox 1387 1446 1483 1524; x_wconf 75' lang='lat' dir='ltr'><strong>turni</strong></span> <span class='ocrx_word' id='word_1_43' title='bbox 1499 1445 1576 1524; x_wconf 79' lang='lat' dir='ltr'><strong>cosi</strong></span> 
     </span>
    </p>
   </div>
   <div class='ocr_carea' id='block_1_3' title="bbox 392 1569 1574 4318">
    <p class='ocr_par' dir='ltr' id='par_1_3' title="bbox 392 1569 1574 4318">
     <span class='ocr_line' id='line_1_6' title="bbox 398 1569 1574 1665; baseline -0.002 -19"><span class='ocrx_word' id='word_1_44' title='bbox 398 1591 503 1646; x_wconf 81' lang='lat' dir='ltr'><strong>corre</strong></span> <span class='ocrx_word' id='word_1_45' title='bbox 526 1573 577 1644; x_wconf 86' lang='lat' dir='ltr'><strong>od</strong></span> <span class='ocrx_word' id='word_1_46' title='bbox 600 1590 736 1663; x_wconf 84' lang='lat' dir='ltr'><strong>umore,</strong></span> <span class='ocrx_word' id='word_1_47' title='bbox 762 1569 865 1663; x_wconf 76' lang='lat' dir='ltr'><strong>idest,</strong></span> <span class='ocrx_word' id='word_1_48' title='bbox 886 1569 1072 1646; x_wconf 83' lang='lat' dir='ltr'><strong>deseendit</strong></span> <span class='ocrx_word' id='word_1_49' title='bbox 1088 1569 1134 1644; x_wconf 85' lang='lat' dir='ltr'><strong>ad</strong></span> <span class='ocrx_word' id='word_1_50' title='bbox 1151 1576 1353 1665; x_wconf 86' lang='lat' dir='ltr'><strong>amantem,</strong></span> <span class='ocrx_word' id='word_1_51' title='bbox 1370 1592 1468 1644; x_wconf 87' lang='lat' dir='ltr'><strong>come</strong></span> <span class='ocrx_word' id='word_1_52' title='bbox 1482 1591 1574 1663; x_wconf 74' lang='lat' dir='ltr'><strong>rop-</strong></span> 
     </span>
     <span class='ocr_line' id='line_1_7' title="bbox 398 1690 1571 1786; baseline 0 -20"><span class='ocrx_word' id='word_1_53' title='bbox 398 1697 458 1786; x_wconf 77' lang='lat' dir='ltr'><strong>pc&#39;o</strong></span> <span class='ocrx_word' id='word_1_54' title='bbox 483 1694 580 1766; x_wconf 82' lang='lat' dir='ltr'><strong>otene</strong></span> <span class='ocrx_word' id='word_1_55' title='bbox 604 1713 629 1766; x_wconf 85' lang='lat' dir='ltr'><strong>a</strong></span> <span class='ocrx_word' id='word_1_56' title='bbox 654 1693 767 1766; x_wconf 75' lang='lat' dir='ltr'><strong>uodo</strong></span> <span class='ocrx_word' id='word_1_57' title='bbox 800 1712 922 1784; x_wconf 86' lang='lat' dir='ltr'><strong>corpo,</strong></span> <span class='ocrx_word' id='word_1_58' title='bbox 948 1691 1042 1766; x_wconf 90' lang='lat' dir='ltr'><strong>sicut</strong></span> <span class='ocrx_word' id='word_1_59' title='bbox 1066 1690 1113 1766; x_wconf 89' lang='lat' dir='ltr'><strong>ad</strong></span> <span class='ocrx_word' id='word_1_60' title='bbox 1140 1691 1348 1786; x_wconf 85' lang='lat' dir='ltr'><strong>speculum3</strong></span> <span class='ocrx_word' id='word_1_61' title='bbox 1380 1698 1418 1767; x_wconf 89' lang='lat' dir='ltr'><strong>et</strong></span> <span class='ocrx_word' id='word_1_62' title='bbox 1447 1699 1571 1766; x_wconf 87' lang='lat' dir='ltr'><strong>tamen</strong></span> 
     </span>
     <span class='ocr_line' id='line_1_8' title="bbox 399 1809 1574 1908; baseline -0.002 -22"><span class='ocrx_word' id='word_1_63' title='bbox 399 1813 590 1908; x_wconf 86' lang='lat' dir='ltr'><strong>speculum</strong></span> <span class='ocrx_word' id='word_1_64' title='bbox 617 1812 677 1888; x_wconf 89' lang='lat' dir='ltr'><strong>vel</strong></span> <span class='ocrx_word' id='word_1_65' title='bbox 701 1811 801 1886; x_wconf 89' lang='lat' dir='ltr'><strong>aliud</strong></span> <span class='ocrx_word' id='word_1_66' title='bbox 826 1831 961 1907; x_wconf 87' lang='lat' dir='ltr'><strong>corpus</strong></span> <span class='ocrx_word' id='word_1_67' title='bbox 977 1809 1155 1905; x_wconf 87' lang='lat' dir='ltr'><strong>lucidum,</strong></span> <span class='ocrx_word' id='word_1_68' title='bbox 1173 1816 1312 1904; x_wconf 90' lang='lat' dir='ltr'><strong>quanto</strong></span> <span class='ocrx_word' id='word_1_69' title='bbox 1336 1817 1393 1886; x_wconf 84' lang='lat' dir='ltr'><strong>est</strong></span> <span class='ocrx_word' id='word_1_70' title='bbox 1417 1809 1574 1885; x_wconf 77' lang='lat' dir='ltr'><strong>lucidius</strong></span> 
     </span>
     <span class='ocr_line' id='line_1_9' title="bbox 398 1919 1574 2027; baseline -0.002 -19"><span class='ocrx_word' id='word_1_71' title='bbox 398 1937 501 2008; x_wconf 85' lang='lat' dir='ltr'><strong>tauto</strong></span> <span class='ocrx_word' id='word_1_72' title='bbox 524 1932 606 2027; x_wconf 91' lang='lat' dir='ltr'><strong>plus</strong></span> <span class='ocrx_word' id='word_1_73' title='bbox 637 1931 765 2027; x_wconf 83' lang='lat' dir='ltr'><strong>recipit</strong></span> <span class='ocrx_word' id='word_1_74' title='bbox 792 1929 839 2006; x_wconf 88' lang='lat' dir='ltr'><strong>de</strong></span> <span class='ocrx_word' id='word_1_75' title='bbox 873 1929 1033 2024; x_wconf 91' lang='lat' dir='ltr'><strong>lumiue;</strong></span> <span class='ocrx_word' id='word_1_76' title='bbox 1072 1937 1169 2004; x_wconf 74' lang='lat' dir='ltr'><strong>danto</strong></span> <span class='ocrx_word' id='word_1_77' title='bbox 1202 1931 1235 2004; x_wconf 83' lang='lat' dir='ltr'><strong>ri</strong></span> <span class='ocrx_word' id='word_1_78' title='bbox 1263 1919 1325 2022; x_wconf 83' lang='lat' dir='ltr'><strong>dd,</strong></span> <span class='ocrx_word' id='word_1_79' title='bbox 1355 1929 1503 2024; x_wconf 87' lang='lat' dir='ltr'><strong>scilicet,</strong></span> <span class='ocrx_word' id='word_1_80' title='bbox 1531 1949 1574 2006; x_wconf 89' lang='lat' dir='ltr'><strong>se</strong></span> 
     </span>
     <span class='ocr_line' id='line_1_10' title="bbox 397 2050 1573 2146; baseline 0.001 -21"><span class='ocrx_word' id='word_1_81' title='bbox 397 2051 594 2128; x_wconf 81' lang='lat' dir='ltr'><strong>fruendum</strong></span> <span class='ocrx_word' id='word_1_82' title='bbox 619 2051 748 2146; x_wconf 82' lang='lat' dir='ltr'><strong>beatis,</strong></span> <span class='ocrx_word' id='word_1_83' title='bbox 774 2058 904 2143; x_wconf 83' lang='lat' dir='ltr'><strong>quanto</strong></span> <span class='ocrx_word' id='word_1_84' title='bbox 929 2059 1033 2125; x_wconf 70' lang='lat' dir='ltr'><strong>douo</strong></span> <span class='ocrx_word' id='word_1_85' title='bbox 1049 2053 1084 2124; x_wconf 84' lang='lat' dir='ltr'><strong>d&#39;</strong></span> <span class='ocrx_word' id='word_1_86' title='bbox 1097 2053 1244 2142; x_wconf 83' lang='lat' dir='ltr'><strong>ardore,</strong></span> <span class='ocrx_word' id='word_1_87' title='bbox 1265 2051 1413 2145; x_wconf 83' lang='lat' dir='ltr'><strong>scilieet,</strong></span> <span class='ocrx_word' id='word_1_88' title='bbox 1437 2050 1573 2126; x_wconf 87' lang='lat' dir='ltr'><strong>carita·</strong></span> 
     </span>
     <span class='ocr_line' id='line_1_11' title="bbox 397 2164 1572 2267; baseline -0.003 -19"><span class='ocrx_word' id='word_1_89' title='bbox 397 2172 452 2248; x_wconf 76' lang='lat' dir='ltr'><strong>tis</strong></span> <span class='ocrx_word' id='word_1_90' title='bbox 481 2173 581 2249; x_wconf 90' lang='lat' dir='ltr'><strong>Unde</strong></span> <span class='ocrx_word' id='word_1_91' title='bbox 605 2171 709 2248; x_wconf 88' lang='lat' dir='ltr'><strong>dicit:</strong></span> <span class='ocrx_word' id='word_1_92' title='bbox 727 2164 758 2246; x_wconf 75' lang='lat' dir='ltr'><strong>si</strong></span> <span class='ocrx_word' id='word_1_93' title='bbox 774 2175 835 2245; x_wconf 85' lang='lat' dir='ltr'><strong>clo</strong></span> <span class='ocrx_word' id='word_1_94' title='bbox 851 2175 1007 2247; x_wconf 82' lang='lat' dir='ltr'><strong>l&#39;ctrrrw</strong></span> <span class='ocrx_word' id='word_1_95' title='bbox 1025 2173 1162 2263; x_wconf 85' lang='lat' dir='ltr'><strong>oulorc,</strong></span> <span class='ocrx_word' id='word_1_96' title='bbox 1182 2171 1294 2267; x_wconf 89' lang='lat' dir='ltr'><strong>ipsius</strong></span> <span class='ocrx_word' id='word_1_97' title='bbox 1312 2171 1450 2246; x_wconf 89' lang='lat' dir='ltr'><strong>summi</strong></span> <span class='ocrx_word' id='word_1_98' title='bbox 1473 2170 1572 2264; x_wconf 87' lang='lat' dir='ltr'><strong>boni,</strong></span> 
     </span>
     <span class='ocr_line' id='line_1_12' title="bbox 395 2283 1574 2387; baseline -0.002 -19"><span class='ocrx_word' id='word_1_99' title='bbox 395 2315 511 2368; x_wconf 79' lang='lat' dir='ltr'><strong><em>cresce</em></strong></span> <span class='ocrx_word' id='word_1_100' title='bbox 532 2297 630 2387; x_wconf 74' lang='lat' dir='ltr'><strong>sopr‘</strong></span> <span class='ocrx_word' id='word_1_101' title='bbox 641 2315 721 2368; x_wconf 83' lang='lat' dir='ltr'><strong>csso</strong></span> <span class='ocrx_word' id='word_1_102' title='bbox 745 2283 860 2367; x_wconf 75' lang='lat' dir='ltr'><strong>curitd</strong></span> <span class='ocrx_word' id='word_1_103' title='bbox 890 2299 1112 2386; x_wconf 66' lang='lat' dir='ltr'><strong>mundoque</strong></span> <span class='ocrx_word' id='word_1_104' title='bbox 1140 2297 1172 2366; x_wconf 81' lang='lat' dir='ltr'><strong>rt</strong></span> <span class='ocrx_word' id='word_1_105' title='bbox 1200 2295 1331 2383; x_wconf 61' lang='lat' dir='ltr'><strong>sunm,</strong></span> <span class='ocrx_word' id='word_1_106' title='bbox 1356 2292 1459 2386; x_wconf 78' lang='lat' dir='ltr'><strong>idest,</strong></span> <span class='ocrx_word' id='word_1_107' title='bbox 1490 2299 1574 2366; x_wconf 89' lang='lat' dir='ltr'><strong>tan-</strong></span> 
     </span>
     <span class='ocr_line' id='line_1_13' title="bbox 395 2405 1570 2509; baseline -0.001 -21"><span class='ocrx_word' id='word_1_108' title='bbox 395 2419 475 2488; x_wconf 92' lang='lat' dir='ltr'><strong>tum</strong></span> <span class='ocrx_word' id='word_1_109' title='bbox 490 2405 528 2508; x_wconf 84' lang='lat'><strong>(¹)</strong></span> <span class='ocrx_word' id='word_1_110' title='bbox 556 2421 738 2509; x_wconf 90' lang='lat' dir='ltr'><strong>quantum</strong></span> <span class='ocrx_word' id='word_1_111' title='bbox 765 2413 832 2489; x_wconf 92' lang='lat' dir='ltr'><strong>ista</strong></span> <span class='ocrx_word' id='word_1_112' title='bbox 858 2413 990 2490; x_wconf 88' lang='lat' dir='ltr'><strong>caritas</strong></span> <span class='ocrx_word' id='word_1_113' title='bbox 1015 2434 1056 2490; x_wconf 90' lang='lat' dir='ltr'><strong>se</strong></span> <span class='ocrx_word' id='word_1_114' title='bbox 1089 2413 1253 2489; x_wconf 81' lang='lat' dir='ltr'><strong>extendit</strong></span> <span class='ocrx_word' id='word_1_115' title='bbox 1280 2414 1328 2490; x_wconf 90' lang='lat' dir='ltr'><strong>ad</strong></span> <span class='ocrx_word' id='word_1_116' title='bbox 1357 2413 1570 2488; x_wconf 88' lang='lat' dir='ltr'><strong>amandum.</strong></span> 
     </span>
     <span class='ocr_line' id='line_1_14' title="bbox 395 2533 1569 2624; baseline 0.001 -15"><span class='ocrx_word' id='word_1_117' title='bbox 395 2535 500 2624; x_wconf 82' lang='lat' dir='ltr'><strong>Quod</strong></span> <span class='ocrx_word' id='word_1_118' title='bbox 520 2542 647 2611; x_wconf 89' lang='lat' dir='ltr'><strong>autem</strong></span> <span class='ocrx_word' id='word_1_119' title='bbox 674 2556 793 2609; x_wconf 92' lang='lat' dir='ltr'><strong>unum</strong></span> <span class='ocrx_word' id='word_1_120' title='bbox 820 2540 857 2608; x_wconf 92' lang='lat' dir='ltr'><strong>et</strong></span> <span class='ocrx_word' id='word_1_121' title='bbox 883 2533 978 2610; x_wconf 93' lang='lat' dir='ltr'><strong>idem</strong></span> <span class='ocrx_word' id='word_1_122' title='bbox 1005 2534 1145 2609; x_wconf 90' lang='lat' dir='ltr'><strong>bonum</strong></span> <span class='ocrx_word' id='word_1_123' title='bbox 1171 2556 1245 2610; x_wconf 93' lang='lat' dir='ltr'><strong>non</strong></span> <span class='ocrx_word' id='word_1_124' title='bbox 1270 2534 1498 2609; x_wconf 84' lang='lat' dir='ltr'><strong>diminuatur</strong></span> <span class='ocrx_word' id='word_1_125' title='bbox 1521 2555 1569 2610; x_wconf 83' lang='lat' dir='ltr'><strong>cx</strong></span> 
     </span>
     <span class='ocr_line' id='line_1_15' title="bbox 397 2655 1571 2752; baseline 0 -22"><span class='ocrx_word' id='word_1_126' title='bbox 397 2655 673 2752; x_wconf 77' lang='lat' dir='ltr'><strong>participatione</strong></span> <span class='ocrx_word' id='word_1_127' title='bbox 696 2656 900 2730; x_wconf 89' lang='lat' dir='ltr'><strong>multorum</strong></span> <span class='ocrx_word' id='word_1_128' title='bbox 918 2661 1028 2751; x_wconf 90' lang='lat' dir='ltr'><strong>patet,</strong></span> <span class='ocrx_word' id='word_1_129' title='bbox 1042 2655 1128 2750; x_wconf 85' lang='lat' dir='ltr'><strong>quia</strong></span> <span class='ocrx_word' id='word_1_130' title='bbox 1155 2677 1230 2731; x_wconf 92' lang='lat' dir='ltr'><strong>una</strong></span> <span class='ocrx_word' id='word_1_131' title='bbox 1247 2676 1318 2730; x_wconf 83' lang='lat' dir='ltr'><strong>vox</strong></span> <span class='ocrx_word' id='word_1_132' title='bbox 1339 2677 1423 2732; x_wconf 87' lang='lat' dir='ltr'><strong>mea</strong></span> <span class='ocrx_word' id='word_1_133' title='bbox 1441 2656 1571 2731; x_wconf 81' lang='lat' dir='ltr'><strong>transit</strong></span> 
     </span>
     <span class='ocr_line' id='line_1_16' title="bbox 396 2775 1571 2872; baseline -0.001 -19"><span class='ocrx_word' id='word_1_134' title='bbox 396 2776 443 2853; x_wconf 84' lang='lat' dir='ltr'><strong>ad</strong></span> <span class='ocrx_word' id='word_1_135' title='bbox 477 2797 591 2851; x_wconf 89' lang='lat' dir='ltr'><strong>aures</strong></span> <span class='ocrx_word' id='word_1_136' title='bbox 626 2775 830 2850; x_wconf 90' lang='lat' dir='ltr'><strong>multorum</strong></span> <span class='ocrx_word' id='word_1_137' title='bbox 866 2776 1100 2872; x_wconf 83' lang='lat' dir='ltr'><strong>scholarium,</strong></span> <span class='ocrx_word' id='word_1_138' title='bbox 1127 2784 1166 2852; x_wconf 91' lang='lat' dir='ltr'><strong>et</strong></span> <span class='ocrx_word' id='word_1_139' title='bbox 1197 2776 1364 2852; x_wconf 87' lang='lat' dir='ltr'><strong>doctriua</strong></span> <span class='ocrx_word' id='word_1_140' title='bbox 1392 2797 1477 2853; x_wconf 89' lang='lat' dir='ltr'><strong>mea</strong></span> <span class='ocrx_word' id='word_1_141' title='bbox 1501 2776 1571 2852; x_wconf 85' lang='lat' dir='ltr'><strong>dil·</strong></span> 
     </span>
     <span class='ocr_line' id='line_1_17' title="bbox 396 2895 1570 2992; baseline 0.003 -22"><span class='ocrx_word' id='word_1_142' title='bbox 396 2895 560 2972; x_wconf 78' lang='lat' dir='ltr'><strong>drnditur</strong></span> <span class='ocrx_word' id='word_1_143' title='bbox 591 2896 627 2969; x_wconf 91' lang='lat' dir='ltr'><strong>in</strong></span> <span class='ocrx_word' id='word_1_144' title='bbox 661 2903 804 2972; x_wconf 91' lang='lat' dir='ltr'><strong>mentes</strong></span> <span class='ocrx_word' id='word_1_145' title='bbox 837 2897 1041 2972; x_wconf 87' lang='lat' dir='ltr'><strong>multorum</strong></span> <span class='ocrx_word' id='word_1_146' title='bbox 1071 2897 1297 2992; x_wconf 87' lang='lat' dir='ltr'><strong>auditorum,</strong></span> <span class='ocrx_word' id='word_1_147' title='bbox 1323 2898 1570 2974; x_wconf 86' lang='lat' dir='ltr'><strong>diversimode</strong></span> 
     </span>
     <span class='ocr_line' id='line_1_18' title="bbox 395 3018 1568 3115; baseline 0.003 -24"><span class='ocrx_word' id='word_1_148' title='bbox 395 3021 520 3092; x_wconf 88' lang='lat' dir='ltr'><strong>tamen</strong></span> <span class='ocrx_word' id='word_1_149' title='bbox 545 3037 615 3114; x_wconf 90' lang='lat' dir='ltr'><strong>pro</strong></span> <span class='ocrx_word' id='word_1_150' title='bbox 639 3019 815 3113; x_wconf 81' lang='lat' dir='ltr'><strong>qrralitate</strong></span> <span class='ocrx_word' id='word_1_151' title='bbox 840 3019 1085 3115; x_wconf 82' lang='lat' dir='ltr'><strong>ingeniorum,</strong></span> <span class='ocrx_word' id='word_1_152' title='bbox 1112 3025 1150 3093; x_wconf 91' lang='lat' dir='ltr'><strong>et</strong></span> <span class='ocrx_word' id='word_1_153' title='bbox 1180 3026 1305 3095; x_wconf 75' lang='lat' dir='ltr'><strong>murco</strong></span> <span class='ocrx_word' id='word_1_154' title='bbox 1334 3018 1372 3093; x_wconf 92' lang='lat' dir='ltr'><strong>in</strong></span> <span class='ocrx_word' id='word_1_155' title='bbox 1402 3041 1465 3096; x_wconf 90' lang='lat' dir='ltr'><strong>me</strong></span> <span class='ocrx_word' id='word_1_156' title='bbox 1494 3041 1568 3096; x_wconf 91' lang='lat' dir='ltr'><strong>uon</strong></span> 
     </span>
     <span class='ocr_line' id='line_1_19' title="bbox 395 3136 1569 3234; baseline 0.005 -24"><span class='ocrx_word' id='word_1_157' title='bbox 395 3136 586 3233; x_wconf 83' lang='lat' dir='ltr'><strong>minuitur,</strong></span> <span class='ocrx_word' id='word_1_158' title='bbox 613 3138 689 3213; x_wconf 93' lang='lat' dir='ltr'><strong>imo</strong></span> <span class='ocrx_word' id='word_1_159' title='bbox 713 3138 856 3232; x_wconf 82' lang='lat' dir='ltr'><strong>crescit,</strong></span> <span class='ocrx_word' id='word_1_160' title='bbox 876 3138 971 3212; x_wconf 91' lang='lat' dir='ltr'><strong>sicut</strong></span> <span class='ocrx_word' id='word_1_161' title='bbox 996 3139 1148 3214; x_wconf 88' lang='lat' dir='ltr'><strong>memini</strong></span> <span class='ocrx_word' id='word_1_162' title='bbox 1173 3159 1236 3214; x_wconf 91' lang='lat' dir='ltr'><strong>me</strong></span> <span class='ocrx_word' id='word_1_163' title='bbox 1259 3139 1407 3214; x_wconf 88' lang='lat' dir='ltr'><strong>solitum</strong></span> <span class='ocrx_word' id='word_1_164' title='bbox 1433 3140 1569 3234; x_wconf 78' lang='lat' dir='ltr'><strong>dicero,</strong></span> 
     </span>
     <span class='ocr_line' id='line_1_20' title="bbox 394 3257 1568 3336; baseline 0.002 -4"><span class='ocrx_word' id='word_1_165' title='bbox 394 3275 481 3332; x_wconf 89' lang='lat' dir='ltr'><strong>cum</strong></span> <span class='ocrx_word' id='word_1_166' title='bbox 507 3257 668 3334; x_wconf 82' lang='lat' dir='ltr'><strong>iacerem</strong></span> <span class='ocrx_word' id='word_1_167' title='bbox 694 3258 800 3332; x_wconf 86' lang='lat' dir='ltr'><strong>istam</strong></span> <span class='ocrx_word' id='word_1_168' title='bbox 828 3259 1008 3334; x_wconf 87' lang='lat' dir='ltr'><strong>lecturam</strong></span> <span class='ocrx_word' id='word_1_169' title='bbox 1032 3260 1069 3334; x_wconf 93' lang='lat' dir='ltr'><strong>in</strong></span> <span class='ocrx_word' id='word_1_170' title='bbox 1095 3259 1270 3335; x_wconf 89' lang='lat' dir='ltr'><strong>Bononia.</strong></span> <span class='ocrx_word' id='word_1_171' title='bbox 1297 3261 1341 3334; x_wconf 80' lang='lat' dir='ltr'><strong>ut</strong></span> <span class='ocrx_word' id='word_1_172' title='bbox 1364 3261 1568 3336; x_wconf 87' lang='lat' dir='ltr'><strong>concludit:</strong></span> 
     </span>
     <span class='ocr_line' id='line_1_21' title="bbox 392 3368 1571 3474; baseline 0.005 -24"><span class='ocrx_word' id='word_1_173' title='bbox 392 3368 568 3469; x_wconf 75' lang='lat' dir='ltr'><strong>connato</strong></span> <span class='ocrx_word' id='word_1_174' title='bbox 601 3385 700 3470; x_wconf 81' lang='lat' dir='ltr'><strong>pente</strong></span> <span class='ocrx_word' id='word_1_175' title='bbox 726 3374 787 3472; x_wconf 77' lang='lat' dir='ltr'><strong>piri</strong></span> <span class='ocrx_word' id='word_1_176' title='bbox 817 3373 912 3454; x_wconf 79' lang='lat' dir='ltr'><strong>lassd</strong></span> <span class='ocrx_word' id='word_1_177' title='bbox 944 3381 972 3452; x_wconf 87' lang='lat' dir='ltr'><strong>s&#39;</strong></span> <span class='ocrx_word' id='word_1_178' title='bbox 985 3382 1134 3471; x_wconf 70' lang='lat' dir='ltr'><strong>indende,</strong></span> <span class='ocrx_word' id='word_1_179' title='bbox 1167 3379 1270 3474; x_wconf 78' lang='lat' dir='ltr'><strong>idest,</strong></span> <span class='ocrx_word' id='word_1_180' title='bbox 1301 3379 1503 3455; x_wconf 76' lang='lat' dir='ltr'><strong>intenditur</strong></span> <span class='ocrx_word' id='word_1_181' title='bbox 1531 3387 1571 3456; x_wconf 90' lang='lat' dir='ltr'><strong>et</strong></span> 
     </span>
     <span class='ocr_line' id='line_1_22' title="bbox 394 3495 1572 3596; baseline 0.003 -24"><span class='ocrx_word' id='word_1_182' title='bbox 394 3497 655 3594; x_wconf 74' lang='lat' dir='ltr'><strong>multiplicatur</strong></span> <span class='ocrx_word' id='word_1_183' title='bbox 681 3499 717 3574; x_wconf 93' lang='lat' dir='ltr'><strong>iu</strong></span> <span class='ocrx_word' id='word_1_184' title='bbox 743 3498 849 3593; x_wconf 76' lang='lat' dir='ltr'><strong>coelo,</strong></span> <span class='ocrx_word' id='word_1_185' title='bbox 868 3498 926 3574; x_wconf 85' lang='lat' dir='ltr'><strong>vel</strong></span> <span class='ocrx_word' id='word_1_186' title='bbox 952 3497 1159 3596; x_wconf 83' lang='lat' dir='ltr'><strong>intelligunt</strong></span> <span class='ocrx_word' id='word_1_187' title='bbox 1178 3519 1219 3574; x_wconf 92' lang='lat' dir='ltr'><strong>se</strong></span> <span class='ocrx_word' id='word_1_188' title='bbox 1246 3498 1415 3594; x_wconf 88' lang='lat' dir='ltr'><strong>invicem,</strong></span> <span class='ocrx_word' id='word_1_189' title='bbox 1427 3497 1492 3594; x_wconf 82' lang='lat' dir='ltr'><strong>pid</strong></span> <span class='ocrx_word' id='word_1_190' title='bbox 1509 3495 1572 3575; x_wconf 76' lang='lat' dir='ltr'><strong>o&#39;e&#39;</strong></span> 
     </span>
     <span class='ocr_line' id='line_1_23' title="bbox 393 3615 1571 3715; baseline 0.003 -23"><span class='ocrx_word' id='word_1_191' title='bbox 393 3619 442 3692; x_wconf 84' lang='lat' dir='ltr'><strong>du</strong></span> <span class='ocrx_word' id='word_1_192' title='bbox 466 3619 530 3692; x_wconf 77' lang='lat' dir='ltr'><strong>deo</strong></span> <span class='ocrx_word' id='word_1_193' title='bbox 555 3640 662 3692; x_wconf 86' lang='lat' dir='ltr'><strong>amar</strong></span> <span class='ocrx_word' id='word_1_194' title='bbox 686 3615 790 3712; x_wconf 79' lang='lat' dir='ltr'><strong>epid</strong></span> <span class='ocrx_word' id='word_1_195' title='bbox 815 3623 850 3693; x_wconf 82' lang='lat' dir='ltr'><strong>oi</strong></span> <span class='ocrx_word' id='word_1_196' title='bbox 872 3622 902 3692; x_wconf 67' lang='grc' dir='ltr'><strong>ε’</strong></span> <span class='ocrx_word' id='word_1_197' title='bbox 915 3639 1024 3713; x_wconf 65' lang='lat' dir='ltr'><strong>omn5</strong></span> <span class='ocrx_word' id='word_1_198' title='bbox 1055 3620 1154 3712; x_wconf 89' lang='lat' dir='ltr'><strong>quod</strong></span> <span class='ocrx_word' id='word_1_199' title='bbox 1179 3619 1343 3695; x_wconf 78' lang='lat' dir='ltr'><strong>declarat</strong></span> <span class='ocrx_word' id='word_1_200' title='bbox 1375 3640 1442 3715; x_wconf 92' lang='lat' dir='ltr'><strong>per</strong></span> <span class='ocrx_word' id='word_1_201' title='bbox 1466 3641 1571 3695; x_wconf 90' lang='lat' dir='ltr'><strong>oom-</strong></span> 
     </span>
     <span class='ocr_line' id='line_1_24' title="bbox 394 3729 1569 3836; baseline 0.002 -23"><span class='ocrx_word' id='word_1_202' title='bbox 394 3740 633 3836; x_wconf 86' lang='lat' dir='ltr'><strong>paratiouem,</strong></span> <span class='ocrx_word' id='word_1_203' title='bbox 666 3739 789 3816; x_wconf 92' lang='lat' dir='ltr'><strong>dicens</strong></span> <span class='ocrx_word' id='word_1_204' title='bbox 807 3729 867 3833; x_wconf 62' lang='grc' dir='ltr'><strong>(ῆι</strong></span> <span class='ocrx_word' id='word_1_205' title='bbox 905 3759 1050 3813; x_wconf 79' lang='lat' dir='ltr'><strong>roomo</strong></span> <span class='ocrx_word' id='word_1_206' title='bbox 1078 3743 1235 3832; x_wconf 74' lang='lat' dir='ltr'><strong>speccldo</strong></span> <span class='ocrx_word' id='word_1_207' title='bbox 1266 3744 1372 3814; x_wconf 76' lang='lat' dir='ltr'><strong>luno</strong></span> <span class='ocrx_word' id='word_1_208' title='bbox 1402 3743 1463 3814; x_wconf 85' lang='lat' dir='ltr'><strong>ull&#39;</strong></span> <span class='ocrx_word' id='word_1_209' title='bbox 1474 3744 1569 3816; x_wconf 75' lang='lat' dir='ltr'><strong>auo</strong></span> 
     </span>
     <span class='ocr_line' id='line_1_25' title="bbox 393 3859 1569 3957; baseline 0 -23"><span class='ocrx_word' id='word_1_210' title='bbox 393 3863 527 3954; x_wconf 75' lang='lat' dir='ltr'><strong>ruodc5</strong></span> <span class='ocrx_word' id='word_1_211' title='bbox 543 3859 637 3934; x_wconf 90' lang='lat' dir='ltr'><strong>sicut</strong></span> <span class='ocrx_word' id='word_1_212' title='bbox 662 3860 691 3934; x_wconf 92' lang='lat' dir='ltr'><strong>si</strong></span> <span class='ocrx_word' id='word_1_213' title='bbox 717 3861 787 3934; x_wconf 89' lang='lat' dir='ltr'><strong>sint</strong></span> <span class='ocrx_word' id='word_1_214' title='bbox 804 3860 911 3956; x_wconf 91' lang='lat' dir='ltr'><strong>plura</strong></span> <span class='ocrx_word' id='word_1_215' title='bbox 928 3859 1088 3954; x_wconf 88' lang='lat' dir='ltr'><strong>speculo,</strong></span> <span class='ocrx_word' id='word_1_216' title='bbox 1106 3879 1270 3953; x_wconf 84' lang='lat' dir='ltr'><strong>quorum</strong></span> <span class='ocrx_word' id='word_1_217' title='bbox 1289 3880 1407 3933; x_wconf 92' lang='lat' dir='ltr'><strong>unum</strong></span> <span class='ocrx_word' id='word_1_218' title='bbox 1430 3879 1569 3957; x_wconf 82' lang='lat' dir='ltr'><strong>reprae-</strong></span> 
     </span>
     <span class='ocr_line' id='line_1_26' title="bbox 395 3967 1568 4074; baseline 0.003 -20"><span class='ocrx_word' id='word_1_219' title='bbox 395 3986 560 4054; x_wconf 90' lang='lat' dir='ltr'><strong>sentetur</strong></span> <span class='ocrx_word' id='word_1_220' title='bbox 586 3979 622 4053; x_wconf 94' lang='lat' dir='ltr'><strong>in</strong></span> <span class='ocrx_word' id='word_1_221' title='bbox 648 3980 730 4054; x_wconf 88' lang='lat' dir='ltr'><strong>alio.</strong></span> <span class='ocrx_word' id='word_1_222' title='bbox 757 3981 800 4054; x_wconf 84' lang='lat' dir='ltr'><strong>Et</strong></span> <span class='ocrx_word' id='word_1_223' title='bbox 825 3981 920 4054; x_wconf 86' lang='lat' dir='ltr'><strong>sicut</strong></span> <span class='ocrx_word' id='word_1_224' title='bbox 945 3978 1114 4055; x_wconf 83' lang='lat' dir='ltr'><strong>ridemus</strong></span> <span class='ocrx_word' id='word_1_225' title='bbox 1130 3967 1167 4072; x_wconf 70' lang='lat'><strong>(⁴)</strong></span> <span class='ocrx_word' id='word_1_226' title='bbox 1189 3980 1289 4074; x_wconf 84' lang='lat' dir='ltr'><strong>quod</strong></span> <span class='ocrx_word' id='word_1_227' title='bbox 1317 4002 1390 4056; x_wconf 93' lang='lat' dir='ltr'><strong>una</strong></span> <span class='ocrx_word' id='word_1_228' title='bbox 1415 3981 1568 4057; x_wconf 77' lang='lat' dir='ltr'><strong>lucerna</strong></span> 
     </span>
     <span class='ocr_line' id='line_1_27' title="bbox 393 4098 1566 4196; baseline 0.002 -22"><span class='ocrx_word' id='word_1_229' title='bbox 393 4099 559 4174; x_wconf 85' lang='lat' dir='ltr'><strong>accendit</strong></span> <span class='ocrx_word' id='word_1_230' title='bbox 584 4100 683 4174; x_wconf 88' lang='lat' dir='ltr'><strong>mille</strong></span> <span class='ocrx_word' id='word_1_231' title='bbox 708 4109 746 4177; x_wconf 89' lang='lat' dir='ltr'><strong>et</strong></span> <span class='ocrx_word' id='word_1_232' title='bbox 770 4106 919 4174; x_wconf 88' lang='lat' dir='ltr'><strong>centum</strong></span> <span class='ocrx_word' id='word_1_233' title='bbox 948 4099 1072 4194; x_wconf 83' lang='lat' dir='ltr'><strong>millia,</strong></span> <span class='ocrx_word' id='word_1_234' title='bbox 1090 4106 1127 4176; x_wconf 91' lang='lat' dir='ltr'><strong>et</strong></span> <span class='ocrx_word' id='word_1_235' title='bbox 1152 4098 1203 4175; x_wconf 89' lang='lat' dir='ltr'><strong>ita</strong></span> <span class='ocrx_word' id='word_1_236' title='bbox 1219 4100 1395 4196; x_wconf 85' lang='lat' dir='ltr'><strong>sapientia</strong></span> <span class='ocrx_word' id='word_1_237' title='bbox 1412 4107 1450 4176; x_wconf 87' lang='lat' dir='ltr'><strong>et</strong></span> <span class='ocrx_word' id='word_1_238' title='bbox 1465 4099 1566 4176; x_wconf 69' lang='lat' dir='ltr'><strong>tideo</strong></span> 
     </span>
     <span class='ocr_line' id='line_1_28' title="bbox 393 4219 1567 4318; baseline 0.002 -24"><span class='ocrx_word' id='word_1_239' title='bbox 393 4257 443 4274; x_wconf 91' lang='lat'><em>-</em></span> <span class='ocrx_word' id='word_1_240' title='bbox 455 4225 489 4294; x_wconf 84' lang='lat' dir='ltr'><em>E</em></span> <span class='ocrx_word' id='word_1_241' title='bbox 510 4241 557 4293; x_wconf 79' lang='lat' dir='ltr'><strong>sc.</strong></span> <span class='ocrx_word' id='word_1_242' title='bbox 583 4219 648 4295; x_wconf 83' lang='lat' dir='ltr'><strong>llic</strong></span> <span class='ocrx_word' id='word_1_243' title='bbox 667 4220 797 4295; x_wconf 90' lang='lat' dir='ltr'><strong>ultimo</strong></span> <span class='ocrx_word' id='word_1_244' title='bbox 814 4219 986 4318; x_wconf 81' lang='lat' dir='ltr'><strong>Virgilius</strong></span> <span class='ocrx_word' id='word_1_245' title='bbox 1003 4219 1139 4296; x_wconf 84' lang='lat' dir='ltr'><strong>iaciens</strong></span> <span class='ocrx_word' id='word_1_246' title='bbox 1156 4220 1280 4315; x_wconf 84' lang='lat' dir='ltr'><strong>tinem,</strong></span> <span class='ocrx_word' id='word_1_247' title='bbox 1299 4221 1452 4296; x_wconf 79' lang='lat' dir='ltr'><strong>remittit</strong></span> <span class='ocrx_word' id='word_1_248' title='bbox 1467 4221 1567 4296; x_wconf 82' lang='lat' dir='ltr'><strong>Dau-</strong></span> 
     </span>
    </p>
   </div>
   <div class='ocr_carea' id='block_1_4' title="bbox 280 4338 1568 4436">
    <p class='ocr_par' dir='ltr' id='par_1_4' title="bbox 280 4338 1568 4436">
     <span class='ocr_line' id='line_1_29' title="bbox 280 4338 1568 4436; baseline -0.001 -18"><span class='ocrx_word' id='word_1_249' title='bbox 280 4411 283 4418; x_wconf 80' lang='grc'>,</span> <span class='ocrx_word' id='word_1_250' title='bbox 394 4345 469 4416; x_wconf 85' lang='lat' dir='ltr'><strong>tem</strong></span> <span class='ocrx_word' id='word_1_251' title='bbox 494 4340 540 4414; x_wconf 90' lang='lat' dir='ltr'><strong>ad</strong></span> <span class='ocrx_word' id='word_1_252' title='bbox 561 4338 743 4436; x_wconf 85' lang='lat' dir='ltr'><strong>judicium</strong></span> <span class='ocrx_word' id='word_1_253' title='bbox 769 4339 1008 4434; x_wconf 84' lang='lat' dir='ltr'><strong>sapientioris,</strong></span> <span class='ocrx_word' id='word_1_254' title='bbox 1025 4338 1056 4413; x_wconf 88' lang='lat' dir='ltr'><strong>si</strong></span> <span class='ocrx_word' id='word_1_255' title='bbox 1074 4339 1169 4414; x_wconf 88' lang='lat' dir='ltr'><strong>lorte</strong></span> <span class='ocrx_word' id='word_1_256' title='bbox 1194 4340 1317 4415; x_wconf 92' lang='lat' dir='ltr'><strong>miuus</strong></span> <span class='ocrx_word' id='word_1_257' title='bbox 1340 4339 1568 4416; x_wconf 84' lang='lat' dir='ltr'><strong>sufficienter</strong></span> 
     </span>
    </p>
   </div>
   <div class='ocr_carea' id='block_1_5' title="bbox 392 4458 1569 4675">
    <p class='ocr_par' dir='ltr' id='par_1_5' title="bbox 392 4458 1569 4675">
     <span class='ocr_line' id='line_1_30' title="bbox 392 4458 1569 4555; baseline -0.001 -20"><span class='ocrx_word' id='word_1_258' title='bbox 392 4460 438 4536; x_wconf 81' lang='lat' dir='ltr'><strong>sit</strong></span> <span class='ocrx_word' id='word_1_259' title='bbox 463 4480 692 4555; x_wconf 82' lang='lat' dir='ltr'><strong>responsum.</strong></span> <span class='ocrx_word' id='word_1_260' title='bbox 721 4459 822 4535; x_wconf 90' lang='lat' dir='ltr'><strong>Unde</strong></span> <span class='ocrx_word' id='word_1_261' title='bbox 846 4458 951 4534; x_wconf 89' lang='lat' dir='ltr'><strong>dicit:</strong></span> <span class='ocrx_word' id='word_1_262' title='bbox 984 4463 1018 4533; x_wconf 84' lang='lat' dir='ltr'><em>E</em></span> <span class='ocrx_word' id='word_1_263' title='bbox 1047 4481 1086 4533; x_wconf 83' lang='lat' dir='ltr'><strong>sc</strong></span> <span class='ocrx_word' id='word_1_264' title='bbox 1117 4463 1155 4534; x_wconf 85' lang='lat' dir='ltr'><strong>lu</strong></span> <span class='ocrx_word' id='word_1_265' title='bbox 1192 4464 1264 4534; x_wconf 83' lang='lat' dir='ltr'><strong>mio</strong></span> <span class='ocrx_word' id='word_1_266' title='bbox 1298 4464 1447 4553; x_wconf 70' lang='lat' dir='ltr'><strong>rapior,</strong></span> <span class='ocrx_word' id='word_1_267' title='bbox 1472 4461 1569 4536; x_wconf 88' lang='lat' dir='ltr'><strong>scili·</strong></span> 
     </span>
     <span class='ocr_line' id='line_1_31' title="bbox 392 4571 1568 4675; baseline 0.002 -21"><span class='ocrx_word' id='word_1_268' title='bbox 392 4585 450 4654; x_wconf 89' lang='lat' dir='ltr'><strong>cet</strong></span> <span class='ocrx_word' id='word_1_269' title='bbox 474 4579 663 4674; x_wconf 84' lang='lat' dir='ltr'><strong>naturalis,</strong></span> <span class='ocrx_word' id='word_1_270' title='bbox 689 4600 762 4653; x_wconf 83' lang='lat' dir='ltr'><strong>noo</strong></span> <span class='ocrx_word' id='word_1_271' title='bbox 791 4581 818 4653; x_wconf 80' lang='lat' dir='ltr'><strong>a·</strong></span> <span class='ocrx_word' id='word_1_272' title='bbox 848 4581 1016 4673; x_wconf 58' lang='lat' dir='ltr'><strong>desumo,</strong></span> <span class='ocrx_word' id='word_1_273' title='bbox 1043 4600 1117 4654; x_wconf 91' lang='lat' dir='ltr'><strong>uon</strong></span> <span class='ocrx_word' id='word_1_274' title='bbox 1130 4571 1168 4672; x_wconf 80' lang='lat'><strong>(⁵)</strong></span> <span class='ocrx_word' id='word_1_275' title='bbox 1194 4579 1288 4655; x_wconf 86' lang='lat' dir='ltr'><strong>tollit</strong></span> <span class='ocrx_word' id='word_1_276' title='bbox 1321 4581 1385 4655; x_wconf 87' lang='lat' dir='ltr'><strong>tibi</strong></span> <span class='ocrx_word' id='word_1_277' title='bbox 1416 4581 1568 4675; x_wconf 83' lang='lat' dir='ltr'><strong>tamem,</strong></span> 
     </span>
    </p>
   </div>
   <div class='ocr_carea' id='block_1_6' title="bbox 454 4841 1276 5136">
    <p class='ocr_par' dir='ltr' id='par_1_6' title="bbox 454 4841 1143 4908">
     <span class='ocr_line' id='line_1_32' title="bbox 454 4841 1143 4908; baseline 0 -14"><span class='ocrx_word' id='word_1_278' title='bbox 454 4845 481 4908; x_wconf 63' lang='lat' dir='ltr'><strong>(r)</strong></span> <span class='ocrx_word' id='word_1_279' title='bbox 497 4845 528 4894; x_wconf 84' lang='lat' dir='ltr'><strong>E.</strong></span> <span class='ocrx_word' id='word_1_280' title='bbox 544 4857 596 4895; x_wconf 90' lang='lat' dir='ltr'><strong>uon</strong></span> <span class='ocrx_word' id='word_1_281' title='bbox 613 4849 725 4907; x_wconf 78' lang='lat' dir='ltr'><strong>ponatur</strong></span> <span class='ocrx_word' id='word_1_282' title='bbox 740 4847 753 4892; x_wconf 86' lang='lat' dir='ltr'><strong>t</strong></span> <span class='ocrx_word' id='word_1_283' title='bbox 769 4843 795 4894; x_wconf 90' lang='lat' dir='ltr'><strong>ln</strong></span> <span class='ocrx_word' id='word_1_284' title='bbox 813 4843 896 4902; x_wconf 82' lang='lat' dir='ltr'><strong>litera,</strong></span> <span class='ocrx_word' id='word_1_285' title='bbox 913 4847 940 4892; x_wconf 86' lang='lat' dir='ltr'><strong>ct</strong></span> <span class='ocrx_word' id='word_1_286' title='bbox 955 4841 1075 4894; x_wconf 72' lang='lat' dir='ltr'><strong>dicutur:</strong></span> <span class='ocrx_word' id='word_1_287' title='bbox 1091 4845 1143 4894; x_wconf 81' lang='lat' dir='ltr'><strong>cle.</strong></span> 
     </span>
    </p>

    <p class='ocr_par' dir='ltr' id='par_1_7' title="bbox 454 4920 1038 4986">
     <span class='ocr_line' id='line_1_33' title="bbox 454 4920 1038 4986; baseline -0.003 -14"><span class='ocrx_word' id='word_1_288' title='bbox 454 4920 482 4986; x_wconf 80' lang='lat'><strong>(¹)</strong></span> <span class='ocrx_word' id='word_1_289' title='bbox 498 4921 524 4972; x_wconf 85' lang='lat' dir='ltr'><strong>S.</strong></span> <span class='ocrx_word' id='word_1_290' title='bbox 541 4923 567 4971; x_wconf 91' lang='lat' dir='ltr'><strong>iu</strong></span> <span class='ocrx_word' id='word_1_291' title='bbox 582 4926 685 4972; x_wconf 72' lang='lat' dir='ltr'><strong>mlum</strong></span> <span class='ocrx_word' id='word_1_292' title='bbox 701 4926 829 4986; x_wconf 79' lang='lat' dir='ltr'><strong>quantum</strong></span> <span class='ocrx_word' id='word_1_293' title='bbox 843 4921 898 4984; x_wconf 76' lang='lat' dir='ltr'><strong>ipsu</strong></span> <span class='ocrx_word' id='word_1_294' title='bbox 915 4921 1017 4970; x_wconf 67' lang='lat' dir='ltr'><strong>curltm</strong></span> <span class='ocrx_word' id='word_1_295' title='bbox 1036 4921 1038 4926; x_wconf 88' lang='lat'>&#39;</span> 
     </span>
    </p>

    <p class='ocr_par' dir='ltr' id='par_1_8' title="bbox 455 4995 1276 5136">
     <span class='ocr_line' id='line_1_34' title="bbox 455 4995 1276 5061; baseline 0.002 -13"><span class='ocrx_word' id='word_1_296' title='bbox 455 4998 482 5058; x_wconf 79' lang='lat'><strong>(⁸)</strong></span> <span class='ocrx_word' id='word_1_297' title='bbox 497 5001 552 5058; x_wconf 75' lang='lat'><strong>¹⁷7,</strong></span> <span class='ocrx_word' id='word_1_298' title='bbox 568 4997 711 5061; x_wconf 75' lang='lat' dir='ltr'><strong>proprium,</strong></span> <span class='ocrx_word' id='word_1_299' title='bbox 727 4999 824 5048; x_wconf 84' lang='lat' dir='ltr'><strong>diosus.</strong></span> <span class='ocrx_word' id='word_1_300' title='bbox 1067 4995 1094 5058; x_wconf 75' lang='lat'><strong>(⁴)</strong></span> <span class='ocrx_word' id='word_1_301' title='bbox 1110 4997 1141 5048; x_wconf 82' lang='lat' dir='ltr'><strong>B.</strong></span> <span class='ocrx_word' id='word_1_302' title='bbox 1156 4998 1276 5050; x_wconf 78' lang='lat' dir='ltr'><strong>vidimus.</strong></span> 
     </span>
     <span class='ocr_line' id='line_1_35' title="bbox 455 5072 1246 5136; baseline 0.003 -12"><span class='ocrx_word' id='word_1_303' title='bbox 455 5074 484 5136; x_wconf 59' lang='grc' dir='ltr'><strong>(Ἰ</strong></span> <span class='ocrx_word' id='word_1_304' title='bbox 499 5075 529 5124; x_wconf 79' lang='grc' dir='ltr'><strong>Ε.</strong></span> <span class='ocrx_word' id='word_1_305' title='bbox 545 5074 617 5132; x_wconf 83' lang='lat' dir='ltr'><strong>ldost,</strong></span> <span class='ocrx_word' id='word_1_306' title='bbox 635 5087 686 5124; x_wconf 90' lang='lat' dir='ltr'><strong>non</strong></span> <span class='ocrx_word' id='word_1_307' title='bbox 703 5074 772 5126; x_wconf 85' lang='lat' dir='ltr'><strong>tollit</strong></span> <span class='ocrx_word' id='word_1_308' title='bbox 788 5073 835 5126; x_wconf 84' lang='lat' dir='ltr'><strong>tihi</strong></span> <span class='ocrx_word' id='word_1_309' title='bbox 850 5073 955 5134; x_wconf 77' lang='lat' dir='ltr'><strong>lumem.</strong></span> <span class='ocrx_word' id='word_1_310' title='bbox 970 5072 1022 5126; x_wconf 85' lang='lat' dir='ltr'><strong>ltuu</strong></span> <span class='ocrx_word' id='word_1_311' title='bbox 1037 5078 1076 5124; x_wconf 78' lang='lat' dir='ltr'><strong>cst</strong></span> <span class='ocrx_word' id='word_1_312' title='bbox 1092 5087 1146 5124; x_wconf 80' lang='lat' dir='ltr'><strong>nou</strong></span> <span class='ocrx_word' id='word_1_313' title='bbox 1162 5073 1246 5126; x_wconf 69' lang='lat' dir='ltr'><strong>nnuc</strong></span> 
     </span>
    </p>
   </div>
   <div class='ocr_carea' id='block_1_7' title="bbox 0 0 2276 6840">
    <p class='ocr_par' dir='ltr' id='par_1_9' title="bbox 0 0 2276 6840">
     <span class='ocr_line' id='line_1_36' title="bbox 0 0 2276 6840; baseline 0 0"><span class='ocrx_word' id='word_1_314' title='bbox 0 0 2276 6840; x_wconf 95' lang='lat' dir='ltr'><strong> </strong></span> 
     </span>
    </p>
   </div>
  </div>
 </body>
</html>
