<?xml version="1.0" encoding="UTF-8"?>
<!DOCTYPE html PUBLIC "-//W3C//DTD XHTML 1.0 Transitional//EN"
    "http://www.w3.org/TR/xhtml1/DTD/xhtml1-transitional.dtd">
<html xmlns="http://www.w3.org/1999/xhtml" xml:lang="en" lang="en">
 <head>
  <title>
</title>
<meta http-equiv="Content-Type" content="text/html;charset=utf-8" />
  <meta name='ocr-system' content='tesseract 3.04.00' />
  <meta name='ocr-capabilities' content='ocr_page ocr_carea ocr_par ocr_line ocrx_word'/>
</head>
<body>
  <div class='ocr_page' id='page_1' title='image "./comentumsuperda01unkngoog_0074.png"; bbox 0 0 4542 6842; ppageno 0'>
   <div class='ocr_carea' id='block_1_1' title="bbox 699 949 1511 1019">
    <p class='ocr_par' dir='ltr' id='par_1_1' title="bbox 699 949 1511 1019">
     <span class='ocr_line' id='line_1_1' title="bbox 699 949 1511 1019; baseline -0.004 -1"><span class='ocrx_word' id='word_1_1' title='bbox 699 949 746 1018; x_wconf 75' lang='lat'><strong>62</strong></span> <span class='ocrx_word' id='word_1_2' title='bbox 1063 961 1267 1018; x_wconf 72' lang='lat' dir='ltr'><strong>conburunt</strong></span> <span class='ocrx_word' id='word_1_3' title='bbox 1293 962 1511 1019; x_wconf 78' lang='lat' dir='ltr'><strong>ruaenronn</strong></span> 
     </span>
    </p>
   </div>
   <div class='ocr_carea' id='block_1_2' title="bbox 696 1106 1874 1205">
    <p class='ocr_par' dir='ltr' id='par_1_2' title="bbox 696 1106 1874 1205">
     <span class='ocr_line' id='line_1_2' title="bbox 696 1106 1874 1205; baseline -0.003 -21"><span class='ocrx_word' id='word_1_4' title='bbox 696 1109 917 1205; x_wconf 76' lang='lat' dir='ltr'><strong>generaliter</strong></span> <span class='ocrx_word' id='word_1_5' title='bbox 943 1113 998 1182; x_wconf 88' lang='lat' dir='ltr'><strong>est</strong></span> <span class='ocrx_word' id='word_1_6' title='bbox 1023 1107 1189 1201; x_wconf 90' lang='lat' dir='ltr'><strong>imbellis,</strong></span> <span class='ocrx_word' id='word_1_7' title='bbox 1215 1107 1295 1182; x_wconf 86' lang='lat' dir='ltr'><strong>vilis</strong></span> <span class='ocrx_word' id='word_1_8' title='bbox 1327 1114 1366 1183; x_wconf 89' lang='lat' dir='ltr'><strong>et</strong></span> <span class='ocrx_word' id='word_1_9' title='bbox 1396 1107 1527 1201; x_wconf 89' lang='lat' dir='ltr'><strong>tristis;</strong></span> <span class='ocrx_word' id='word_1_10' title='bbox 1554 1106 1663 1200; x_wconf 91' lang='lat' dir='ltr'><strong>unde,</strong></span> <span class='ocrx_word' id='word_1_11' title='bbox 1694 1113 1737 1180; x_wconf 90' lang='lat' dir='ltr'><strong>ut</strong></span> <span class='ocrx_word' id='word_1_12' title='bbox 1764 1106 1874 1182; x_wconf 90' lang='lat' dir='ltr'><strong>omit-</strong></span> 
     </span>
    </p>
   </div>
   <div class='ocr_carea' id='block_1_3' title="bbox 698 1227 1998 1324">
    <p class='ocr_par' dir='ltr' id='par_1_3' title="bbox 698 1227 1998 1324">
     <span class='ocr_line' id='line_1_3' title="bbox 698 1227 1998 1324; baseline -0.003 -21"><span class='ocrx_word' id='word_1_13' title='bbox 698 1235 773 1303; x_wconf 90' lang='lat' dir='ltr'><strong>tam</strong></span> <span class='ocrx_word' id='word_1_14' title='bbox 805 1228 1009 1304; x_wconf 87' lang='lat' dir='ltr'><strong>testimonia</strong></span> <span class='ocrx_word' id='word_1_15' title='bbox 1039 1228 1162 1303; x_wconf 73' lang='lat' dir='ltr'><strong>Sacrae</strong></span> <span class='ocrx_word' id='word_1_16' title='bbox 1192 1228 1400 1324; x_wconf 77' lang='lat' dir='ltr'><strong>Scriptura,</strong></span> <span class='ocrx_word' id='word_1_17' title='bbox 1426 1227 1611 1303; x_wconf 88' lang='lat' dir='ltr'><strong>luvenalis</strong></span> <span class='ocrx_word' id='word_1_18' title='bbox 1645 1235 1753 1323; x_wconf 91' lang='lat' dir='ltr'><strong>poeta</strong></span> <span class='ocrx_word' id='word_1_19' title='bbox 1785 1229 1870 1302; x_wconf 93' lang='lat' dir='ltr'><strong>irri-</strong></span> <span class='ocrx_word' id='word_1_20' title='bbox 1991 1281 1998 1299; x_wconf 85' lang='lat'><strong>.</strong></span> 
     </span>
    </p>
   </div>
   <div class='ocr_carea' id='block_1_4' title="bbox 697 1344 1873 1686">
    <p class='ocr_par' dir='ltr' id='par_1_4' title="bbox 697 1344 1873 1686">
     <span class='ocr_line' id='line_1_4' title="bbox 697 1344 1873 1446; baseline 0 -24"><span class='ocrx_word' id='word_1_21' title='bbox 697 1344 811 1440; x_wconf 83' lang='lat' dir='ltr'><strong>det(¹)</strong></span> <span class='ocrx_word' id='word_1_22' title='bbox 842 1370 946 1426; x_wconf 89' lang='lat' dir='ltr'><strong>sacra</strong></span> <span class='ocrx_word' id='word_1_23' title='bbox 978 1349 1235 1446; x_wconf 88' lang='lat' dir='ltr'><strong>aegyptiorum,</strong></span> <span class='ocrx_word' id='word_1_24' title='bbox 1261 1349 1325 1444; x_wconf 94' lang='lat' dir='ltr'><strong>qui</strong></span> <span class='ocrx_word' id='word_1_25' title='bbox 1350 1350 1475 1422; x_wconf 89' lang='lat' dir='ltr'><strong>colunt</strong></span> <span class='ocrx_word' id='word_1_26' title='bbox 1507 1369 1574 1444; x_wconf 92' lang='lat' dir='ltr'><strong>pro</strong></span> <span class='ocrx_word' id='word_1_27' title='bbox 1604 1347 1671 1422; x_wconf 90' lang='lat' dir='ltr'><strong>diis</strong></span> <span class='ocrx_word' id='word_1_28' title='bbox 1699 1369 1810 1424; x_wconf 88' lang='lat' dir='ltr'><strong>canes</strong></span> <span class='ocrx_word' id='word_1_29' title='bbox 1836 1358 1873 1424; x_wconf 91' lang='lat' dir='ltr'><strong>et</strong></span> 
     </span>
     <span class='ocr_line' id='line_1_5' title="bbox 697 1468 1873 1566; baseline -0.001 -22"><span class='ocrx_word' id='word_1_30' title='bbox 697 1477 896 1564; x_wconf 85' lang='lat' dir='ltr'><strong>serpentes.</strong></span> <span class='ocrx_word' id='word_1_31' title='bbox 923 1468 1103 1544; x_wconf 81' lang='lat' dir='ltr'><strong>Adrianus</strong></span> <span class='ocrx_word' id='word_1_32' title='bbox 1132 1470 1243 1545; x_wconf 91' lang='lat' dir='ltr'><strong>etiarn</strong></span> <span class='ocrx_word' id='word_1_33' title='bbox 1270 1469 1469 1564; x_wconf 90' lang='lat' dir='ltr'><strong>imperator</strong></span> <span class='ocrx_word' id='word_1_34' title='bbox 1495 1489 1683 1563; x_wconf 92' lang='lat' dir='ltr'><strong>romanus,</strong></span> <span class='ocrx_word' id='word_1_35' title='bbox 1715 1491 1873 1566; x_wconf 89' lang='lat' dir='ltr'><strong>magnus</strong></span> 
     </span>
     <span class='ocr_line' id='line_1_6' title="bbox 698 1588 1871 1686; baseline -0.002 -22"><span class='ocrx_word' id='word_1_36' title='bbox 698 1596 818 1685; x_wconf 90' lang='lat' dir='ltr'><strong>poeta,</strong></span> <span class='ocrx_word' id='word_1_37' title='bbox 839 1597 877 1664; x_wconf 92' lang='lat' dir='ltr'><strong>et</strong></span> <span class='ocrx_word' id='word_1_38' title='bbox 898 1589 953 1663; x_wconf 84' lang='lat' dir='ltr'><strong>rir</strong></span> <span class='ocrx_word' id='word_1_39' title='bbox 974 1595 1074 1664; x_wconf 87' lang='lat' dir='ltr'><strong>certe</strong></span> <span class='ocrx_word' id='word_1_40' title='bbox 1091 1610 1236 1686; x_wconf 77' lang='lat' dir='ltr'><strong>magna</strong></span> <span class='ocrx_word' id='word_1_41' title='bbox 1256 1588 1501 1685; x_wconf 74' lang='lat' dir='ltr'><strong>intelligentia</strong></span> <span class='ocrx_word' id='word_1_42' title='bbox 1520 1595 1558 1664; x_wconf 89' lang='lat' dir='ltr'><strong>et</strong></span> <span class='ocrx_word' id='word_1_43' title='bbox 1575 1589 1788 1684; x_wconf 87' lang='lat' dir='ltr'><strong>prudentiae,</strong></span> <span class='ocrx_word' id='word_1_44' title='bbox 1807 1589 1871 1684; x_wconf 92' lang='lat' dir='ltr'><strong>qui</strong></span> 
     </span>
    </p>
   </div>
   <div class='ocr_carea' id='block_1_5' title="bbox 551 1699 1869 1805">
    <p class='ocr_par' dir='ltr' id='par_1_5' title="bbox 551 1699 1869 1805">
     <span class='ocr_line' id='line_1_7' title="bbox 551 1699 1869 1805; baseline 0.001 -24"><span class='ocrx_word' id='word_1_45' title='bbox 551 1699 554 1706; x_wconf 80' lang='grc'><strong>’</strong></span> <span class='ocrx_word' id='word_1_46' title='bbox 701 1709 781 1805; x_wconf 93' lang='lat' dir='ltr'><strong>plns</strong></span> <span class='ocrx_word' id='word_1_47' title='bbox 811 1709 1079 1804; x_wconf 80' lang='lat' dir='ltr'><strong>perambulavit</strong></span> <span class='ocrx_word' id='word_1_48' title='bbox 1105 1708 1310 1804; x_wconf 85' lang='lat' dir='ltr'><strong>provincias</strong></span> <span class='ocrx_word' id='word_1_49' title='bbox 1337 1729 1519 1802; x_wconf 91' lang='lat' dir='ltr'><strong>romanas,</strong></span> <span class='ocrx_word' id='word_1_50' title='bbox 1545 1730 1658 1802; x_wconf 91' lang='lat' dir='ltr'><strong>quam</strong></span> <span class='ocrx_word' id='word_1_51' title='bbox 1693 1729 1869 1804; x_wconf 89' lang='lat' dir='ltr'><strong>umquam</strong></span> 
     </span>
    </p>
   </div>
   <div class='ocr_carea' id='block_1_6' title="bbox 659 1827 1944 4328">
    <p class='ocr_par' dir='ltr' id='par_1_6' title="bbox 659 1827 1944 4328">
     <span class='ocr_line' id='line_1_8' title="bbox 699 1827 1871 1924; baseline -0.003 -21"><span class='ocrx_word' id='word_1_52' title='bbox 699 1829 794 1903; x_wconf 92' lang='lat' dir='ltr'><strong>alius</strong></span> <span class='ocrx_word' id='word_1_53' title='bbox 820 1828 998 1923; x_wconf 75' lang='lat' dir='ltr'><strong>princepe,</strong></span> <span class='ocrx_word' id='word_1_54' title='bbox 1029 1828 1232 1904; x_wconf 87' lang='lat' dir='ltr'><strong>detestatur</strong></span> <span class='ocrx_word' id='word_1_55' title='bbox 1262 1827 1367 1902; x_wconf 88' lang='lat' dir='ltr'><strong>valde</strong></span> <span class='ocrx_word' id='word_1_56' title='bbox 1398 1847 1521 1902; x_wconf 90' lang='lat' dir='ltr'><strong>mores</strong></span> <span class='ocrx_word' id='word_1_57' title='bbox 1553 1829 1797 1924; x_wconf 68' lang='lat' dir='ltr'><strong>egyptiorum</strong></span> <span class='ocrx_word' id='word_1_58' title='bbox 1834 1829 1871 1901; x_wconf 94' lang='lat' dir='ltr'><strong>in</strong></span> 
     </span>
     <span class='ocr_line' id='line_1_9' title="bbox 700 1946 1872 2044; baseline -0.002 -22"><span class='ocrx_word' id='word_1_59' title='bbox 700 1948 852 2044; x_wconf 87' lang='lat' dir='ltr'><strong>epistola</strong></span> <span class='ocrx_word' id='word_1_60' title='bbox 878 1948 1038 2043; x_wconf 92' lang='lat' dir='ltr'><strong>quadam</strong></span> <span class='ocrx_word' id='word_1_61' title='bbox 1064 1968 1177 2041; x_wconf 92' lang='lat' dir='ltr'><strong>qnam</strong></span> <span class='ocrx_word' id='word_1_62' title='bbox 1203 1947 1328 2022; x_wconf 83' lang='lat' dir='ltr'><strong>scribit</strong></span> <span class='ocrx_word' id='word_1_63' title='bbox 1352 1946 1399 2020; x_wconf 93' lang='lat' dir='ltr'><strong>ad</strong></span> <span class='ocrx_word' id='word_1_64' title='bbox 1429 1947 1604 2042; x_wconf 89' lang='lat' dir='ltr'><strong>amicum,</strong></span> <span class='ocrx_word' id='word_1_65' title='bbox 1629 1947 1723 2022; x_wconf 91' lang='lat' dir='ltr'><strong>sicut</strong></span> <span class='ocrx_word' id='word_1_66' title='bbox 1749 1947 1872 2024; x_wconf 82' lang='lat' dir='ltr'><strong>scribit</strong></span> 
     </span>
     <span class='ocr_line' id='line_1_10' title="bbox 699 2067 1871 2166; baseline 0 -26"><span class='ocrx_word' id='word_1_67' title='bbox 699 2068 815 2166; x_wconf 87' lang='lat' dir='ltr'><strong>AElius</strong></span> <span class='ocrx_word' id='word_1_68' title='bbox 850 2067 1054 2162; x_wconf 91' lang='lat' dir='ltr'><strong>spartianus</strong></span> <span class='ocrx_word' id='word_1_69' title='bbox 1087 2067 1124 2140; x_wconf 93' lang='lat' dir='ltr'><strong>in</strong></span> <span class='ocrx_word' id='word_1_70' title='bbox 1161 2067 1234 2142; x_wconf 88' lang='lat' dir='ltr'><strong>rita</strong></span> <span class='ocrx_word' id='word_1_71' title='bbox 1264 2068 1363 2160; x_wconf 82' lang='lat' dir='ltr'><strong>eius3</strong></span> <span class='ocrx_word' id='word_1_72' title='bbox 1395 2074 1434 2142; x_wconf 90' lang='lat' dir='ltr'><strong>et</strong></span> <span class='ocrx_word' id='word_1_73' title='bbox 1466 2075 1509 2141; x_wconf 90' lang='lat' dir='ltr'><strong>ut</strong></span> <span class='ocrx_word' id='word_1_74' title='bbox 1539 2067 1754 2142; x_wconf 85' lang='lat' dir='ltr'><strong>concludam</strong></span> <span class='ocrx_word' id='word_1_75' title='bbox 1785 2088 1871 2141; x_wconf 88' lang='lat' dir='ltr'><strong>oum</strong></span> 
     </span>
     <span class='ocr_line' id='line_1_11' title="bbox 699 2187 1873 2283; baseline 0.002 -23"><span class='ocrx_word' id='word_1_76' title='bbox 699 2187 818 2262; x_wconf 88' lang='lat' dir='ltr'><strong>Tullio</strong></span> <span class='ocrx_word' id='word_1_77' title='bbox 853 2188 889 2262; x_wconf 93' lang='lat' dir='ltr'><strong>in</strong></span> <span class='ocrx_word' id='word_1_78' title='bbox 928 2207 996 2262; x_wconf 89' lang='lat' dir='ltr'><strong>suo</strong></span> <span class='ocrx_word' id='word_1_79' title='bbox 1029 2188 1236 2261; x_wconf 87' lang='lat' dir='ltr'><strong>Tusculano</strong></span> <span class='ocrx_word' id='word_1_80' title='bbox 1270 2187 1364 2262; x_wconf 91' lang='lat' dir='ltr'><strong>libro</strong></span> <span class='ocrx_word' id='word_1_81' title='bbox 1393 2187 1424 2259; x_wconf 89' lang='lat' dir='ltr'>V</span> <span class='ocrx_word' id='word_1_82' title='bbox 1454 2187 1721 2283; x_wconf 77' lang='lat' dir='ltr'><strong>aegyptiorum:</strong></span> <span class='ocrx_word' id='word_1_83' title='bbox 1757 2207 1873 2262; x_wconf 81' lang='lat' dir='ltr'><strong>mores</strong></span> 
     </span>
     <span class='ocr_line' id='line_1_12' title="bbox 697 2307 1871 2400; baseline -0.001 -19"><span class='ocrx_word' id='word_1_84' title='bbox 697 2311 775 2400; x_wconf 82' lang='lat' dir='ltr'><strong>quis</strong></span> <span class='ocrx_word' id='word_1_85' title='bbox 799 2311 968 2398; x_wconf 78' lang='lat' dir='ltr'><strong>ignorat?</strong></span> <span class='ocrx_word' id='word_1_86' title='bbox 993 2327 1142 2399; x_wconf 85' lang='lat' dir='ltr'><strong>quorum</strong></span> <span class='ocrx_word' id='word_1_87' title='bbox 1166 2309 1302 2380; x_wconf 78' lang='lat' dir='ltr'><strong>imbute</strong></span> <span class='ocrx_word' id='word_1_88' title='bbox 1328 2314 1454 2380; x_wconf 69' lang='lat' dir='ltr'><strong>mones</strong></span> <span class='ocrx_word' id='word_1_89' title='bbox 1468 2309 1660 2400; x_wconf 74' lang='lat' dir='ltr'><strong>prauitatis</strong></span> <span class='ocrx_word' id='word_1_90' title='bbox 1680 2307 1871 2380; x_wconf 76' lang='lat' dir='ltr'><strong>erroribus.</strong></span> 
     </span>
     <span class='ocr_line' id='line_1_13' title="bbox 659 2425 1871 2528; baseline 0.002 -30"><span class='ocrx_word' id='word_1_91' title='bbox 659 2525 660 2528; x_wconf 4' lang='grc' dir='ltr'><strong>Ἴ</strong></span> <span class='ocrx_word' id='word_1_92' title='bbox 699 2427 878 2522; x_wconf 89' lang='lat' dir='ltr'><strong>AEgyptus</strong></span> <span class='ocrx_word' id='word_1_93' title='bbox 904 2447 994 2524; x_wconf 89' lang='lat' dir='ltr'><strong>ergo</strong></span> <span class='ocrx_word' id='word_1_94' title='bbox 1021 2425 1286 2501; x_wconf 84' lang='lat' dir='ltr'><strong>maleficiorum</strong></span> <span class='ocrx_word' id='word_1_95' title='bbox 1314 2436 1444 2520; x_wconf 91' lang='lat' dir='ltr'><strong>mater,</strong></span> <span class='ocrx_word' id='word_1_96' title='bbox 1471 2425 1534 2520; x_wconf 90' lang='lat' dir='ltr'><strong>qui</strong></span> <span class='ocrx_word' id='word_1_97' title='bbox 1561 2444 1634 2500; x_wconf 92' lang='lat' dir='ltr'><strong>nou</strong></span> <span class='ocrx_word' id='word_1_98' title='bbox 1664 2426 1784 2499; x_wconf 92' lang='lat' dir='ltr'><strong>solum</strong></span> <span class='ocrx_word' id='word_1_99' title='bbox 1811 2447 1871 2501; x_wconf 90' lang='lat' dir='ltr'><strong>re-</strong></span> 
     </span>
     <span class='ocr_line' id='line_1_14' title="bbox 699 2539 1910 2643; baseline 0 -23"><span class='ocrx_word' id='word_1_100' title='bbox 699 2546 871 2622; x_wconf 91' lang='lat' dir='ltr'><strong>stiterunt</strong></span> <span class='ocrx_word' id='word_1_101' title='bbox 884 2539 921 2640; x_wconf 75' lang='lat'><strong>(¹)</strong></span> <span class='ocrx_word' id='word_1_102' title='bbox 939 2547 1062 2643; x_wconf 88' lang='lat' dir='ltr'><strong>Moysi,</strong></span> <span class='ocrx_word' id='word_1_103' title='bbox 1080 2547 1144 2620; x_wconf 92' lang='lat' dir='ltr'><strong>sed</strong></span> <span class='ocrx_word' id='word_1_104' title='bbox 1161 2566 1247 2620; x_wconf 92' lang='lat' dir='ltr'><strong>cum</strong></span> <span class='ocrx_word' id='word_1_105' title='bbox 1265 2566 1311 2620; x_wconf 90' lang='lat' dir='ltr'><strong>eo</strong></span> <span class='ocrx_word' id='word_1_106' title='bbox 1328 2545 1439 2642; x_wconf 89' lang='lat' dir='ltr'><strong>signis</strong></span> <span class='ocrx_word' id='word_1_107' title='bbox 1457 2551 1494 2619; x_wconf 90' lang='lat' dir='ltr'><strong>et</strong></span> <span class='ocrx_word' id='word_1_108' title='bbox 1510 2545 1698 2618; x_wconf 81' lang='lat' dir='ltr'><strong>miraculis</strong></span> <span class='ocrx_word' id='word_1_109' title='bbox 1719 2551 1869 2620; x_wconf 87' lang='lat' dir='ltr'><strong>conten·</strong></span> <span class='ocrx_word' id='word_1_110' title='bbox 1904 2610 1910 2620; x_wconf 96' lang='lat'>.</span> 
     </span>
     <span class='ocr_line' id='line_1_15' title="bbox 700 2659 1875 2762; baseline -0.003 -19"><span class='ocrx_word' id='word_1_111' title='bbox 700 2668 835 2743; x_wconf 91' lang='lat' dir='ltr'><strong>derunt</strong></span> <span class='ocrx_word' id='word_1_112' title='bbox 850 2659 900 2762; x_wconf 75' lang='lat'><strong>(³),</strong></span> <span class='ocrx_word' id='word_1_113' title='bbox 919 2668 981 2762; x_wconf 95' lang='lat' dir='ltr'><strong>qui</strong></span> <span class='ocrx_word' id='word_1_114' title='bbox 1005 2667 1134 2741; x_wconf 88' lang='lat' dir='ltr'><strong>missus</strong></span> <span class='ocrx_word' id='word_1_115' title='bbox 1159 2688 1182 2742; x_wconf 92' lang='lat' dir='ltr'><strong>a</strong></span> <span class='ocrx_word' id='word_1_116' title='bbox 1208 2668 1285 2740; x_wconf 86' lang='lat' dir='ltr'><strong>lieo</strong></span> <span class='ocrx_word' id='word_1_117' title='bbox 1312 2667 1395 2742; x_wconf 91' lang='lat' dir='ltr'><strong>iecit</strong></span> <span class='ocrx_word' id='word_1_118' title='bbox 1412 2673 1465 2740; x_wconf 93' lang='lat' dir='ltr'><strong>tot</strong></span> <span class='ocrx_word' id='word_1_119' title='bbox 1486 2665 1663 2740; x_wconf 83' lang='lat' dir='ltr'><strong>miracula</strong></span> <span class='ocrx_word' id='word_1_120' title='bbox 1680 2671 1819 2760; x_wconf 90' lang='lat' dir='ltr'><strong>aperta,</strong></span> <span class='ocrx_word' id='word_1_121' title='bbox 1837 2674 1875 2742; x_wconf 91' lang='lat' dir='ltr'><strong>et</strong></span> 
     </span>
     <span class='ocr_line' id='line_1_16' title="bbox 700 2786 1874 2884; baseline -0.003 -22"><span class='ocrx_word' id='word_1_122' title='bbox 700 2788 769 2862; x_wconf 89' lang='lat' dir='ltr'><strong>luit</strong></span> <span class='ocrx_word' id='word_1_123' title='bbox 795 2809 951 2884; x_wconf 87' lang='lat' dir='ltr'><strong>magnus</strong></span> <span class='ocrx_word' id='word_1_124' title='bbox 976 2788 1194 2882; x_wconf 82' lang='lat' dir='ltr'><strong>astrologus,</strong></span> <span class='ocrx_word' id='word_1_125' title='bbox 1217 2793 1259 2860; x_wconf 92' lang='lat' dir='ltr'><strong>nt</strong></span> <span class='ocrx_word' id='word_1_126' title='bbox 1284 2786 1450 2883; x_wconf 90' lang='lat' dir='ltr'><strong>perbibet</strong></span> <span class='ocrx_word' id='word_1_127' title='bbox 1467 2788 1598 2862; x_wconf 89' lang='lat' dir='ltr'><strong>Petrus</strong></span> <span class='ocrx_word' id='word_1_128' title='bbox 1618 2787 1809 2860; x_wconf 88' lang='lat' dir='ltr'><strong>Comestor</strong></span> <span class='ocrx_word' id='word_1_129' title='bbox 1836 2786 1874 2859; x_wconf 93' lang='lat' dir='ltr'><strong>iu</strong></span> 
     </span>
     <span class='ocr_line' id='line_1_17' title="bbox 703 2906 1873 3002; baseline -0.002 -20"><span class='ocrx_word' id='word_1_130' title='bbox 703 2908 857 2982; x_wconf 88' lang='lat' dir='ltr'><strong>llistoria</strong></span> <span class='ocrx_word' id='word_1_131' title='bbox 893 2907 1146 2982; x_wconf 88' lang='lat' dir='ltr'><strong>ecclesiastica.</strong></span> <span class='ocrx_word' id='word_1_132' title='bbox 1186 2906 1349 2981; x_wconf 87' lang='lat' dir='ltr'><strong>lustinus</strong></span> <span class='ocrx_word' id='word_1_133' title='bbox 1383 2914 1507 2981; x_wconf 87' lang='lat' dir='ltr'><strong>tamen</strong></span> <span class='ocrx_word' id='word_1_134' title='bbox 1545 2906 1730 2980; x_wconf 84' lang='lat' dir='ltr'><strong>breviator</strong></span> <span class='ocrx_word' id='word_1_135' title='bbox 1765 2906 1873 3002; x_wconf 80' lang='lat' dir='ltr'><strong>Trogi</strong></span> 
     </span>
     <span class='ocr_line' id='line_1_18' title="bbox 701 3026 1875 3124; baseline 0 -22"><span class='ocrx_word' id='word_1_136' title='bbox 701 3028 874 3124; x_wconf 87' lang='lat' dir='ltr'><strong>Pompeii,</strong></span> <span class='ocrx_word' id='word_1_137' title='bbox 901 3027 987 3102; x_wconf 89' lang='lat' dir='ltr'><strong>satis</strong></span> <span class='ocrx_word' id='word_1_138' title='bbox 1014 3048 1124 3102; x_wconf 86' lang='lat' dir='ltr'><strong>verus</strong></span> <span class='ocrx_word' id='word_1_139' title='bbox 1155 3027 1310 3122; x_wconf 91' lang='lat' dir='ltr'><strong>scriptor</strong></span> <span class='ocrx_word' id='word_1_140' title='bbox 1342 3047 1470 3102; x_wconf 89' lang='lat' dir='ltr'><strong>rerum</strong></span> <span class='ocrx_word' id='word_1_141' title='bbox 1503 3026 1707 3122; x_wconf 86' lang='lat' dir='ltr'><strong>gentilium,</strong></span> <span class='ocrx_word' id='word_1_142' title='bbox 1740 3027 1875 3102; x_wconf 88' lang='lat' dir='ltr'><strong>iniuste</strong></span> 
     </span>
     <span class='ocr_line' id='line_1_19' title="bbox 699 3147 1944 3254; baseline -0.002 -30"><span class='ocrx_word' id='word_1_143' title='bbox 699 3149 876 3224; x_wconf 82' lang='lat' dir='ltr'><strong>admiscet</strong></span> <span class='ocrx_word' id='word_1_144' title='bbox 901 3169 990 3224; x_wconf 88' lang='lat' dir='ltr'><strong>vera</strong></span> <span class='ocrx_word' id='word_1_145' title='bbox 1016 3147 1112 3222; x_wconf 89' lang='lat' dir='ltr'><strong>ialsis</strong></span> <span class='ocrx_word' id='word_1_146' title='bbox 1138 3149 1175 3222; x_wconf 92' lang='lat' dir='ltr'><strong>iu</strong></span> <span class='ocrx_word' id='word_1_147' title='bbox 1201 3148 1281 3222; x_wconf 88' lang='lat' dir='ltr'><strong>boo.</strong></span> <span class='ocrx_word' id='word_1_148' title='bbox 1314 3147 1445 3222; x_wconf 89' lang='lat' dir='ltr'><strong>Scribit</strong></span> <span class='ocrx_word' id='word_1_149' title='bbox 1476 3147 1573 3222; x_wconf 88' lang='lat' dir='ltr'><strong>enim</strong></span> <span class='ocrx_word' id='word_1_150' title='bbox 1605 3147 1699 3221; x_wconf 90' lang='lat' dir='ltr'><strong>libro</strong></span> <span class='ocrx_word' id='word_1_151' title='bbox 1727 3148 1872 3221; x_wconf 84' lang='lat' dir='ltr'>XXXVI</span> <span class='ocrx_word' id='word_1_152' title='bbox 1941 3249 1944 3254; x_wconf 13' lang='grc' dir='ltr'>ι</span> 
     </span>
     <span class='ocr_line' id='line_1_20' title="bbox 701 3267 1874 3364; baseline -0.003 -19"><span class='ocrx_word' id='word_1_153' title='bbox 701 3271 795 3345; x_wconf 91' lang='lat' dir='ltr'><strong>inter</strong></span> <span class='ocrx_word' id='word_1_154' title='bbox 821 3270 914 3345; x_wconf 90' lang='lat' dir='ltr'><strong>alia:</strong></span> <span class='ocrx_word' id='word_1_155' title='bbox 940 3289 1027 3343; x_wconf 87' lang='lat' dir='ltr'><strong>cum</strong></span> <span class='ocrx_word' id='word_1_156' title='bbox 1055 3269 1213 3342; x_wconf 91' lang='lat' dir='ltr'><strong>multum</strong></span> <span class='ocrx_word' id='word_1_157' title='bbox 1240 3269 1424 3344; x_wconf 87' lang='lat' dir='ltr'><strong>laudasset</strong></span> <span class='ocrx_word' id='word_1_158' title='bbox 1448 3269 1580 3362; x_wconf 88' lang='lat' dir='ltr'><strong>losepb</strong></span> <span class='ocrx_word' id='word_1_159' title='bbox 1606 3267 1704 3361; x_wconf 94' lang='lat' dir='ltr'><strong>quod</strong></span> <span class='ocrx_word' id='word_1_160' title='bbox 1733 3269 1874 3364; x_wconf 84' lang='lat' dir='ltr'><strong>Moyses</strong></span> 
     </span>
     <span class='ocr_line' id='line_1_21' title="bbox 701 3387 1875 3483; baseline 0 -20"><span class='ocrx_word' id='word_1_161' title='bbox 701 3389 795 3464; x_wconf 88' lang='lat' dir='ltr'><strong>lilius</strong></span> <span class='ocrx_word' id='word_1_162' title='bbox 831 3389 908 3464; x_wconf 90' lang='lat' dir='ltr'><strong>eius</strong></span> <span class='ocrx_word' id='word_1_163' title='bbox 945 3389 1021 3462; x_wconf 90' lang='lat' dir='ltr'><strong>dux</strong></span> <span class='ocrx_word' id='word_1_164' title='bbox 1056 3387 1124 3461; x_wconf 88' lang='lat' dir='ltr'><strong>init</strong></span> <span class='ocrx_word' id='word_1_165' title='bbox 1163 3388 1398 3462; x_wconf 79' lang='lat' dir='ltr'><strong>hebraeorum</strong></span> <span class='ocrx_word' id='word_1_166' title='bbox 1434 3388 1498 3482; x_wconf 94' lang='lat' dir='ltr'><strong>qui</strong></span> <span class='ocrx_word' id='word_1_167' title='bbox 1533 3395 1619 3462; x_wconf 91' lang='lat' dir='ltr'><strong>sunt</strong></span> <span class='ocrx_word' id='word_1_168' title='bbox 1652 3387 1794 3483; x_wconf 84' lang='lat' dir='ltr'><strong>expulsi</strong></span> <span class='ocrx_word' id='word_1_169' title='bbox 1829 3387 1875 3463; x_wconf 91' lang='lat' dir='ltr'><strong>de</strong></span> 
     </span>
     <span class='ocr_line' id='line_1_22' title="bbox 682 3508 1875 3607; baseline -0.001 -24"><span class='ocrx_word' id='word_1_170' title='bbox 682 3511 855 3607; x_wconf 61' lang='lat' dir='ltr'><strong>„AEgypto</strong></span> <span class='ocrx_word' id='word_1_171' title='bbox 881 3529 967 3584; x_wconf 90' lang='lat' dir='ltr'><strong>cum</strong></span> <span class='ocrx_word' id='word_1_172' title='bbox 994 3509 1155 3583; x_wconf 89' lang='lat' dir='ltr'><strong>scabiem</strong></span> <span class='ocrx_word' id='word_1_173' title='bbox 1181 3515 1218 3584; x_wconf 92' lang='lat' dir='ltr'><strong>et</strong></span> <span class='ocrx_word' id='word_1_174' title='bbox 1245 3509 1384 3604; x_wconf 88' lang='lat' dir='ltr'><strong>lepram</strong></span> <span class='ocrx_word' id='word_1_175' title='bbox 1410 3516 1638 3604; x_wconf 88' lang='lat' dir='ltr'><strong>paterentur,</strong></span> <span class='ocrx_word' id='word_1_176' title='bbox 1664 3516 1700 3584; x_wconf 92' lang='lat' dir='ltr'><strong>et</strong></span> <span class='ocrx_word' id='word_1_177' title='bbox 1725 3508 1875 3582; x_wconf 90' lang='lat' dir='ltr'><strong>abstulit</strong></span> 
     </span>
     <span class='ocr_line' id='line_1_23' title="bbox 700 3628 1876 3726; baseline -0.001 -22"><span class='ocrx_word' id='word_1_178' title='bbox 700 3629 800 3704; x_wconf 90' lang='lat' dir='ltr'><strong>iurto</strong></span> <span class='ocrx_word' id='word_1_179' title='bbox 833 3649 937 3704; x_wconf 88' lang='lat' dir='ltr'><strong>sacra</strong></span> <span class='ocrx_word' id='word_1_180' title='bbox 969 3628 1226 3725; x_wconf 81' lang='lat' dir='ltr'><strong>aegyptiorum,</strong></span> <span class='ocrx_word' id='word_1_181' title='bbox 1252 3636 1290 3704; x_wconf 90' lang='lat' dir='ltr'><strong>et</strong></span> <span class='ocrx_word' id='word_1_182' title='bbox 1318 3629 1463 3726; x_wconf 73' lang='lat' dir='ltr'><strong>egyptii</strong></span> <span class='ocrx_word' id='word_1_183' title='bbox 1493 3630 1675 3724; x_wconf 88' lang='lat' dir='ltr'><strong>persecuti</strong></span> <span class='ocrx_word' id='word_1_184' title='bbox 1705 3629 1783 3703; x_wconf 90' lang='lat' dir='ltr'><strong>illos</strong></span> <span class='ocrx_word' id='word_1_185' title='bbox 1816 3649 1876 3703; x_wconf 90' lang='lat' dir='ltr'><strong>re—</strong></span> 
     </span>
     <span class='ocr_line' id='line_1_24' title="bbox 701 3748 1874 3844; baseline 0 -22"><span class='ocrx_word' id='word_1_186' title='bbox 701 3749 792 3842; x_wconf 91' lang='lat' dir='ltr'><strong>pulsi</strong></span> <span class='ocrx_word' id='word_1_187' title='bbox 810 3748 1086 3844; x_wconf 88' lang='lat' dir='ltr'><strong>tempestatibus</strong></span> <span class='ocrx_word' id='word_1_188' title='bbox 1104 3748 1256 3822; x_wconf 90' lang='lat' dir='ltr'><strong>domum</strong></span> <span class='ocrx_word' id='word_1_189' title='bbox 1277 3749 1483 3844; x_wconf 76' lang='lat' dir='ltr'><strong>redierunt,</strong></span> <span class='ocrx_word' id='word_1_190' title='bbox 1498 3748 1597 3843; x_wconf 94' lang='lat' dir='ltr'><strong>quod</strong></span> <span class='ocrx_word' id='word_1_191' title='bbox 1610 3748 1748 3823; x_wconf 89' lang='lat' dir='ltr'><strong>dictum</strong></span> <span class='ocrx_word' id='word_1_192' title='bbox 1768 3748 1874 3822; x_wconf 88' lang='lat' dir='ltr'><strong>dam·</strong></span> 
     </span>
     <span class='ocr_line' id='line_1_25' title="bbox 702 3867 1874 3965; baseline -0.001 -22"><span class='ocrx_word' id='word_1_193' title='bbox 702 3875 765 3943; x_wconf 90' lang='lat' dir='ltr'><strong>nat</strong></span> <span class='ocrx_word' id='word_1_194' title='bbox 790 3867 1015 3965; x_wconf 81' lang='lat' dir='ltr'><strong>Augustinus</strong></span> <span class='ocrx_word' id='word_1_195' title='bbox 1040 3875 1077 3944; x_wconf 91' lang='lat' dir='ltr'><strong>et</strong></span> <span class='ocrx_word' id='word_1_196' title='bbox 1101 3868 1251 3942; x_wconf 84' lang='lat' dir='ltr'><strong>Orosius</strong></span> <span class='ocrx_word' id='word_1_197' title='bbox 1271 3869 1438 3944; x_wconf 79' lang='lat' dir='ltr'><strong>&#39;scribens</strong></span> <span class='ocrx_word' id='word_1_198' title='bbox 1463 3870 1540 3944; x_wconf 89' lang='lat' dir='ltr'><strong>sibi.</strong></span> <span class='ocrx_word' id='word_1_199' title='bbox 1568 3869 1671 3944; x_wconf 89' lang='lat' dir='ltr'><strong>Unde</strong></span> <span class='ocrx_word' id='word_1_200' title='bbox 1696 3869 1874 3963; x_wconf 86' lang='lat' dir='ltr'><strong>losepbus</strong></span> 
     </span>
     <span class='ocr_line' id='line_1_26' title="bbox 703 3988 1873 4084; baseline 0.002 -22"><span class='ocrx_word' id='word_1_201' title='bbox 703 3989 896 4064; x_wconf 91' lang='lat' dir='ltr'><strong>historicus</strong></span> <span class='ocrx_word' id='word_1_202' title='bbox 921 3989 1091 4064; x_wconf 89' lang='lat' dir='ltr'><strong>hebraeus</strong></span> <span class='ocrx_word' id='word_1_203' title='bbox 1118 3989 1225 4064; x_wconf 92' lang='lat' dir='ltr'><strong>tertio</strong></span> <span class='ocrx_word' id='word_1_204' title='bbox 1251 3989 1344 4064; x_wconf 89' lang='lat' dir='ltr'><strong>libro</strong></span> <span class='ocrx_word' id='word_1_205' title='bbox 1370 3988 1636 4084; x_wconf 85' lang='lat' dir='ltr'><strong>Antiquitatum</strong></span> <span class='ocrx_word' id='word_1_206' title='bbox 1659 3990 1756 4082; x_wconf 90' lang='lat' dir='ltr'><strong>dicit,</strong></span> <span class='ocrx_word' id='word_1_207' title='bbox 1775 3991 1873 4084; x_wconf 92' lang='lat' dir='ltr'><strong>quod</strong></span> 
     </span>
     <span class='ocr_line' id='line_1_27' title="bbox 703 4109 1875 4207; baseline 0.003 -26"><span class='ocrx_word' id='word_1_208' title='bbox 703 4109 856 4203; x_wconf 88' lang='lat' dir='ltr'><strong>quilibet</strong></span> <span class='ocrx_word' id='word_1_209' title='bbox 881 4109 1045 4186; x_wconf 92' lang='lat' dir='ltr'><strong>irridebit</strong></span> <span class='ocrx_word' id='word_1_210' title='bbox 1076 4131 1140 4186; x_wconf 89' lang='lat' dir='ltr'><strong>eos</strong></span> <span class='ocrx_word' id='word_1_211' title='bbox 1172 4109 1235 4203; x_wconf 95' lang='lat' dir='ltr'><strong>qui</strong></span> <span class='ocrx_word' id='word_1_212' title='bbox 1273 4110 1398 4184; x_wconf 90' lang='lat' dir='ltr'><strong>dicunt</strong></span> <span class='ocrx_word' id='word_1_213' title='bbox 1422 4113 1583 4207; x_wconf 90' lang='lat' dir='ltr'><strong>Moysem</strong></span> <span class='ocrx_word' id='word_1_214' title='bbox 1613 4111 1713 4206; x_wconf 88' lang='lat' dir='ltr'><strong>lepra</strong></span> <span class='ocrx_word' id='word_1_215' title='bbox 1745 4111 1875 4207; x_wconf 85' lang='lat' dir='ltr'><strong>latiga-</strong></span> 
     </span>
     <span class='ocr_line' id='line_1_28' title="bbox 706 4229 1873 4328; baseline 0.002 -24"><span class='ocrx_word' id='word_1_216' title='bbox 706 4237 786 4304; x_wconf 89' lang='lat' dir='ltr'><strong>tum</strong></span> <span class='ocrx_word' id='word_1_217' title='bbox 813 4229 949 4328; x_wconf 87' lang='lat' dir='ltr'><strong>iactum</strong></span> <span class='ocrx_word' id='word_1_218' title='bbox 977 4230 1088 4304; x_wconf 86' lang='lat' dir='ltr'><strong>luisse</strong></span> <span class='ocrx_word' id='word_1_219' title='bbox 1112 4230 1245 4304; x_wconf 92' lang='lat' dir='ltr'><strong>ducem</strong></span> <span class='ocrx_word' id='word_1_220' title='bbox 1263 4231 1503 4324; x_wconf 84' lang='lat' dir='ltr'><strong>expulsorum</strong></span> <span class='ocrx_word' id='word_1_221' title='bbox 1521 4231 1651 4306; x_wconf 90' lang='lat' dir='ltr'><strong>eadem</strong></span> <span class='ocrx_word' id='word_1_222' title='bbox 1677 4231 1724 4306; x_wconf 91' lang='lat' dir='ltr'><strong>de</strong></span> <span class='ocrx_word' id='word_1_223' title='bbox 1749 4251 1873 4325; x_wconf 90' lang='lat' dir='ltr'><strong>causa,</strong></span> 
     </span>
    </p>
   </div>
   <div class='ocr_carea' id='block_1_7' title="bbox 550 4341 1875 4427">
    <p class='ocr_par' dir='ltr' id='par_1_7' title="bbox 550 4341 1875 4427">
     <span class='ocr_line' id='line_1_29' title="bbox 550 4341 1875 4427; baseline 0.003 -3"><span class='ocrx_word' id='word_1_224' title='bbox 550 4341 553 4350; x_wconf 87' lang='grc'><strong><em>’</em></strong></span> <span class='ocrx_word' id='word_1_225' title='bbox 703 4356 741 4424; x_wconf 93' lang='lat' dir='ltr'><strong>et</strong></span> <span class='ocrx_word' id='word_1_226' title='bbox 767 4349 909 4424; x_wconf 88' lang='lat' dir='ltr'><strong>venisse</strong></span> <span class='ocrx_word' id='word_1_227' title='bbox 934 4349 970 4423; x_wconf 94' lang='lat' dir='ltr'><strong>in</strong></span> <span class='ocrx_word' id='word_1_228' title='bbox 996 4350 1240 4426; x_wconf 84' lang='lat' dir='ltr'><strong>Chananaeam</strong></span> <span class='ocrx_word' id='word_1_229' title='bbox 1268 4367 1355 4424; x_wconf 91' lang='lat' dir='ltr'><strong>cum</strong></span> <span class='ocrx_word' id='word_1_230' title='bbox 1381 4350 1443 4425; x_wconf 90' lang='lat' dir='ltr'><strong>eis.</strong></span> <span class='ocrx_word' id='word_1_231' title='bbox 1468 4351 1504 4425; x_wconf 91' lang='lat' dir='ltr'><strong>Si</strong></span> <span class='ocrx_word' id='word_1_232' title='bbox 1530 4351 1627 4426; x_wconf 88' lang='lat' dir='ltr'><strong>enim</strong></span> <span class='ocrx_word' id='word_1_233' title='bbox 1656 4352 1725 4426; x_wconf 91' lang='lat' dir='ltr'><strong>boc</strong></span> <span class='ocrx_word' id='word_1_234' title='bbox 1751 4350 1875 4427; x_wconf 88' lang='lat' dir='ltr'><strong>luisset</strong></span> 
     </span>
    </p>
   </div>
   <div class='ocr_carea' id='block_1_8' title="bbox 704 4470 1878 4925">
    <p class='ocr_par' dir='ltr' id='par_1_8' title="bbox 704 4470 1878 4925">
     <span class='ocr_line' id='line_1_30' title="bbox 705 4470 1876 4565; baseline 0.003 -22"><span class='ocrx_word' id='word_1_235' title='bbox 705 4489 848 4562; x_wconf 89' lang='lat' dir='ltr'><strong>rerum,</strong></span> <span class='ocrx_word' id='word_1_236' title='bbox 876 4489 1110 4564; x_wconf 86' lang='lat' dir='ltr'><strong>nequaquam</strong></span> <span class='ocrx_word' id='word_1_237' title='bbox 1137 4471 1278 4565; x_wconf 87' lang='lat' dir='ltr'><strong>Moyses</strong></span> <span class='ocrx_word' id='word_1_238' title='bbox 1301 4470 1499 4565; x_wconf 83' lang='lat' dir='ltr'><strong>expulisset</strong></span> <span class='ocrx_word' id='word_1_239' title='bbox 1515 4470 1677 4565; x_wconf 90' lang='lat' dir='ltr'><strong>leprosos</strong></span> <span class='ocrx_word' id='word_1_240' title='bbox 1701 4491 1723 4544; x_wconf 90' lang='lat' dir='ltr'><strong>a</strong></span> <span class='ocrx_word' id='word_1_241' title='bbox 1749 4473 1876 4546; x_wconf 87' lang='lat' dir='ltr'><strong>castris</strong></span> 
     </span>
     <span class='ocr_line' id='line_1_31' title="bbox 704 4590 1877 4686; baseline 0.003 -22"><span class='ocrx_word' id='word_1_242' title='bbox 704 4590 791 4685; x_wconf 89' lang='lat' dir='ltr'><strong>suis,</strong></span> <span class='ocrx_word' id='word_1_243' title='bbox 819 4590 883 4684; x_wconf 96' lang='lat' dir='ltr'><strong>qui</strong></span> <span class='ocrx_word' id='word_1_244' title='bbox 911 4597 1035 4666; x_wconf 89' lang='lat' dir='ltr'><strong>tamen</strong></span> <span class='ocrx_word' id='word_1_245' title='bbox 1060 4590 1158 4685; x_wconf 90' lang='lat' dir='ltr'><strong>apud</strong></span> <span class='ocrx_word' id='word_1_246' title='bbox 1181 4591 1316 4666; x_wconf 87' lang='lat' dir='ltr'><strong>multas</strong></span> <span class='ocrx_word' id='word_1_247' title='bbox 1331 4597 1460 4686; x_wconf 87' lang='lat' dir='ltr'><strong>gentes</strong></span> <span class='ocrx_word' id='word_1_248' title='bbox 1480 4596 1672 4665; x_wconf 87' lang='lat' dir='ltr'><strong>morantur</strong></span> <span class='ocrx_word' id='word_1_249' title='bbox 1698 4600 1736 4668; x_wconf 92' lang='lat' dir='ltr'><strong>et</strong></span> <span class='ocrx_word' id='word_1_250' title='bbox 1760 4595 1877 4669; x_wconf 92' lang='lat' dir='ltr'><strong>bono-</strong></span> 
     </span>
     <span class='ocr_line' id='line_1_32' title="bbox 705 4711 1877 4809; baseline 0.005 -27"><span class='ocrx_word' id='word_1_251' title='bbox 705 4717 845 4784; x_wconf 91' lang='lat' dir='ltr'><strong>rantur.</strong></span> <span class='ocrx_word' id='word_1_252' title='bbox 872 4711 1161 4786; x_wconf 82' lang='lat' dir='ltr'><strong>commendatur</strong></span> <span class='ocrx_word' id='word_1_253' title='bbox 1186 4717 1230 4784; x_wconf 86' lang='lat' dir='ltr'><strong>et¹</strong></span> <span class='ocrx_word' id='word_1_254' title='bbox 1249 4711 1379 4784; x_wconf 93' lang='lat' dir='ltr'><strong>ultimo</strong></span> <span class='ocrx_word' id='word_1_255' title='bbox 1402 4711 1580 4807; x_wconf 89' lang='lat' dir='ltr'><strong>AEgyptus</strong></span> <span class='ocrx_word' id='word_1_256' title='bbox 1605 4733 1628 4785; x_wconf 92' lang='lat' dir='ltr'><strong>a</strong></span> <span class='ocrx_word' id='word_1_257' title='bbox 1651 4733 1784 4809; x_wconf 89' lang='lat' dir='ltr'><strong>magna</strong></span> <span class='ocrx_word' id='word_1_258' title='bbox 1810 4735 1877 4809; x_wconf 92' lang='lat' dir='ltr'><strong>po-</strong></span> 
     </span>
     <span class='ocr_line' id='line_1_33' title="bbox 705 4829 1878 4925; baseline 0.005 -23"><span class='ocrx_word' id='word_1_259' title='bbox 705 4835 847 4924; x_wconf 89' lang='lat' dir='ltr'><strong>testate,</strong></span> <span class='ocrx_word' id='word_1_260' title='bbox 874 4829 959 4924; x_wconf 90' lang='lat' dir='ltr'><strong>quia</strong></span> <span class='ocrx_word' id='word_1_261' title='bbox 985 4831 1071 4905; x_wconf 91' lang='lat' dir='ltr'><strong>olim</strong></span> <span class='ocrx_word' id='word_1_262' title='bbox 1100 4829 1226 4904; x_wconf 90' lang='lat' dir='ltr'><strong>babuit</strong></span> <span class='ocrx_word' id='word_1_263' title='bbox 1250 4831 1460 4905; x_wconf 86' lang='lat' dir='ltr'><strong>Pharaones</strong></span> <span class='ocrx_word' id='word_1_264' title='bbox 1480 4837 1658 4925; x_wconf 87' lang='lat' dir='ltr'><strong>potentes,</strong></span> <span class='ocrx_word' id='word_1_265' title='bbox 1676 4838 1712 4906; x_wconf 91' lang='lat' dir='ltr'><strong>et</strong></span> <span class='ocrx_word' id='word_1_266' title='bbox 1730 4834 1878 4908; x_wconf 88' lang='lat' dir='ltr'><strong>Ptbolo·</strong></span> 
     </span>
    </p>
   </div>
   <div class='ocr_carea' id='block_1_9' title="bbox 769 5092 1828 5162">
    <p class='ocr_par' dir='ltr' id='par_1_9' title="bbox 769 5092 1828 5162">
     <span class='ocr_line' id='line_1_34' title="bbox 769 5092 1828 5162; baseline 0.005 -18"><span class='ocrx_word' id='word_1_267' title='bbox 769 5093 795 5156; x_wconf 80' lang='lat'><strong>(¹)</strong></span> <span class='ocrx_word' id='word_1_268' title='bbox 812 5093 837 5144; x_wconf 85' lang='lat' dir='ltr'><strong>S.</strong></span> <span class='ocrx_word' id='word_1_269' title='bbox 853 5093 945 5146; x_wconf 86' lang='lat' dir='ltr'><strong>irridet</strong></span> <span class='ocrx_word' id='word_1_270' title='bbox 960 5095 1092 5160; x_wconf 79' lang='lat' dir='ltr'><strong>egyptios.</strong></span> <span class='ocrx_word' id='word_1_271' title='bbox 1219 5096 1245 5158; x_wconf 76' lang='lat'><strong>(¹)</strong></span> <span class='ocrx_word' id='word_1_272' title='bbox 1262 5096 1292 5148; x_wconf 62' lang='lat'><strong>1²„</strong></span> <span class='ocrx_word' id='word_1_273' title='bbox 1309 5092 1470 5148; x_wconf 76' lang='lat' dir='ltr'><strong>mtitcrit‘</strong></span> <span class='ocrx_word' id='word_1_274' title='bbox 1565 5097 1594 5162; x_wconf 59' lang='grc' dir='ltr'><strong>Ρ)</strong></span> <span class='ocrx_word' id='word_1_275' title='bbox 1609 5099 1640 5148; x_wconf 73' lang='lat' dir='ltr'><strong>a</strong></span> <span class='ocrx_word' id='word_1_276' title='bbox 1657 5099 1828 5150; x_wconf 79' lang='lat' dir='ltr'><strong>contenderit.</strong></span> 
     </span>
    </p>
   </div>
   <div class='ocr_carea' id='block_1_10' title="bbox 0 0 2287 6836">
    <p class='ocr_par' dir='ltr' id='par_1_10' title="bbox 0 0 2287 6836">
     <span class='ocr_line' id='line_1_35' title="bbox 0 0 2287 6836; baseline 0 0"><span class='ocrx_word' id='word_1_277' title='bbox 0 0 2287 6836; x_wconf 95' lang='lat' dir='ltr'><strong> </strong></span> 
     </span>
    </p>
   </div>
  </div>
 </body>
</html>
