4542 6842
666 932 738 999 282
1029 941 1233 999 contundunt
1257 944 1476 999 nunonronu

663 1086 853 1163 communi
883 1085 990 1161 modo
1017 1084 1202 1181 loquendi,
1224 1086 1312 1181 quia
1336 1085 1366 1159 si
1390 1085 1532 1160 associo
1560 1105 1676 1159 unum
1691 1106 1724 1160 -a
1751 1084 1848 1158 sini--

663 1213 751 1297 stra,
779 1207 839 1281 ille
863 1214 982 1303 potest
1006 1207 1146 1283 dicere:
1173 1207 1292 1283 habeo
1318 1213 1354 1281 te
1383 1206 1485 1300 ideo,
1511 1206 1607 1281 bene
1634 1207 1739 1281 dicit:
1771 1206 1835 1301 qui

633 1409 638 1421 ‚
665 1328 823 1404 babebat
841 1349 921 1403 me:
943 1350 1014 1401 non
1031 1336 1128 1401 bner
1140 1349 1212 1421 pur
1237 1332 1274 1401 lo
1290 1335 1412 1419 mente,
1430 1327 1533 1421 idest,
1550 1327 1837 1423 speculationem

665 1450 875 1544 mentalem,
888 1452 939 1523 ud
949 1470 997 1522 un
1010 1452 1100 1538 loco,
1118 1448 1223 1542 idest,
1240 1448 1358 1523 solum
1378 1447 1426 1521 ad
1444 1447 1687 1522 bumilitatem
1705 1447 1837 1523 Christi

664 1575 702 1645 et
727 1570 859 1664 llariae,
890 1570 985 1645 lorte
1016 1560 1114 1645 enim
1142 1571 1257 1645 lector
1282 1568 1392 1643 buius
1425 1567 1505 1642 libri
1539 1574 1660 1664 posset
1689 1568 1834 1643 dicere:

663 1710 734 1787 ego
761 1712 833 1766 non
858 1713 942 1765 surn
968 1690 1144 1785 Christus,
1166 1712 1238 1765 non
1256 1689 1380 1783 Maria,
1400 1688 1464 1783 qui
1490 1709 1645 1784 peccare
1670 1710 1743 1763 non
1769 1709 1837 1783 po-

664 1814 841 1904 tuerunt3
867 1810 948 1885 ideo
975 1816 1082 1905 poeta
1107 1809 1255 1883 adducit
1270 1800 1306 1900 (¹)
1341 1808 1378 1883 in
1410 1808 1621 1903 exemplum
1649 1808 1837 1883 bumilita-

664 1936 740 2005 lem
767 1929 1101 2026 potentissimorum
1135 1929 1352 2025 principum,
1379 1929 1441 2023 qui
1473 1929 1674 2024 potuissent
1706 1928 1838 2027 melius

665 2050 718 2123 uti
744 2050 914 2145 superbia
940 2070 1052 2145 quam
1081 2050 1185 2123 multi
1212 2049 1464 2145 superbientes
1480 2048 1527 2124 de
1548 2048 1669 2123 nihilo.
1688 2050 1732 2123 Et
1749 2049 1837 2123 sub-

663 2169 726 2262 dit,
752 2169 938 2263 quomodo
964 2168 1176 2244 obedienter
1191 2168 1410 2264 disposuerit
1425 2188 1467 2243 se
1486 2169 1746 2244 adridendum
1767 2170 1837 2242 bu-

666 2310 813 2363 manam
840 2289 1083 2364 humilitatem
1110 2289 1273 2384 alterius,
1299 2289 1442 2364 dicens:
1465 2292 1631 2381 percl’io
1660 2292 1708 2362 mi
1732 2291 1841 2363 mosei

663 2412 719 2483 col
744 2412 830 2501 uiso,
856 2408 1002 2503 scilicet,
1022 2408 1267 2503 intellectuali,
1294 2429 1313 2481 e
1338 2411 1446 2482 vedeo
1463 2411 1500 2482 di
1518 2416 1616 2482 retro
1635 2410 1685 2481 do
1702 2411 1836 2499 Maria,

665 2528 766 2623 idest,
801 2537 882 2625 post
912 2529 1099 2605 historiam
1135 2529 1269 2623 blariae,
1304 2551 1371 2622 per
1401 2532 1517 2622 puello
1549 2537 1659 2621 cortu,
1691 2530 1837 2625 scilicet,

664 2650 807 2742 dextra,
834 2650 869 2723 in
904 2670 1102 2742 marmore,
1132 2652 1223 2723 onde
1245 2651 1374 2723 ·m'ero
1405 2652 1496 2723 coici
1527 2652 1588 2721 clre
1616 2652 1664 2722 mi
1700 2669 1837 2743 moneo,

665 2766 767 2862 idest,
795 2769 920 2862 David,
952 2768 1013 2863 qui
1046 2776 1127 2843 erat
1161 2770 1341 2867 figuratus
1374 2769 1420 2843 ibi
1457 2769 1492 2841 in
1522 2769 1652 2845 eadem
1688 2776 1836 2845 costae

664 2887 815 2982 dextra3
842 2896 879 2963 et
900 2909 972 2962 non
998 2888 1096 2963 dicas
1122 2890 1216 2964 sicut
1238 2889 1355 2985 multi,
1377 2890 1475 2984 quod
1496 2888 1677 2986 Virgilius,
1695 2891 1754 2965 vel
1772 2912 1836 2965 cor

664 3028 775 3081 suurn
805 3009 975 3083 movebat
1000 3028 1101 3103 eum,
1127 3010 1214 3103 quia
1240 3018 1329 3084 tunc
1349 3016 1457 3105 poeta
1477 3010 1744 3105 contradiceret
1768 3010 1835 3085 sibi

665 3146 753 3200 cum
788 3127 867 3221 jam
906 3126 1050 3222 dixerit,
1082 3128 1181 3221 quod
1213 3127 1381 3224 Virgilius
1419 3134 1500 3202 erat
1536 3128 1603 3203 sibi
1636 3148 1659 3202 a
1693 3128 1837 3203 sinistra

667 3246 730 3321 ubi
756 3253 811 3321 est
835 3266 900 3320 cor
927 3246 1092 3321 bominis.
1120 3247 1271 3321 Videbat
1296 3266 1398 3343 ergo,
1417 3249 1582 3320 un'altro
1605 3250 1729 3321 ἰσωνία
1746 3252 1838 3323 netto

664 3369 785 3441 roccio
817 3369 979 3460 imposta,
1016 3366 1118 3462 idest,
1150 3365 1188 3441 ln
1219 3368 1298 3463 ripa
1327 3368 1569 3463 insculptam;
1600 3368 1698 3443 unde
1730 3368 1836 3443 dicit:

662 3489 828 3581 perclr'io
859 3490 984 3560 uurcai
1024 3492 1178 3580 Virpilio,
1214 3488 1299 3583 quia
1335 3490 1431 3562 traxi
1470 3510 1530 3564 me
1567 3496 1653 3564 ante
1686 3510 1787 3584 euru,
1820 3512 1839 3563 e

661 3611 758 3705 se'mr'
777 3629 916 3702 presso,
952 3606 999 3681 illi
1028 3608 1186 3683 historiae
1218 3608 1402 3704 secundae,
1434 3603 1532 3683 occid
1555 3611 1615 3683 cle
1644 3615 1738 3705 fosse
1762 3611 1843 3702 opii

665 3732 761 3803 occli
786 3732 852 3802 roei
876 3732 1044 3821 disposta,
1071 3728 1173 3822 idest,
1199 3736 1242 3801 ut
1267 3729 1397 3803 melius
1422 3734 1459 3803 et
1490 3728 1645 3803 habilius
1659 3730 1840 3806 conside·

666 3870 790 3924 rarem
816 3854 1074 3923 eam—Ero.
1102 3848 1166 3922 llic
1191 3855 1296 3943 poeta
1315 3847 1485 3923 describit
1503 3848 1836 3943 ipsam-bistoriam.

594 3984 596 3995 ·
631 3959 636 3971 '
665 3969 718 4044 nd
743 3969 849 4044 cuius
876 3968 1149 4065 intelligentiam
1175 3968 1288 4045 debes
1312 3969 1474 4044 breviter
1494 3970 1601 4065 scire,
1619 3970 1719 4064 qrrod
1743 3971 1838 4045 sicut

665 4088 837 4165 scribitur
863 4088 955 4163 libro
973 4089 1003 4161 ll
1019 4090 1175 4185 Regum,
1193 4095 1231 4163 et
1247 4087 1428 4183 colligitur
1444 4109 1510 4184 per
1527 4090 1724 4186 Josepbum
1744 4090 1838 4164 libro

664 4208 942 4303 Antiquitatum,
965 4208 1089 4303 David,
1111 4214 1259 4281 mortuo
1271 4207 1359 4281 Saul
1380 4228 1469 4304 rege
1485 4210 1762 4304 superbissimo,
1780 4210 1835 4284 la·

664 4336 746 4405 ctus
772 4350 838 4405 rex
865 4329 1101 4425 congregavit
1127 4349 1257 4403 omnes
1281 4328 1399 4404 cleros
1420 4328 1541 4422 lsrael,
1561 4334 1602 4402 ut
1622 4330 1838 4404 transferret

664 4449 966 4525 Arcam-bomini
994 4450 1029 4523 in
1054 4450 1238 4525 civitatem
1265 4469 1380 4547 suern
1398 4448 1507 4545 Syon.
1534 4448 1680 4545 Accepit
1708 4456 1835 4525 autem

665 4592 748 4647 earn
775 4571 820 4645 de
845 4572 956 4645 domo
981 4569 1183 4645 nminadab
1208 4568 1270 4643 lilii
1294 4570 1383 4644 Saul
1400 4570 1464 4664 qul
1482 4576 1562 4645 erat
1583 4570 1620 4645 in
1644 4570 1780 4665 Gabaa,
1800 4578 1838 4646 et

665 4691 763 4765 illam
790 4691 943 4785 positam
971 4689 1008 4764 in
1033 4690 1197 4785 plaustro
1220 4711 1316 4764 novo
1332 4690 1492 4765 ducebat
1515 4711 1601 4765 curn
1628 4712 1764 4787 magno
1782 4692 1837 4767 le-

663 4818 721 4884 sto
747 4810 785 4884 in
809 4810 907 4885 omni
933 4830 1071 4907 genere
1099 4810 1336 4885 musicorum.
1363 4810 1437 4884 Oza
1464 4829 1554 4885 vero
1580 4816 1616 4884 et
1641 4810 1753 4885 Acbia
1775 4811 1836 4885 lilii

728 5068 756 5132 (¹)
772 5068 803 5119 E.
819 5068 933 5119 adduxit.
