4542 6842
663 949 734 1017 286
1022 958 1227 1015 consumar
1251 956 1471 1015 ruuouronu

662 1105 774 1178 solius
800 1102 944 1177 virtutis
970 1103 1072 1200 regni
1095 1102 1280 1180 constituit
1296 1122 1483 1177 coronam.
1501 1100 1664 1177 Virtutes
1683 1100 1764 1175 eius
1781 1101 1836 1175 le-

661 1224 762 1319 gitur
796 1225 1073 1299 commendasse
1104 1223 1353 1297 sanctissimus
1386 1243 1477 1318 papa
1512 1220 1724 1317 Gregorius,
1758 1221 1835 1315 qui,

661 1344 750 1418 fusis
776 1364 842 1439 pro
868 1363 913 1418 eo
938 1343 1120 1440 lacrymis,
1147 1342 1302 1417 extinxit
1327 1342 1492 1418 incendia
1517 1341 1736 1436 inferorum,
1763 1342 1837 1417 llo-

662 1463 762 1537 mino
777 1472 1038 1538 remunerante
1056 1463 1092 1537 in
1110 1463 1255 1558 copiosa
1270 1461 1518 1537 misericordia
1526 1460 1706 1557 justitiam
1720 1482 1834 1555 qnam

662 1584 840 1658 Traianus
865 1584 1001 1659 fecerat
1027 1584 1158 1659 viduor.
1179 1584 1273 1659 Cum
1294 1584 1394 1659 enim
1420 1587 1648 1657 memoratus
1673 1582 1834 1677 impera-

662 1711 722 1778 tor
754 1704 973 1779 ascendisset
1009 1724 1150 1799 equum
1186 1705 1306 1779 iturus
1341 1705 1388 1779 ad
1425 1703 1578 1797 bellum,
1612 1704 1735 1797 vidua,
1768 1726 1834 1799 ap-

662 1827 843 1921 prehenso
873 1825 965 1921 pede
995 1826 1086 1919 eius,
1121 1826 1375 1901 miserabiliter
1400 1826 1541 1921 lugens,
1567 1824 1633 1898 sibi
1655 1825 1834 1920 justitiam

662 1944 741 2019 fieri
767 1946 962 2041 postulavit
986 1944 1033 2020 de
1072 1946 1124 2040 iis,
1156 1945 1220 2039 qui
1247 1945 1361 2019 fitium
1387 1944 1467 2020 eius
1504 1945 1685 2040 optimum
1716 1950 1754 2018 et
1779 1944 1836 2018 in-

661 2065 960 2139 nocentissimum
982 2065 1160 2160 juvenem
1192 2065 1324 2139 iniuste
1349 2062 1578 2157 occiderant,
1609 2071 1647 2139 et
1670 2064 1835 2139 diritro

661 2185 838 2282 Auguste,
865 2192 904 2259 tu
931 2186 1103 2280 imperas,
1124 2192 1163 2261 et
1186 2205 1258 2281 ego
1291 2185 1409 2280 patior
1441 2192 1517 2259 tam
1550 2192 1715 2259 atrocem
1740 2183 1835 2258 iniu-

662 2304 767 2378 riam.
794 2304 861 2378 Cui
888 2305 1073 2401 respondit
1099 2305 1318 2399 imperator:
1337 2304 1555 2379 satisfaciam
1577 2304 1640 2378 tibi
1665 2324 1751 2378 cum
1775 2323 1835 2378 re-

661 2423 774 2499 diero.
801 2416 894 2515 Etl¹l
922 2423 1005 2499 illa:
1033 2424 1134 2518 quid,
1160 2424 1189 2497 si
1217 2445 1290 2499 non
1318 2425 1494 2499 redieris?
1514 2424 1611 2498 Dixit
1634 2423 1834 2497 Traianus:

661 2540 857 2623 Successor
885 2563 990 2618 meus
1015 2544 1209 2619 satisfaciet
1235 2543 1309 2620 tibi.
1337 2545 1380 2618 Et
1405 2544 1485 2617 illa:
1506 2542 1593 2638 quid
1612 2544 1674 2619 tibi
1700 2544 1834 2639 prode·

662 2662 720 2754 rit,
738 2662 767 2735 si
784 2662 878 2737 alius
895 2655 1193 2755 benefeceritfffl
1213 2670 1254 2738 tu
1281 2663 1368 2737 mibi
1395 2663 1538 2739 debitor
1562 2682 1603 2737 es
1627 2662 1831 2737 secundum

661 2801 773 2876 opera
802 2781 1010 2857 mercedem
1039 2790 1278 2877 recepturus:
1304 2783 1405 2857 fraus
1429 2790 1531 2858 certe
1556 2790 1612 2857 est
1636 2784 1734 2857 nolle
1751 2782 1835 2857 red·

661 2900 750 2976 dere
775 2901 874 2996 quod
899 2900 1075 2996 debetur3
1102 2922 1294 2977 successor
1317 2908 1405 2977 tuus
1428 2903 1624 2977 tenebatur
1638 2892 1676 2995 (³)
1693 2901 1835 2997 patien-

552 3020 555 3025 ’
662 3022 759 3097 tibus
785 3021 954 3097 iniuriam
980 3044 1047 3117 pro
1074 3043 1133 3117 se;
1152 3030 1190 3097 te
1204 3010 1241 3115 (⁴)
1260 3043 1334 3098 non
1352 3022 1519 3098 liberabit
1537 3022 1679 3118 justitia
1696 3022 1832 3115 aliena3

661 3141 756 3216 bene
773 3142 880 3216 stabit
897 3162 1087 3217 successor
1105 3148 1192 3216 tuus
1209 3142 1239 3215 si
1256 3162 1296 3217 se
1313 3142 1432 3238 ipsum
1457 3142 1635 3217 liberabit
1654 3141 1831 3215 Traianus

661 3254 784 3337 motus
810 3263 864 3337 bis
889 3263 1023 3356 verbis,
1052 3263 1238 3337 descendit
1270 3262 1317 3338 de
1350 3283 1449 3357 equo
1481 3268 1519 3337 et
1552 3283 1703 3336 causam
1737 3282 1834 3357 prce·

661 3382 860 3457 sentialiter
890 3383 1125 3477 examinavit,
1152 3390 1190 3458 et
1219 3383 1397 3480 condigna
1429 3381 1672 3457 satisfactione
1701 3402 1833 3457 conso·

661 3501 756 3577 latus
781 3508 836 3577 est
862 3502 1021 3577 viduam.
1048 3502 1190 3577 Dicitur
1213 3509 1340 3577 autem
1366 3502 1598 3578 beatissimus
1623 3522 1715 3598 papa
1741 3501 1834 3576 Gre-

659 3623 786 3720 gorius
812 3624 974 3698 tamdiu
1002 3644 1069 3719 pro
1094 3643 1141 3698 eo
1166 3643 1303 3717 orasse,
1328 3623 1446 3698 donec
1476 3622 1510 3697 ei
1538 3623 1745 3697 revelatum
1778 3627 1834 3696 est

660 3743 856 3817 Traianum
883 3763 906 3817 a
932 3744 1048 3839 poenis
1078 3742 1209 3817 inferni
1234 3762 1316 3819 esse
1341 3743 1558 3837 liberatum,
1585 3742 1684 3817 unde
1708 3742 1834 3817 Traia·

660 3884 731 3937 nus
757 3862 890 3937 merito
916 3862 1110 3957 prefertur
1134 3862 1226 3956 aliis,
1247 3862 1354 3937 cuius
1380 3863 1497 3937 virtus
1522 3862 1572 3937 ita
1598 3862 1733 3957 placuit
1749 3882 1834 3936 sau-

660 3982 727 4057 otis
751 4002 828 4078 pre
853 3982 1006 4076 caeteriS,
1033 3989 1074 4055 ut
1100 4002 1232 4057 eorum
1265 3983 1404 4057 meritis
1434 3984 1534 4057 solus
1565 3984 1611 4057 sit
1644 3984 1832 4059 liberatus.

660 4104 765 4177 Nunc
790 4103 836 4177 ad
862 4103 1029 4196 literam3
1064 4109 1173 4197 poeta
1197 4103 1447 4198 descripturus
1473 4105 1567 4178 bano
1592 4103 1751 4179 nobilem
1778 4102 1834 4175 bi·

661 4223 811 4298 storiam
837 4212 1016 4318 perpetuo
1046 4223 1316 4317 celebrandam,
1347 4223 1467 4319 primo
1501 4230 1684 4319 praeparat
1714 4243 1754 4298 se
1787 4222 1832 4295 ad

661 4343 772 4438 illam,
798 4342 944 4418 dicens:
970 4348 1013 4416 fo
1036 4346 1144 4416 morsi
1166 4346 1181 4416 1
1199 4339 1261 4437 pte*
1283 4345 1342 4417 det
1364 4346 1439 4417 loco
1464 4347 1567 4419 oo'io
1590 4352 1706 4435 stoue,
1729 4342 1833 4437 quasi

660 4462 779 4553 dicat:
807 4462 875 4539 leci
899 4484 1018 4537 unum
1044 4483 1193 4558 passum
1219 4468 1377 4559 tantum,
1396 4485 1467 4557 per
1491 4468 1614 4555 oouor
1638 4466 1688 4537 da
1709 4484 1833 4555 presso

662 4586 720 4657 on'
733 4587 830 4658 oltra
859 4587 995 4673 ummo,
1021 4604 1105 4678 quae
1137 4584 1232 4657 facta
1256 4590 1312 4658 est
1341 4583 1436 4658 inter
1461 4604 1578 4678 equos
1608 4591 1647 4658 et
1678 4582 1831 4678 equites,

662 4727 736 4782 nou
762 4705 857 4780 inter
873 4706 986 4779 boves
1004 4709 1040 4779 et
1057 4704 1207 4799 pedites,
1224 4703 1317 4778 sicut
1334 4704 1483 4779 historia
1510 4704 1635 4798 David,
1653 4707 1714 4778 cte
1733 4705 1834 4777 binn-

662 4828 865 4917 clrepptoou,
890 4824 993 4917 idest,
1020 4824 1057 4896 in
1084 4843 1273 4897 marmore
1296 4824 1381 4898 albo
1406 4823 1616 4919 apparebat,
1634 4826 1769 4897 diretro
1785 4826 1833 4897 do

726 5013 753 5077 (¹)
771 5017 825 5074 117,
842 5012 876 5062 111
892 5012 935 5062 illa
951 5012 1047 5075 inquit:
1064 5011 1085 5061 11
1101 5024 1154 5061 non
1169 5010 1294 5060 redierint
1422 5009 1450 5071 (Ἴ
1466 5012 1492 5061 S.
1510 5011 1666 5061 benefecerit
1681 5010 1762 5060 11111111

726 5092 753 5155 (¹)
769 5090 799 5141 11.
816 5103 831 5140 o
849 5094 902 5149 117,
920 5088 1058 5139 tenebitur.
1424 5087 1453 5149 θ)
1467 5089 1500 5139 E.
1516 5092 1602 5139 tamen
1617 5100 1678 5137 non.
1705 5100 1712 5111 ¹
