4542 6842
710 944 734 1012 6
1074 953 1278 1009 counuruu
1302 953 1522 1008 nunetronu

710 1120 842 1195 manae,
868 1099 961 1174 sicut
977 1097 1167 1194 Remigius
1191 1117 1304 1193 super
1320 1098 1561 1193 Martianum5
1578 1106 1617 1174 et
1636 1099 1713 1194 ipse
1736 1100 1884 1176 Martia·

587 1274 597 1284 -
710 1245 781 1298 nus
805 1221 909 1298 aliter
935 1218 1080 1296 ordinat
1095 1213 1131 1312 (¹)
1158 1221 1281 1294 illusas
1310 1239 1424 1313 quam
1449 1219 1663 1316 Fulgentius
1689 1221 1884 1318 111110111-

605 1404 635 1466 ‘3
709 1341 975 1438 thologiarum3
1002 1340 1065 1416 sed
1090 1338 1213 1435 opinio
1245 1339 1425 1436 Fulgentii
1456 1340 1574 1436 magis
1604 1340 1750 1417 videtur
1774 1341 1884 1438 digna

624 1458 628 1466 ’
707 1462 834 1538 lavore
859 1470 897 1537 et
922 1461 1089 1557 pluribus
1106 1462 1235 1556 placet.
1253 1459 1357 1535 Unde
1373 1460 1593 1535 novissimus
1610 1469 1718 1556 poeta
1735 1462 1884 1536 Petrar·

706 1584 776 1660 che
801 1584 970 1678 sequitur
992 1583 1112 1678 ipsum
1138 1583 1175 1656 in
1201 1601 1271 1654 suo
1295 1581 1388 1657 libro
1414 1581 1684 1656 Bucolicorum.
1710 1585 1772 1659 Est
1792 1605 1883 1682 ergo

706 1702 908 1797 sciendum,
930 1701 1029 1797 quod
1045 1702 1123 1776 istae
1149 1721 1284 1776 novem
1310 1702 1423 1776 llusre
1447 1701 1636 1796 finguntur
1655 1723 1790 1778 novem
1808 1706 1883 1779 vir-

706 1821 822 1918 gines,
840 1843 924 1917 quae
949 1822 1122 1896 dicuntur
1139 1822 1218 1896 deae
1237 1827 1444 1915 poetarum,
1464 1827 1502 1896 et
1523 1821 1726 1916 figuraliter
1744 1843 1883 1918 reprae·

707 1951 853 2020 sentant
878 1963 1011 2019 uorem
1030 1963 1113 2037 qnae
1131 1948 1218 2016 sunt
1235 1942 1629 2037 neceesariapoetanti.
1648 1943 1770 2018 Prima
1788 1965 1882 2039 qua·

707 2085 792 2137 rum
827 2063 975 2159 ponitur
1008 2062 1085 2138 Clio
1098 2053 1150 2155 (¹).
1185 2061 1263 2138 Clio
1293 2062 1393 2136 enim
1425 2068 1482 2136 est
1511 2062 1583 2138 dea
1614 2064 1753 2160 gloriae,
1783 2064 1882 2142 unde

706 2183 838 2259 dicitur
862 2205 886 2258 a
911 2183 1015 2258 Cleos
1040 2182 1139 2276 quod
1157 2189 1214 2256 est
1227 2181 1358 2278 gloria,
1384 2182 1490 2277 quasi
1506 2183 1666 2278 gloriosa
1686 2184 1767 2278 dea,
1794 2186 1881 2280 quia

706 2305 887 2400 appetitus
911 2303 1039 2400 gloriae
1065 2303 1311 2398 principaliter
1341 2303 1466 2380 incitat
1495 2311 1622 2398 poetas
1645 2304 1692 2378 ad
1718 2306 1882 2384 scribom

705 2423 806 2519 dum,
838 2431 876 2498 et
907 2424 953 2498 ad
991 2424 1101 2498 finem
1136 2423 1244 2497 lamae
1277 2422 1443 2498 scribunt
1475 2423 1584 2518 juxta
1617 2423 1707 2498 illud
1740 2425 1880 2500 Ovidii:

708 2547 799 2634 Quid
817 2549 946 2638 petitur
970 2548 1083 2618 sanas
1107 2547 1175 2616 nisi
1199 2546 1307 2634 tonpa
1329 2547 1431 2638 (uma
1444 2547 1581 2636 poetis?
1605 2544 1708 2618 Unde
1732 2546 1881 2621 Petrar-

705 2665 773 2741 clm
799 2665 932 2740 ibidem
960 2675 1113 2762 tangens
1138 2664 1314 2740 virtutem
1340 2664 1442 2738 istius
1466 2664 1596 2759 primae
1618 2666 1740 2759 Musa,
1770 2665 1879 2740 dicit:
2028 2697 2033 2703 ·

710 2789 800 2876 Qotd
812 2790 922 2881 (amca
941 2788 1131 2878 proednln's
1156 2792 1283 2859 amor!
1307 2785 1412 2874 Quod
1436 2785 1599 2860 breviter
1625 2792 1723 2880 patet
1749 2786 1786 2860 in
1811 2787 1880 2863 isto

705 2905 906 2981 versiculo:
933 2909 1091 2980 Primum
1116 2908 1207 2978 scire
1230 2908 1322 2998 cupit
1345 2910 1457 3000 samm
1489 2907 1666 2980 dulcedine
1698 2909 1781 2980 Clio.
1812 2906 1880 2982 Se·-

705 3027 825 3103 cunda
851 3035 1006 3102 vocatur
1031 3027 1202 3122 Euterpe,
1227 3047 1311 3121 quae
1335 3033 1393 3102 est
1416 3027 1485 3102 dea
1512 3026 1777 3122 delectationis3
1802 3029 1879 3102 Eu-

704 3153 808 3244 terpe
841 3147 939 3222 enim
971 3167 1104 3243 graece,
1136 3146 1248 3222 latine
1277 3147 1410 3221 dicitur
1439 3147 1535 3222 hene
1565 3146 1761 3243 delectans,
1791 3148 1879 3243 quia

704 3289 850 3344 summa
875 3267 1066 3342 delectatio
1092 3273 1148 3342 est
1172 3267 1208 3340 in
1234 3267 1394 3362 poeticis,
1413 3274 1455 3341 ut
1472 3268 1600 3362 pulcre
1623 3267 1780 3342 ostendit
1795 3269 1878 3342 dri-

704 3390 850 3464 stoteles
875 3389 912 3461 in
936 3409 1004 3462 sua
1029 3388 1189 3483 poetria3
1207 3388 1306 3483 quod
1324 3387 1457 3463 indicat
1472 3389 1541 3463 iste
1563 3409 1711 3464 versus:
1729 3394 1879 3482 Euterpe

703 3512 797 3583 cons
820 3511 959 3600 grande
974 3510 1147 3599 juvamen
1170 3510 1280 3582 tanet.
1306 3508 1428 3583 lertia
1454 3515 1610 3584 vocatur
1639 3509 1877 3604 Melpomene,

702 3649 786 3724 quae
808 3635 863 3704 est
880 3629 949 3703 dea
967 3627 1230 3722 meditationis3
1248 3629 1476 3723 Melpomene
1493 3629 1592 3704 enim
1614 3629 1877 3724 interpretatur

703 3749 976 3826 meditationem
1000 3749 1147 3843 iaciens,
1164 3749 1252 3844 quia
1277 3757 1359 3845 post
1383 3749 1629 3847 cognitionem
1655 3757 1693 3824 et
1717 3751 1877 3824 delecta-

701 3872 839 3946 tionem
865 3871 973 3946 debct
994 3871 1106 3945 homo
1122 3871 1260 3946 instare
1276 3869 1436 3946 scientia
1455 3871 1673 3947 meditando.
1691 3871 1782 3944 Nam
1802 3891 1876 3944 non
1994 3881 1999 3890 ’

702 3997 819 4087 potest
844 3991 971 4066 haberi
996 3991 1157 4087 perlecta
1183 3990 1342 4087 cognitio
1364 4012 1490 4068 rerum
1510 3992 1576 4066 nisi
1595 3990 1778 4066 mediante
1795 4011 1876 4066 me·

701 4110 885 4204 ditatione,
911 4132 995 4206 quae
1027 4111 1168 4206 perficit
1192 4111 1357 4186 habitum
1389 4112 1566 4206 scientiae3
1594 4112 1691 4188 unde
1720 4132 1873 4186 versus:

701 4235 815 4306 lmtnt
837 4233 1049 4324 Mediomene
1076 4252 1182 4324 super
1211 4231 1386 4304 oblectans
1409 4235 1618 4306 ntcditondo.
1649 4233 1788 4320 Quarta
1818 4232 1875 4306 di-

700 4352 796 4427 citur
821 4352 944 4429 Thalia
970 4372 1055 4447 quae
1080 4358 1136 4427 est
1160 4351 1229 4426 dea
1255 4351 1473 4446 capacitatis,
1498 4353 1589 4427 idest
1614 4352 1875 4448 apprehensio·

700 4471 775 4566 nis3
801 4479 857 4545 est
881 4471 979 4546 enim
1005 4471 1248 4568 apprehensio
1279 4491 1408 4546 rerum
1438 4473 1670 4570 cognitarum
1697 4493 1784 4547 cum
1810 4472 1875 4548 de·

700 4592 893 4668 lectatione
932 4600 968 4666 et
1007 4591 1260 4685 meditatione3
1297 4591 1430 4666 dicitur
1468 4593 1567 4668 enim
1608 4592 1732 4668 Thalia
1770 4592 1877 4688 quasi

700 4731 838 4806 ponens
862 4712 1042 4807 germina,
1070 4712 1157 4807 quia
1188 4713 1296 4808 plura
1331 4712 1477 4808 colligit,
1504 4713 1601 4808 capit
1631 4721 1668 4788 et
1692 4713 1807 4808 discit,
1836 4720 1877 4788 nt

700 4832 1024 4926 comprehenditur
1049 4833 1085 4905 in
1112 4833 1181 4906 isto
1206 4853 1333 4908 versu:
1361 4837 1445 4924 Ipsa
1474 4836 1597 4906 Ttatio
1621 4835 1700 4906 sinu
1722 4853 1876 4925 prome

762 5101 790 5162 i')
807 5102 861 5161 117,
877 5099 1013 5150 ordinarit.
1248 5097 1275 5162 (Ἴ
1293 5097 1323 5149 E.
1340 5097 1408 5161 ctto;
1423 5112 1482 5164 quo
1496 5097 1553 5150 etto
1567 5103 1616 5148 ert.
