4542 6842
800 940 939 999 murus
963 898 1130 1011 Quirinus.
1480 938 1549 1005 145

375 1085 434 1160 lsti
459 1092 587 1161 autem
612 1086 777 1181 graviter
800 1086 1030 1163 otlenderant
1055 1091 1187 1185 Deum,
1209 1112 1277 1167 nec
1301 1068 1568 1187 poenttuerant'

376 1204 414 1278 iu
448 1206 521 1280 vita
553 1206 648 1280 sicut
672 1205 806 1299 David3
833 1205 915 1283 ideo
945 1209 1079 1283 merito
1109 1210 1318 1306 suppliciter
1354 1213 1552 1309 implorant

375 1324 537 1400 divinam
562 1325 849 1401 misericordiam
876 1330 1091 1405 confitentes
1115 1331 1242 1427 culpas
1260 1354 1358 1421 ‘suas
1389 1333 1550 1409 dicentes

376 1446 487 1521 simul
519 1445 608 1521 illud
645 1445 783 1521 David:
821 1451 989 1522 Miserere
1021 1452 1089 1523 mei
1121 1455 1216 1523 Deus
1249 1454 1435 1525 secundum
1471 1474 1550 1525 mu-

375 1588 485 1659 pnom
509 1570 787 1641 muoicordium
804 1575 922 1663 mam5
943 1577 977 1642 et
998 1573 1186 1644 secuudum
1212 1574 1460 1645 multitudinem
1484 1576 1552 1646 mi-

375 1692 589 1763 serationum
605 1694 746 1762 murum
765 1691 840 1762 dele
855 1692 1068 1781 iniouimtem
1093 1712 1207 1764 meam
1232 1698 1300 1767 ete.
1319 1692 1418 1767 Deus
1439 1693 1549 1787 eninr,

377 1816 421 1883 ut
456 1808 542 1885 dicit
575 1808 731 1885 devotus
768 1810 990 1904 Beruamus,
1023 1809 1158 1885 dicitur
1195 1811 1305 1885 Pater
1342 1811 1551 1885 misericor-

376 1928 533 2023 diarum,
567 1951 642 2004 non
676 1930 856 2003 ultionum
887 1930 946 2005 rel
966 1930 1204 2026 judiciorum,
1235 1932 1321 2026 quia
1355 1931 1550 2007 miserendi

376 2068 528 2125 causam
555 2056 592 2124 et
616 2050 796 2147 originem
822 2051 937 2125 surnit
962 2071 1008 2125 en
1025 2051 1186 2147 proprio,
1204 2052 1400 2127 ulciscendi
1424 2058 1549 2128 autem

377 2168 494 2265 magis
518 2190 566 2245 ex
592 2177 729 2265 nostro,
755 2172 831 2245 imo
866 2172 1026 2266 quadam
1056 2173 1196 2268 justitia
1217 2173 1370 2249 ridetur
1396 2174 1550 2250 misere-

376 2291 419 2385 ri,
445 2290 533 2384 quia
558 2291 669 2385 impia
694 2297 750 2367 est
769 2292 910 2387 justitia
928 2313 1022 2385 v(purte
1051 2293 1226 2368 humanae
1259 2294 1442 2391 tramittam
1473 2316 1549 2369 non

376 2410 478 2484 novit
503 2411 703 2506 ignoscere.
729 2412 775 2485 Et
799 2411 903 2486 dicit:
929 2434 953 2484 u
979 2432 1081 2485 verso
1098 2434 1122 2485 a
1140 2434 1251 2486 verso.
1271 2413 1324 2488 nd
1345 2414 1444 2508 quod
1463 2421 1549 2491 nota

376 2532 476 2625 quod
500 2530 613 2606 David
640 2532 780 2627 scripsit
806 2532 965 2626 psalmos
990 2552 1077 2606 suos
1101 2531 1172 2607 sub
1198 2533 1280 2628 lege
1310 2534 1432 2629 metri,
1456 2534 1551 2610 sicut

377 2658 414 2728 et
439 2651 617 2727 Ieremias
642 2652 818 2747 planctus.
849 2651 952 2726 Unde
982 2652 1116 2727 Arator
1147 2659 1254 2747 poeta
1290 2654 1375 2727 dicit
1390 2646 1448 2747 (¹):
1474 2659 1550 2729 Me-

378 2774 467 2845 tn'ca
492 2774 545 2844 ois
568 2774 683 2845 saone
706 2792 780 2843 non
804 2778 856 2845 est
877 2774 1054 2862 incopnitu
1083 2772 1181 2845 litiis
1210 2775 1420 2845 Psulten‘um
1449 2776 1551 2863 lpn'ci

376 2912 600 2985 composuere
624 2893 728 2964 modi.
756 2892 848 2965 Nota
873 2892 984 2966 etiarn
1010 2892 1108 2985 quod
1139 2892 1253 2967 David
1284 2892 1369 2967 lecit
1398 2898 1547 2968 centum

377 3012 641 3108 quinquaginta
671 3013 842 3106 psalmoS,
868 3019 905 3087 et
939 3032 1069 3087 versus
1103 3012 1179 3087 duo
1210 3011 1322 3087 millia
1356 2996 1548 3087 sexcentos

377 3154 440 3208 sex
456 3124 506 3225 (‘).
533 3131 637 3206 Unde
661 3152 814 3207 versus:
846 3138 913 3205 Ter·
937 3136 1200 3224 quinquepeuos
1222 3134 1343 3205 Dauid
1366 3136 1461 3207 canit
1485 3152 1548 3205 or-

376 3255 458 3327 dine
480 3256 653 3346 ptoloms,
685 3257 810 3325 Versus
834 3253 886 3325 ln's
915 3256 1006 3325 mille
1036 3260 1217 3326 recreatos
1252 3274 1318 3325 scm
1350 3257 1445 3327 canit
1479 3255 1545 3326 ille.

376 3373 429 3448 lle
453 3371 589 3465 quibus
612 3371 761 3466 psalmis
794 3378 933 3466 septem
966 3373 1197 3466 appellantur
1227 3370 1444 3467 spirituales,
1471 3371 1549 3447 sive

235 3522 243 3536 ·
375 3493 660 3591 poenitentiales3
691 3492 739 3567 ad
770 3514 931 3587 quorum
957 3493 1230 3567 similitudinem
1258 3494 1457 3567 Petrarcha
1482 3513 1549 3567 no-

375 3621 451 3689 ster
473 3613 560 3687 lecit
583 3612 673 3687 alios
698 3618 853 3707 septem3
885 3619 922 3687 et
953 3634 1050 3685 unus
1075 3612 1342 3707 devotissimus
1374 3612 1437 3707 qui
1466 3633 1548 3687 ma-

375 3736 430 3831 gis
462 3734 609 3809 ridetur
643 3754 779 3807 vocare
810 3734 930 3807 Deum
968 3733 1015 3807 ad
1049 3732 1351 3827 misericordiam,
1394 3740 1450 3809 est
1480 3734 1548 3807 iste

375 3855 560 3951 psalmus:
586 3856 761 3926 lltserem.
787 3852 873 3926 ldeo
899 3854 993 3927 bene
1015 3852 1074 3927 isti
1095 3853 1285 3929 tendentes
1302 3852 1348 3927 ad
1367 3852 1548 3948 poeniten-

375 3976 464 4050 tiam
490 3979 637 4048 cantant
662 3974 773 4047 istum
798 3974 981 4068 psalmum
1015 3972 1316 4068 poenitentialem,
1343 3978 1380 4047 et
1409 3972 1466 4046 isti
1498 3972 1547 4045 si-

376 4096 509 4171 militer
534 4093 702 4168 admirati
728 4098 812 4165 sunt
842 4093 890 4167 de
920 4092 1037 4167 Dante
1062 4093 1157 4168 rivo.
1184 4092 1287 4167 Unde
1318 4092 1414 4188 dicit,
1447 4090 1544 4187 quod

376 4216 432 4291 isti
467 4217 610 4307 puorodo
641 4216 669 4286 s'
683 4234 847 4287 occorser
881 4216 932 4287 clt’
945 4217 981 4287 io
1005 4234 1078 4286 non
1101 4215 1197 4286 duva
1225 4215 1301 4285 loco
1333 4213 1373 4283 al
1404 4217 1547 4304 tropos-

374 4358 439 4410 sor
463 4338 516 4410 dd
530 4336 650 4425 rapui,
676 4333 823 4427 scilicet,
849 4333 1038 4426 solarium,
1051 4354 1119 4425 per
1145 4335 1178 4405 lo
1204 4334 1274 4405 mio
1298 4352 1421 4425 corpo,
1446 4330 1545 4427 quod

376 4479 450 4531 non
475 4463 558 4532 erat
580 4456 763 4551 pervium,
790 4462 828 4529 et
853 4454 934 4528 ideo
961 4452 1114 4527 iaciebat
1141 4449 1326 4546 umbram,
1347 4458 1464 4525 metm
1489 4454 1547 4525 lor

375 4584 492 4669 canto,
522 4575 658 4649 scilicet
687 4574 902 4668 devotionis,
932 4577 967 4647 in
1000 4593 1048 4645 uu
1081 4575 1242 4663 Olunpo
1268 4593 1287 4644 e
1317 4578 1426 4663 roco,‘
1447 4570 1546 4665 quod

374 4698 442 4771 luit
466 4697 614 4793 signum
639 4693 900 4788 admirationis,
925 4693 1012 4787 quia
1037 4698 1231 4787 coeperunt
1256 4712 1385 4767 omnes
1409 4690 1546 4785 pariter

374 4818 556 4894 clamare:
582 4838 606 4889 o
638 4816 749 4911 quale
781 4812 1003 4889 miraculum
1037 4811 1136 4906 quod
1168 4832 1264 4885 unus
1299 4810 1404 4885 vivus
1437 4809 1547 4885 vadat

438 5069 467 5130 (¹)
481 5070 512 5120 ll.
527 5069 599 5119 dixit.
849 5064 877 5131 (¹)
892 5066 923 5117 lt.
940 5079 998 5116 rex:
1014 5066 1084 5115 unde
1099 5065 1206 5115 dicitur:
1227 5066 1281 5115 Ter.
1325 5082 1328 5089 ·

509 5175 550 5218 nt
1388 5168 1414 5213 ro
