4542 6842
724 952 796 1019 tro
1083 968 1287 1025 conrannnnr
1310 972 1530 1027 nonannonn

722 1116 845 1208 nisesto
870 1116 1008 1187 terror
1036 1116 1211 1206 Mortem,
1236 1114 1339 1209 idest,
1366 1114 1614 1209 quorumdam
1644 1114 1892 1211 ignorantum,

721 1236 781 1307 clla
797 1236 955 1327 sisenna
973 1235 1065 1325 aro,
1079 1232 1181 1328 idest,
1194 1233 1362 1309 doctores
1375 1226 1427 1327 (¹),
1440 1234 1601 1309 dicentes
1621 1254 1772 1309 omnam
1789 1255 1894 1309 amo-

722 1372 801 1427 rem
828 1372 909 1428 esso
922 1350 1166 1448 laudabilem,
1192 1361 1235 1427 nt
1258 1353 1391 1427 dicitur
1411 1353 1517 1448 intra,
1543 1353 1642 1447 quod
1666 1354 1798 1429 onum
1824 1361 1891 1429 est.

720 1472 766 1545 Et
785 1472 911 1547 volens
928 1473 1131 1567 ostendere,
1151 1473 1237 1567 quid
1254 1474 1300 1547 sit
1317 1493 1435 1568 amor,
1454 1473 1577 1569 incipit
1592 1494 1725 1568 parum
1744 1495 1766 1550 a
1783 1472 1892 1570 longe

722 1592 771 1666 ab
796 1592 908 1688 ipsius
938 1593 1071 1688 radice,
1098 1593 1241 1669 dicens:
1267 1597 1423 1668 tammo
1447 1589 1532 1667 clr'd
1558 1601 1677 1669 creato
1707 1597 1758 1667 od
1787 1615 1894 1669 antor

716 1720 850 1807 presta
877 1713 963 1807 quia
987 1714 1081 1789 sicut
1105 1714 1244 1789 dictum
1266 1721 1322 1789 est
1342 1714 1380 1788 in
1401 1714 1560 1810 capitulo
1577 1714 1808 1809 precedenti,
1825 1734 1894 1789 nec

724 1842 880 1929 creator,
899 1855 967 1909 nec
988 1841 1159 1909 creatura
1184 1834 1253 1909 luit
1279 1854 1444 1928 unquam
1461 1833 1540 1909 sine
1559 1854 1701 1929 amore,
1717 1830 1739 1908 e*
1756 1835 1892 1923 none,

724 1953 826 2049 idest,
852 1954 1074 2049 inclinabitis,
1101 1958 1151 2029 ad
1174 1957 1259 2045 opnt
1273 1974 1358 2027 cosa
1373 1956 1433 2027 cle
1448 1956 1462 2025 t
1472 1957 1587 2046 ptura
1604 1952 1706 2048 idest,
1724 1952 1771 2028 ad
1789 1952 1893 2048 quic-

725 2073 811 2167 quid
837 2074 992 2149 delectat
1017 2073 1148 2169 ipsum,
1174 2080 1262 2147 tosto
1287 2076 1347 2147 cle
1370 2068 1391 2146 e*
1417 2074 1527 2164 doto,
1553 2073 1655 2168 idest,
1681 2093 1795 2168 quarn
1821 2071 1893 2146 cito

725 2194 907 2269 excitatur
932 2200 969 2268 et
994 2202 1178 2289 movetur,
1196 2197 1259 2268 dal
1269 2198 1392 2289 placer
1417 2198 1554 2297 digram,
1573 2194 1675 2288 idest,
1693 2195 1791 2268 intus
1808 2198 1894 2267 nata

724 2314 974 2390 delectatione.
988 2313 1089 2389 Sicut
1105 2334 1194 2389 cum
1211 2316 1312 2391 vides
1330 2314 1526 2390 mulierem
1544 2314 1758 2410 speciosam,
1775 2313 1895 2387 forma

724 2435 819 2510 illius
844 2436 955 2509 intrat
979 2455 1046 2531 per
1070 2434 1248 2509 fenestras
1273 2436 1469 2510 oculorum
1487 2434 1731 2509 incantatam
1748 2433 1894 2525 animae,

724 2563 762 2632 et
778 2561 901 2630 movet
918 2555 965 2629 ad
982 2553 1183 2629 amandum
1198 2555 1296 2630 illam
1314 2555 1483 2650 quamvis
1499 2554 1688 2629 absentem
1707 2554 1767 2629 vel
1783 2574 1895 2627 nnm-

724 2697 838 2771 quam
863 2675 1068 2751 videndam.
1095 2676 1140 2748 Et
1163 2675 1326 2750 declarat
1351 2674 1450 2770 quod
1478 2674 1579 2770 dixit,
1605 2674 1746 2751 dicens:
1773 2684 1895 2747 rosea

724 2802 938 2891 apprensioc
950 2806 1074 2889 trappe
1090 2800 1297 2892 tomiano
1311 2796 1455 2890 mentis,
1466 2796 1517 2869 da
1529 2816 1624 2869 esser
1640 2816 1777 2887 ware,
1791 2796 1894 2889 idest,

724 2938 747 2993 a
764 2938 807 2993 re
824 2938 913 2992 vera
931 2923 1035 2991 entra
1048 2916 1244 3009 existente3
1258 2915 1345 3011 quia
1361 2916 1448 2991 nihil
1465 2921 1521 2991 est
1537 2916 1723 2994 intellectu
1738 2908 1776 3007 (²)
1794 2915 1893 3011 qnod

725 3055 799 3111 non
825 3036 926 3131 prius
951 3036 1061 3113 luerit
1086 3036 1122 3110 in
1147 3055 1270 3130 sensu,
1296 3042 1333 3112 et
1359 3037 1470 3112 intrat
1493 3036 1531 3110 in
1555 3037 1717 3112 animam
1747 3056 1813 3131 per
1838 3036 1894 3111 vi-

725 3178 809 3232 sum
845 3158 903 3231 vel
935 3156 1103 3231 auditum
1139 3163 1208 3231 etc.
1238 3156 1342 3231 Unde
1372 3157 1476 3233 dicit:
1507 3178 1528 3229 e
1557 3160 1682 3231 dentre
1715 3177 1739 3229 a
1768 3158 1827 3229 voi
1857 3159 1895 3229 lc

724 3280 858 3370 spiapa,
875 3276 1021 3370 scilicet,
1039 3275 1137 3351 illam
1157 3296 1236 3351 rom
1255 3298 1339 3370 quae
1356 3278 1485 3371 placet,
1501 3269 1533 3351 si
1551 3279 1614 3350 clla
1632 3280 1712 3371 face
1734 3280 1893 3368 laomen,

724 3398 827 3493 idest,
854 3398 1091 3491 voluntatem,
1119 3399 1240 3488 volper
1265 3400 1316 3471 ad
1338 3418 1430 3488 esso,
1455 3396 1591 3473 scilicet
1617 3418 1709 3491 rem,
1739 3418 1819 3471 ese
1841 3400 1896 3470 rt·

725 3522 829 3609 voto,
854 3518 931 3612 ipse
962 3517 1118 3611 animun,
1144 3518 1176 3589 st
1200 3520 1306 3610 ptepa
1329 3520 1367 3591 in
1393 3513 1455 3591 otr
1478 3519 1517 3591 di
1540 3520 1596 3609 lei,
1621 3517 1768 3610 scilicet,
1800 3516 1895 3591 illins

724 3640 789 3714 rei.
815 3640 913 3735 Ergo
937 3658 1045 3713 arnor
1069 3647 1124 3714 est
1149 3637 1332 3714 inclinatio
1357 3637 1469 3711 animi
1499 3637 1547 3712 ad
1576 3658 1659 3713 rem
1690 3638 1758 3713 sibi
1782 3636 1895 3733 placi-

724 3766 801 3834 tam
826 3758 987 3834 oblatam
1011 3757 1060 3833 ab
1086 3764 1210 3851 extra3
1238 3756 1335 3831 unde
1359 3757 1463 3833 dicit:
1486 3759 1565 3849 puel
1579 3761 1706 3850 picpor
1722 3755 1745 3832 e*
1757 3777 1893 3849 amore,

725 3880 836 3971 puello
861 3874 881 3951 e*
903 3886 1047 3969 natura,
1068 3877 1153 3971 quia
1171 3883 1290 3972 potest
1305 3877 1375 3952 dici
1392 3878 1562 3972 quaedam
1584 3884 1718 3953 natura
1734 3878 1781 3954 de
1797 3897 1894 3952 novo

723 4000 901 4095 impressa
926 3998 962 4070 in
988 3996 1122 4090 animo,
1140 3998 1201 4069 cle
1223 4000 1262 4070 tn
1281 4000 1340 4070 vot
1362 4000 1395 4071 st
1418 4000 1511 4089 repa,
1528 3997 1630 4093 idest,
1650 4004 1811 4092 creatur,
1828 4016 1894 4069 cort

722 4122 844 4213 placer
867 4120 906 4191 dt
929 4119 998 4209 vot,
1024 4116 1161 4192 virtute
1187 4116 1240 4190 rei
1265 4114 1449 4211 placibilis.
1463 4120 1602 4191 -Pot
1632 4117 1699 4192 llic
1724 4116 1895 4213 Virgilius

724 4237 809 4313 data
833 4235 1044 4312 diffinitione
1068 4234 1207 4310 amoris
1231 4235 1387 4311 ostendit
1411 4255 1477 4331 per
1497 4236 1810 4332 comparationem
1830 4256 1895 4311 na-

725 4360 884 4434 turalem
903 4356 977 4432 vim
996 4363 1033 4431 et
1050 4356 1252 4431 efficaciam
1269 4357 1425 4451 amoris3
1438 4356 1538 4432 unde
1554 4357 1657 4433 dicit:
1668 4360 1734 4450 poi
1748 4358 1896 4431 t’wrtmo

722 4500 843 4573 presa
867 4478 1014 4571 scilicet,
1039 4476 1087 4551 ab
1112 4496 1254 4571 amore,
1270 4484 1373 4550 enea
1396 4480 1435 4551 tn
1459 4480 1580 4569 darre,
1598 4478 1701 4573 idest,
1719 4478 1815 4572 capit
1831 4477 1897 4552 de-

724 4599 899 4675 siderium
926 4598 978 4673 rei
1000 4604 1146 4692 amata,
1163 4600 1224 4671 cle
1247 4594 1269 4671 d
1289 4606 1383 4672 nwto
1402 4602 1573 4691 sptttote,
1590 4599 1693 4693 idest,
1711 4599 1811 4695 quod
1831 4598 1897 4675 de-

725 4720 899 4795 siderium
925 4726 980 4793 est
1006 4725 1128 4793 motus
1153 4717 1360 4814 spiritualis,
1378 4738 1397 4791 c
1412 4720 1486 4791 mai
1500 4738 1573 4791 oon
1590 4739 1684 4811 pora
1704 4704 1757 4811 fin
1781 4721 1845 4792 clla
1860 4722 1897 4793 lo

725 4861 809 4913 cosa
833 4847 954 4913 amata
976 4842 1006 4913 il
1024 4843 1066 4934 sa
1089 4842 1216 4931 ptoire,
1232 4838 1336 4932 idest,
1353 4838 1470 4913 donec
1496 4840 1591 4934 capit
1611 4839 1775 4915 fructum
1792 4848 1897 4936 opla-

788 5099 815 5163 (¹)
831 5098 862 5149 E.
878 5099 1008 5151 ductores.
1257 5097 1285 5162 (Ἴ
1301 5098 1332 5149 B.
1345 5111 1361 5150 a
1375 5097 1402 5149 S.
1418 5100 1445 5150 ln
1459 5098 1604 5173 intellectu.
