4542 6842
705 922 777 991 334
1067 934 1271 991 cnururuu
1297 937 1519 992 runenronn

703 1081 802 1173 quod
829 1081 993 1175 sepultus
1019 1087 1074 1154 θεῖ
1097 1101 1182 1155 cum
1204 1079 1405 1155 maioribus
1422 1080 1508 1172 suis,
1527 1078 1590 1173 qui
1608 1078 1687 1152 sine
1705 1080 1779 1153 ulla
1800 1078 1879 1153 vir-

704 1206 782 1274 tute
809 1207 978 1275 mortuus
996 1207 1076 1275 erat
1093 1200 1130 1273 iu
1150 1200 1233 1275 vita.
1252 1202 1351 1275 Bene
1368 1222 1459 1296 ergo
1480 1200 1577 1275 toeda
1595 1201 1769 1295 superbia
1790 1221 1878 1295 sua3

703 1319 785 1395 ideo
809 1327 916 1415 poeta
943 1320 1085 1397 irrisive
1110 1322 1294 1396 exclamat
1323 1323 1360 1395 in
1391 1342 1499 1396 eum:
1531 1326 1561 1395 0
1593 1322 1763 1414 boboam,
1789 1343 1874 1398 cum

703 1440 764 1515 illo
796 1442 949 1515 roboatu
985 1448 1061 1535 tuo,
1087 1433 1149 1533 pici
1173 1463 1245 1515 non
1272 1463 1346 1535 par
1377 1444 1437 1515 cte
1465 1444 1494 1515 il
1522 1449 1581 1514 tuo
1614 1462 1736 1533 scyno,
1771 1443 1874 1536 idest,

703 1562 834 1657 figura,
861 1565 1008 1635 minaret
1031 1566 1136 1654 quini,
1172 1564 1209 1636 in
1233 1563 1301 1637 ista
1328 1563 1399 1656 ria,
1416 1562 1510 1637 sicut
1535 1570 1573 1635 tu
1602 1562 1688 1636 ulim
1717 1563 1877 1637 minatus

703 1702 743 1757 es
768 1684 813 1757 in·
832 1683 1000 1777 Sicbem3
1027 1704 1086 1755 ma
1117 1704 1167 1755 un
1197 1705 1307 1757 carro
1335 1686 1394 1756 nel
1418 1690 1541 1776 porta,
1568 1682 1672 1755 illum
1697 1681 1875 1776 Rumam,

700 1806 782 1895 pica
794 1806 1021 1897 disparente,
1039 1803 1240 1899 fugientem
1259 1804 1351 1877 iram
1370 1809 1407 1879 θῖ
1425 1803 1590 1878 lurorem
1611 1802 1745 1898 populi,
1756 1806 1876 1895 prima

703 1925 763 1995 cire
776 1926 860 1996 altri
880 1926 907 1996 il
923 1927 1029 2017 cccci,
1046 1926 1132 2017 quia
1146 1944 1219 1998 non
1232 1924 1438 2019 expectavit
1457 1923 1706 2017 impetum—
1719 1928 1876 1997 Mastra-

704 2065 759 2115 θα.
779 2044 843 2117 Ηῖθ
861 2050 966 2139 poeta
984 2044 1156 2145 describit
1172 2044 1285 2119 alium
1304 2052 1429 2118 actum
1447 2050 1485 2118 et
1501 2043 1675 2118 ellectum
1694 2044 1876 2138 superbiae

702 2164 811 2237 u'nius
842 2165 1016 2239 mulieris
1048 2166 1100 2241 Ad
1131 2165 1236 2239 cuius
1268 2164 1541 2261 intelligentiam
1572 2164 1684 2239 debes
1715 2165 1877 2241 breviter

700 2292 912 2358 memorare
938 2285 1025 2359 illud
1043 2285 1143 2378 quod
1159 2285 1335 2379 scriptum
1354 2291 1410 2359 est
1427 2284 1475 2359 dc
1491 2284 1712 2379 Amphiarao
1730 2286 1797 2359 llll
1814 2306 1876 2361 ca-

701 2404 816 2497 pitulo
842 2405 987 2499 lnlerni,
1015 2406 1191 2500 quicum
1217 2406 1443 2500 praevidisset
1467 2406 1689 2481 horrendam
1718 2413 1874 2481 mortem

702 2547 808 2599 suam
835 2525 931 2619 apud
958 2526 1099 2599 Thebas
1124 2528 1375 2600 occultaverat
1405 2546 1446 2599 se
1474 2546 1523 2599 ne
1548 2525 1618 2599 iret
1642 2526 1689 2600 ad
1714 2525 1875 2619 bellum;

703 2645 766 2721 sed
790 2667 885 2720 uxor
903 2647 982 2720 eius
999 2648 1073 2720 sola
1093 2646 1238 2721 conscia
1256 2647 1351 2740 lacti,
1369 2652 1543 2742 corrupta
1560 2646 1608 2719 ab
1625 2645 1736 2742 Argia
1758 2666 1876 2719 uxore

707 2767 898 2864 Polynicis,
916 2787 1000 2860 qum
1020 2768 1169 2841 donavit
1193 2767 1258 2840 sibi
1286 2767 1486 2862 pretiosum
1508 2767 1640 2862 jocale,
1667 2766 1877 2840 manilesta·

703 2888 754 2961 vit
780 2888 921 2982 virum3
948 2894 1098 2983 propter
1123 2887 1222 2982 quud
1247 2887 1422 2962 Alcmeun
1443 2887 1537 2960 lilius
1556 2886 1767 2983 Amphiarai
1792 2885 1874 2980 pius
1909 2914 1912 2919 ·

703 3026 792 3103 erga
819 3014 960 3101 patrem
988 3008 1098 3102 impie
1124 3007 1297 3081 mactavit
1324 3013 1494 3081 matrem.
1515 3006 1570 3080 Ile
1590 3007 1660 3080 huc
1678 3013 1803 3080 autern
1821 3004 1877 3079 di·

703 3135 809 3203 cetur
834 3129 976 3224 plenius
1001 3128 1060 3200 llll
1086 3128 1245 3223 capitulo
1271 3127 1442 3201 Paradisi.
1474 3126 1568 3200 utcu
1593 3146 1703 3223 ergo:
1728 3130 1757 3199 u
1786 3128 1878 3199 duro

700 3254 911 3343 pavimento,
938 3249 1040 3343 idest,
1067 3248 1265 3323 illustrata
1295 3248 1401 3342 dura,
1432 3248 1550 3341 qualis
1580 3253 1637 3323 θεῖ
1662 3246 1719 3320 via
1746 3264 1876 3340 snper·

703 3370 850 3463 borum,
876 3376 1057 3441 nostram
1083 3389 1235 3459 ancora,
1260 3368 1309 3441 ibi
1339 3367 1553 3465 figuratum,
1578 3388 1675 3441 come
1699 3369 1876 3457 Alnaemw,

702 3489 796 3563 tilius
823 3490 944 3585 magni
972 3488 1136 3584 auguriS,
1160 3491 1331 3582 separer
1354 3509 1442 3562 caro
1467 3492 1503 3562 lo
1533 3494 1734 3561 suenturatu
1763 3488 1876 3559 ador-

702 3616 879 3701 ηανηθηῖο,
905 3609 1007 3703 idest,
1034 3608 1157 3683 inlclix
1184 3608 1320 3683 monile
1344 3608 1520 3683 donatum
1547 3607 1626 3701 sibi,
1653 3628 1678 3680 u
1701 3628 1767 3680 sua
1799 3628 1877 3679 ma-

702 3734 779 3822 dre,
805 3748 889 3824 quae
914 3736 1043 3803 vocata
1069 3736 1124 3803 est
1150 3729 1331 3825 Eriphyle,
1357 3750 1470 3823 quam
1496 3729 1627 3803 occidit
1644 3728 1680 3801 in
1699 3728 1874 3802 ultionem

702 3849 824 3944 patris.
851 3850 895 3922 Et
920 3849 977 3925 bic
1003 3854 1089 3923 nota
1113 3849 1212 3943 quod
1237 3856 1347 3924 autur
1364 3847 1497 3923 merito
1516 3849 1673 3943 appellat
1692 3847 1788 3923 istud
1813 3868 1876 3921 ur-

703 3974 918 4044 namentum
945 3969 1224 4062 infortunatum,
1242 3967 1327 4062 quia
1344 3968 1413 4042 luit
1438 3968 1557 4062 primo
1581 3968 1758 4042 donatum
1785 3968 1876 4041 ller-

703 4088 814 4164 miuni
843 4089 949 4164 uxori
975 4088 1112 4183 Cadmi,
1139 4107 1224 4182 quae
1248 4088 1376 4164 babuit
1395 4094 1448 4163 tot
1469 4087 1694 4163 infelicitates
1710 4087 1747 4161 in
1764 4088 1876 4182 stirpe

702 4230 781 4303 sua,
807 4210 1012 4304 dequibus
1037 4210 1213 4305 scriptum
1239 4215 1295 4283 est
1320 4208 1453 4284 lnlerni
1478 4208 1639 4304 capitulo
1664 4209 1785 4302 llllX3
1812 4208 1875 4283 sed

703 4329 865 4405 manime
882 4329 949 4403 luit
966 4330 1232 4404 infortunatum
1252 4328 1337 4402 buic
1354 4328 1525 4423 Eriphyli‚
1543 4348 1627 4423 quae
1648 4327 1733 4403 tecit
1750 4328 1872 4401 virum

702 4448 809 4544 mori,
836 4456 873 4523 et
898 4470 920 4523 a
946 4448 1019 4523 filiu
1048 4449 1200 4523 mactari
1231 4448 1377 4523 meruit.
1404 4448 1497 4522 Nota
1529 4448 1640 4524 etiam
1676 4447 1775 4543 quod
1809 4448 1876 4523 iste

701 4577 805 4644 actus
831 4590 904 4644 non
931 4568 1075 4643 videtur
1099 4576 1240 4643 tantum
1260 4568 1372 4643 luisse
1389 4568 1570 4665 superbiae
1587 4576 1767 4663 quantum
1787 4588 1875 4642 ava·

703 4690 814 4763 ritiae:
841 4694 958 4784 potest
986 4696 1107 4763 tamen
1134 4688 1204 4762 dici
1230 4688 1329 4782 quud
1349 4690 1428 4764 haec
1446 4688 1579 4764 mulier
1604 4688 1724 4784 potius
1750 4687 1876 4763 lecerit

702 4812 773 4885 buc
797 4811 843 4884 ad
869 4808 1065 4905 superbam
1091 4809 1258 4906 gloriam.
1274 4850 1323 4863 —
1343 4814 1538 4883 Μοεῖναυα.
1573 4810 1637 4884 llic
1667 4816 1775 4905 poeta
1810 4807 1875 4883 de-

703 4930 826 5004 scribit
849 4930 963 5004 alium
996 4937 1120 5003 actum
1156 4936 1193 5005 et
1221 4929 1394 5005 ellectum
1427 4930 1607 5026 superbiae
1640 4930 1786 5003 insanae.
1820 4927 1874 5002 Ad

703 5050 809 5125 cuius
831 5048 1102 5146 intelligentiam
1122 5056 1178 5123 cst
1194 5048 1395 5143 sciendum,
1414 5050 1512 5143 quud
1532 5049 1600 5125 ista
1618 5047 1766 5123 historia
1784 5047 1875 5122 scri-
