4542 6842
741 932 880 988 currus
905 933 1063 990 uscruus
1088 934 1267 1002 eunucus.
1518 923 1587 991 401

413 1077 539 1152 cilium
577 1077 732 1153 invidie.
767 1079 821 1152 Ex
858 1099 933 1173 qua
966 1079 1210 1175 descriptione
1243 1086 1395 1174 possunt
1428 1080 1592 1155 breviter

414 1195 534 1294 colligi
564 1197 729 1293 quinque
758 1198 911 1274 effectus
945 1200 1048 1295 pravi
1078 1199 1191 1296 ipsius
1225 1198 1393 1274 invidiae:
1428 1221 1591 1294 quorum

412 1317 555 1414 primus
587 1318 768 1412 estquis
798 1339 863 1393 cor
892 1319 1067 1395 obscurat
1096 1319 1181 1394 odio
1211 1325 1249 1394 et
1283 1339 1459 1414 rancore;
1492 1319 1592 1394 unde

413 1437 500 1512 dicit
511 1431 561 1532 (¹),
575 1438 675 1532 quod
687 1437 822 1513 domus
842 1438 986 1515 invidiae
1003 1445 1060 1514 est
1077 1439 1288 1514 abscondita
1309 1440 1347 1514 in
1363 1441 1469 1515 bassa
1483 1441 1590 1534 valle,

414 1561 588 1653 cooperta
614 1557 719 1654 nigra
750 1558 954 1654 putredine,
981 1559 1060 1634 siue
1085 1560 1173 1654 sole,
1207 1559 1286 1636 sine
1316 1560 1442 1655 aliquo
1466 1567 1589 1654 vento,

414 1677 621 1775 plenissima
656 1678 765 1752 tristis
778 1670 816 1771 (²)
849 1678 1005 1776 trigoris,
1044 1700 1128 1774 quae
1167 1699 1315 1775 semper
1352 1686 1456 1756 caret
1493 1681 1589 1777 igue,

415 1818 563 1894 semper
595 1799 759 1874 abundat
795 1799 959 1896 caligine.
993 1798 1197 1894 Secundus,
1232 1799 1319 1893 quia
1354 1819 1420 1874 cor
1450 1799 1592 1874 cruciat

301 1939 314 1970 ²
415 1919 556 1994 tristitia
582 1926 619 1995 et
643 1919 790 2014 dolore3
811 1921 909 1995 unde
929 1919 1014 1994 dicit
1034 1919 1094 2014 ibi,
1112 1919 1213 2014 quod
1233 1917 1366 1994 invidia
1384 1918 1484 1994 videt
1502 1940 1590 2014 pro-

414 2041 605 2135 speritates
630 2040 835 2136 bominum,
862 2046 900 2116 et
923 2041 1021 2114 dolet
1046 2039 1214 2134 videndo,
1239 2045 1390 2135 portans
1414 2039 1588 2115 baculum

414 2161 601 2257 spinosum
631 2162 669 2236 iu
699 2182 813 2236 manu
847 2168 1012 2237 macerat
1038 2181 1079 2248 se
1103 2165 1142 2236 et
1166 2161 1268 2256 alios,
1294 2166 1333 2236 et
1365 2167 1422 2236 est
1454 2160 1590 2255 suppli-

414 2281 513 2356 cium
546 2281 613 2355 sibi
652 2281 728 2376 ipsi.
763 2281 917 2376 Tertius,
951 2281 1039 2375 quia
1065 2287 1185 2355 totum
1218 2301 1352 2375 corpus
1381 2280 1589 2375 deformat3

414 2401 513 2478 uude
539 2402 635 2498 dicit,
654 2403 754 2498 quod
777 2401 911 2477 invidia
932 2403 1044 2477 babet
1063 2402 1240 2496 pallorem
1266 2401 1304 2474 in
1330 2400 1422 2476 iacie
1446 2406 1484 2475 et
1510 2420 1590 2475 ma·

414 2522 509 2596 ciem
536 2522 573 2597 in
598 2527 676 2597 toto
700 2541 867 2617 corpore,
894 2523 1020 2596 oculos
1045 2520 1224 2615 obliquos,
1247 2519 1375 2596 dentes
1388 2520 1591 2618 rubigino-

416 2665 487 2739 sos,
513 2663 578 2718 cor
603 2643 753 2739 plenum
780 2643 875 2737 telle,
901 2642 1064 2740 linguam
1093 2641 1276 2716 madidam
1299 2661 1455 2736 veneno,
1479 2661 1590 2716 num-

416 2784 530 2860 quam
556 2762 661 2858 ridet,
688 2762 755 2836 uisi
780 2783 868 2837 cum
894 2761 992 2837 videt
1017 2761 1163 2837 dolores
1181 2763 1331 2857 alienos,
1349 2783 1418 2836 nec
1443 2761 1590 2857 dormit,

416 2883 503 2980 quia
529 2884 701 2960 anxiatur
725 2901 872 2978 semper
897 2881 1007 2976 curis.
1033 2883 1207 2977 QuartuS,
1232 2882 1320 2976 quia
1351 2882 1504 2957 devorat
1534 2881 1591 2954 vi-

415 3010 491 3078 tam
525 3003 704 3097 aliorum3
741 3002 837 3076 unde
868 3001 953 3076 dicit
983 3001 1044 3096 ibi,
1075 3001 1175 3096 quod
1206 3000 1341 3076 invidia
1374 3000 1591 3076 comedebat

416 3143 547 3200 carnes
572 3122 753 3217 viperinas
778 3121 952 3196 alimenta
977 3142 1133 3196 suorum
1157 3120 1344 3196 vitiorum.
1361 3121 1519 3210 Quintus
1535 3119 1590 3195 et·

416 3243 532 3317 iectus
547 3232 597 3337 (³),
615 3240 702 3336 quia
724 3239 877 3316 destruit
902 3241 1026 3314 omnia
1043 3241 1161 3335 boua3
1179 3240 1279 3315 unde
1298 3239 1385 3314 dicit
1409 3240 1470 3334 ibi,
1491 3240 1591 3334 quod

414 3361 547 3436 invidia
580 3381 646 3456 per
678 3380 956 3455 quamcumque
988 3367 1130 3457 partem
1165 3360 1296 3434 transit
1320 3360 1443 3435 deiicit
1468 3361 1589 3456 tiores,

414 3480 601 3556 comburit
625 3480 769 3574 herbas,
795 3479 992 3575 prosternit
1017 3486 1172 3576 segetes,
1198 3485 1236 3554 et
1265 3479 1364 3574 quod
1390 3487 1446 3554 est
1472 3479 1590 3576 peius,

415 3621 483 3676 suo
509 3601 636 3676 afflatu
661 3598 832 3695 pestifero
857 3599 969 3674 inficit
994 3599 1149 3695 populos
1174 3599 1376 3694 civitatum,
1394 3606 1433 3674 et
1453 3599 1514 3674 vin
1535 3606 1591 3675 te·

415 3727 479 3796 net
502 3722 696 3817 lacrymas,
714 3718 862 3814 quando
880 3719 967 3793 nibil
985 3719 1082 3794 videt
1102 3703 1350 3817 lacrymabile.
1364 3761 1414 3774 -
1430 3711 1507 3794 stt.
1525 3719 1591 3794 llic

416 3847 524 3938 pocta
550 3839 706 3915 ostendit
731 3840 918 3934 quomodo
938 3840 1108 3937 Virgilius
1134 3840 1396 3935 interpretatus
1420 3847 1476 3915 est
1501 3840 1591 3916 etle-

417 3969 517 4038 ctum
545 3962 691 4036 illarum
717 3981 865 4056 vocum,
889 3960 987 4035 unde
1011 3961 1229 4035 continuans
1251 3968 1393 4057 partem
1411 3964 1517 4057 parti,
1535 3963 1591 4037 di-

416 4083 484 4158 cit:
510 4074 570 4174 qid
595 4103 660 4156 cra
684 4084 827 4172 tama,
848 4081 940 4156 idest
964 4101 1040 4175 aer,
1068 4084 1102 4154 d'
1115 4085 1201 4173 oqni
1219 4090 1325 4175 parte
1351 4090 1466 4175 quota,
1487 4083 1589 4178 idest,

416 4204 496 4279 sine
519 4203 643 4298 aliqua
668 4223 771 4298 voce,
797 4223 881 4297 quoe
908 4201 1027 4297 primo
1052 4203 1226 4277 movebat
1247 4223 1374 4278 aerem
1401 4225 1507 4280 more
1532 4211 1590 4278 to-

416 4324 528 4398 nitrui
553 4330 591 4398 et
615 4322 788 4420 fulguris3
813 4329 847 4394 et
869 4326 913 4414 ci,
939 4321 1074 4397 scilicet
1096 4320 1278 4420 Virgilius,
1302 4327 1352 4397 mi
1374 4327 1485 4398 disse:
1511 4327 1593 4417 quel

411 4447 618 4539 fititdmo
643 4464 758 4533 camo,
787 4442 890 4536 idest,
917 4441 1011 4517 torte
1037 4441 1219 4516 iraenum:
1249 4464 1379 4517 camus
1409 4443 1507 4518 enim
1535 4449 1591 4518 est

413 4565 612 4661 capistrum
638 4584 726 4639 cum
752 4584 827 4658 quo
860 4563 1020 4660 ligantur
1052 4583 1119 4638 ora
1149 4583 1346 4658 equorum,
1372 4566 1432 4637 cte
1461 4566 1590 4638 doario
1619 4546 1623 4553 ’

414 4693 510 4760 teram
534 4687 557 4760 t
569 4706 651 4758 com
675 4687 800 4758 dentre
825 4705 850 4756 a
874 4703 940 4757 suo
972 4691 1075 4776 meta,
1101 4683 1204 4779 idest,
1230 4684 1451 4780 terminum,
1484 4685 1589 4778 quasi

413 4805 521 4901 dicat,
542 4805 642 4900 quod
666 4804 818 4880 deberet
841 4803 963 4878 iacere
979 4808 1078 4878 stare
1095 4804 1282 4879 bominem
1301 4809 1515 4879 contentum
1535 4804 1552 4876 s
1570 4843 1589 4858 ·

478 4990 506 5057 (¹)
522 4996 576 5053 mr,
593 4992 655 5043 dicit
669 4992 713 5052 ibt,
730 4991 800 5056 qnod
816 4991 918 5042 domus.
1027 4988 1056 5052 (¹)
1072 4990 1103 5042 Ε.
1120 4991 1237 5042 tristibus
1252 4990 1343 5054 liguris
1358 4995 1385 5040 et
1399 4989 1506 5054 bigone,
1523 5003 1590 5053 que.

477 5069 505 5131 (⁸)
520 5069 546 5120 S.
561 5081 577 5120 s
593 5069 624 5120 E.
640 5067 748 5120 eftectus
763 5073 811 5125 est.
828 5067 897 5132 qun.

546 5175 592 5236 ¹ur
875 5193 880 5201 ·
1426 5173 1455 5216 rs
