4542 6842
789 974 928 1029 caurus
954 975 1156 1030 vrursurus.
1493 962 1564 1029 537

397 1118 611 1214 Philippum.
639 1119 682 1193 Et
707 1119 765 1191 hic
783 1128 868 1193 nota
886 1120 984 1214 quod
1002 1126 1111 1215 poeta
1130 1119 1380 1215 propriissime
1394 1113 1432 1211 (¹)
1458 1125 1567 1193 vocat

397 1238 600 1334 Philippum
628 1258 767 1313 novum
793 1237 975 1313 Pilatum:
1003 1240 1220 1315 sicutenim
1246 1240 1382 1313 Pilatus
1408 1240 1471 1335 qui
1496 1238 1566 1312 luit

387 1356 439 1433 'de
462 1359 655 1455 Lugduu0‚
681 1358 814 1433 iniuste
840 1360 1095 1435 condemnavit
1112 1360 1343 1435 innocentem
1362 1360 1566 1453 Christum;

393 1478 443 1553 ita
469 1478 535 1553 iste
560 1479 657 1573 apud
683 1478 904 1573 lugdunum
931 1480 1186 1554 condemnavit
1213 1479 1346 1555 iniuste
1371 1480 1481 1553 istum
1508 1479 1566 1553 iu·

275 1642 281 1653 ·
394 1606 587 1674 nocentem
616 1598 766 1673 militem
793 1599 923 1674 Christi
949 1606 985 1674 et
1010 1600 1172 1695 pugilem
1200 1598 1293 1674 fidei.
1317 1600 1362 1674 ln
1387 1599 1480 1674 sicut
1505 1598 1565 1671 Pi-

395 1720 490 1794 latus
511 1719 595 1795 lecit
620 1718 761 1816 alligari
787 1719 971 1793 Christum
997 1720 1044 1794 ad
1069 1722 1294 1814 columnam,
1311 1727 1348 1795 et
1367 1720 1565 1795 crudeliter
1584 1810 1589 1823 Ι

395 1839 588 1935 flagellari3
615 1840 664 1914 ita
692 1839 874 1934 Philippus
904 1840 988 1913 lecit
1019 1840 1129 1913 istum
1157 1846 1403 1935 protectorem
1434 1838 1565 1914 Christi

395 1959 537 2056 alligari
561 1960 608 2033 ad
634 1959 772 2056 palum,
790 1966 828 2035 et
856 1959 1055 2035 crudeliter
1085 1960 1317 2035 concremari
1335 1980 1421 2034 cum
1449 1959 1566 2053 sociis,

371 2101 469 2156 non
494 2084 686 2155 contentus
711 2080 831 2178 primo
861 2079 1088 2155 Bonilacium
1109 2082 1248 2178 cepisse
1283 2102 1350 2177 per
1379 2080 1564 2155 Sciarram

396 2202 441 2277 de
473 2202 662 2287 Columna.
696 2201 788 2276 Dicit
818 2222 928 2297 ergo:
958 2194 1151 2275 daumio
1184 2204 1243 2277 che
1276 2194 1330 2275 cid
1362 2206 1427 2276 ool
1449 2204 1565 2292 samu,

394 2321 539 2414 scilicet,
574 2321 707 2396 acerba
742 2341 841 2395 mors
875 2320 1063 2414 Bonilauii,
1099 2342 1159 2395 ma
1189 2330 1298 2415 portu
1336 2324 1395 2395 nel
1428 2324 1565 2413 templo,

394 2442 496 2534 idest,
523 2448 650 2515 contra
677 2436 898 2536 templarios,
918 2444 949 2516 lc
963 2444 1084 2534 cupide
1103 2446 1186 2535 vele,
1211 2444 1297 2536 quia
1323 2462 1397 2516 non
1423 2448 1566 2515 tantum

394 2582 439 2636 ex
467 2560 627 2656 appetitu
654 2560 819 2636 vindictae
846 2568 1028 2655 quantum
1053 2582 1099 2637 ex
1125 2561 1324 2657 cupiditate
1340 2562 1486 2636 inllatus
1512 2567 1567 2636 est

395 2688 524 2755 contra
549 2681 760 2778 templarios
785 2679 848 2775 qui
875 2688 981 2755 erant
1006 2680 1180 2755 ditissimi.
1198 2681 1243 2755 lit
1259 2682 1360 2757 dicit:
1377 2702 1488 2755 senza
1503 2684 1567 2755 dc·

396 2810 503 2892 crem,
527 2802 652 2877 dicunt
686 2800 809 2895 aliqui,
835 2801 971 2875 scilicet
995 2822 1109 2896 papae,
1140 2801 1204 2877 sed
1235 2822 1309 2876 non
1339 2803 1446 2897 hene,
1479 2802 1566 2897 quia

396 2944 489 3019 papa
516 2924 585 2996 hoc
610 2922 791 2997 consensit
806 2912 864 3013 (Ἲς
884 2920 945 2994 sed
963 2921 1043 2995 vult
1062 2921 1196 3015 dicere,
1214 2922 1360 3015 iniuste,
1378 2923 1464 3017 quia
1482 2924 1568 2997 iecit

396 3042 462 3116 sihi
487 3042 533 3117 de
564 3042 753 3116 voluntate
785 3042 904 3135 legem
931 3046 967 3115 et
1000 3041 1046 3114 de
1078 3041 1206 3116 lurore
1237 3041 1440 3117 decretum.
1479 3043 1565 3116 llaec

390 3160 491 3243 ‚lacta
516 3166 602 3235 suut
627 3160 663 3234 in
688 3147 877 3235 MCCCVll.
905 3160 948 3234 111
973 3159 1157 3234 concludit
1173 3162 1280 3258 llugo
1306 3169 1455 3258 proptor
1480 3164 1568 3236 hor·
1687 3138 1691 3147 ¹

397 3280 509 3354 renda
535 3285 684 3374 peccata
708 3280 812 3353 istius
826 3269 863 3371 (³)
890 3280 1039 3375 Philippi
1065 3284 1329 3375 apostrophans
1355 3282 1402 3357 ad
1427 3284 1565 3357 Deum:

400 3404 584 3491 OSipnor
608 3402 690 3492 mlo,
717 3399 862 3493 scilicet,
893 3401 1003 3493 Deus,
1036 3404 1191 3493 quando,
1222 3401 1368 3496 scilicet,
1396 3421 1568 3499 egressus

395 3520 491 3611 hinc,
516 3512 602 3592 sard
626 3523 662 3591 io
687 3522 777 3612 luco,
803 3519 948 3613 scilicet,
974 3528 1097 3595 tecum
1126 3522 1162 3594 in
1189 3522 1368 3616 paradiso²
1394 3544 1419 3595 o
1445 3524 1563 3616 ceder,

395 3640 431 3713 in
458 3648 495 3715 te
520 3640 614 3715 sicut
637 3640 674 3713 in
701 3642 860 3735 speculo,
879 3644 915 3714 lo
937 3645 1106 3733 uendetlc,
1124 3664 1208 3735 quae
1226 3642 1299 3716 cito
1324 3643 1393 3717 erit
1419 3642 1465 3717 de
1482 3642 1568 3717 Phi-

395 3761 503 3855 lippo,
528 3764 588 3835 clu
611 3782 775 3852 muscoso,
801 3762 902 3856 idest,
928 3762 1084 3857 occulta,
1108 3766 1150 3856 [α
1175 3766 1272 3837 dolce
1299 3766 1322 3836 l
1334 3766 1394 3836 icc
1427 3772 1487 3838 tuo
1511 3767 1570 3836 nel

396 3888 454 3953 tuo
478 3889 635 3955 secreto?
651 3883 696 3955 Et
721 3882 778 3955 hic
796 3887 893 3975 nota,
912 3881 1010 3976 quod
1024 3880 1136 3976 'poeta
1154 3884 1317 3977 loquitur
1336 3884 1393 3958 hic
1410 3886 1566 3979 occulte,

397 4002 482 4096 quia
518 4002 664 4097 quando
698 4002 809 4075 homo
842 4022 970 4096 passus
1004 4001 1175 4076 iniuriam
1211 4004 1278 4077 scit
1311 4011 1349 4078 et
1382 4004 1568 4099 cognoscit

396 4122 606 4216 vindictam,
631 4141 744 4217 quam
771 4120 922 4195 faciliter
948 4128 985 4195 et
1010 4120 1080 4196 cito
1110 4122 1218 4196 laciet
1247 4122 1293 4196 de
1323 4122 1395 4216 illo,
1421 4124 1567 4198 laetatur

397 4242 433 4315 iu
458 4246 601 4315 secreto
627 4240 757 4315 mentis
782 4260 870 4313 suae.
897 4242 941 4314 ln
968 4240 1071 4315 dicit:
1095 4241 1195 4315 Vade
1219 4248 1451 4317 tamencum
1478 4244 1567 4337 Deo,

397 4362 485 4457 quia
508 4361 603 4435 hene
629 4362 768 4435 solvam
794 4360 868 4434 tihi.
895 4360 947 4433 lta
972 4381 994 4433 a
1020 4360 1126 4433 simili
1152 4361 1238 4434 dicit
1264 4361 1330 4435 isle
1354 4362 1401 4437 de
1417 4363 1472 4437 ira
1489 4364 1567 4459 hei,

397 4501 481 4576 quae
507 4482 630 4556 veniet
643 4482 744 4577 juste
769 4487 806 4555 et
831 4480 869 4554 in
894 4480 997 4555 brevi
1018 4500 1130 4576 super
1148 4479 1351 4575 Philippum
1369 4488 1406 4556 et
1426 4483 1567 4577 prolem

396 4622 513 4695 suam,
541 4607 582 4674 ut
607 4602 750 4676 dicetur
775 4621 842 4674 suo
868 4600 948 4676 loco
965 4587 1015 4693 (⁴).

472 4715 532 4793 Cid
563 4723 662 4794 ch'co
695 4724 802 4815 dioec.
833 4721 904 4794 lsta
935 4727 989 4795 est
1020 4720 1126 4795 tertia
1160 4741 1244 4815 pars
1277 4721 1457 4817 generalis
1494 4743 1568 4798 non

398 4843 519 4916 minus
545 4842 691 4937 copiosa
716 4862 828 4936 quam
856 4841 986 4936 prima,
1005 4840 1042 4914 in
1068 4863 1143 4934 qua
1169 4848 1276 4937 poeta
1302 4842 1505 4917 detestatur
1531 4852 1568 4919 et

459 5030 485 5090 (¹)
503 5032 557 5089 ill,
576 5028 735 5091 probissime.
954 5026 982 5091 (¹1
1001 5032 1054 5089 117,
1072 5030 1207 5080 concessit

458 5101 485 5165 (⁸)
501 5104 531 5155 Ε.
547 5104 633 5155 huius.
953 5104 980 5167 ι’)
997 5104 1028 5155 Ε.
1043 5107 1102 5157 loco
1118 5105 1146 5155 iu
1162 5107 1282 5170 prasenti
1297 5104 1488 5168 oompllatloue.
