<?xml version="1.0" encoding="UTF-8"?>
<!DOCTYPE html PUBLIC "-//W3C//DTD XHTML 1.0 Transitional//EN"
    "http://www.w3.org/TR/xhtml1/DTD/xhtml1-transitional.dtd">
<html xmlns="http://www.w3.org/1999/xhtml" xml:lang="en" lang="en">
 <head>
  <title>
</title>
<meta http-equiv="Content-Type" content="text/html;charset=utf-8" />
  <meta name='ocr-system' content='tesseract 3.04.00' />
  <meta name='ocr-capabilities' content='ocr_page ocr_carea ocr_par ocr_line ocrx_word'/>
</head>
<body>
  <div class='ocr_page' id='page_1' title='image "./comentumsuperda01unkngoog_0404.png"; bbox 0 0 4542 6842; ppageno 0'>
   <div class='ocr_carea' id='block_1_1' title="bbox 695 953 1505 1022">
    <p class='ocr_par' dir='ltr' id='par_1_1' title="bbox 695 953 1505 1022">
     <span class='ocr_line' id='line_1_1' title="bbox 695 953 1505 1022; baseline -0.01 0"><span class='ocrx_word' id='word_1_1' title='bbox 695 953 765 1022; x_wconf 84' lang='grc'><strong>360</strong></span> <span class='ocrx_word' id='word_1_2' title='bbox 1057 963 1262 1018; x_wconf 70' lang='lat' dir='ltr'><strong>cumcun</strong></span> <span class='ocrx_word' id='word_1_3' title='bbox 1286 961 1505 1016; x_wconf 75' lang='lat' dir='ltr'><strong>aunosronu</strong></span> 
     </span>
    </p>
   </div>
   <div class='ocr_carea' id='block_1_2' title="bbox 693 1103 1871 2286">
    <p class='ocr_par' dir='ltr' id='par_1_2' title="bbox 693 1103 1871 2286">
     <span class='ocr_line' id='line_1_2' title="bbox 693 1103 1865 1204; baseline -0.004 -22"><span class='ocrx_word' id='word_1_4' title='bbox 693 1151 743 1164; x_wconf 99' lang='lat'><em>-</em></span> <span class='ocrx_word' id='word_1_5' title='bbox 757 1115 846 1183; x_wconf 84' lang='lat' dir='ltr'><strong>Non.</strong></span> <span class='ocrx_word' id='word_1_6' title='bbox 873 1110 938 1184; x_wconf 89' lang='lat' dir='ltr'><strong>Hic</strong></span> <span class='ocrx_word' id='word_1_7' title='bbox 964 1115 1070 1204; x_wconf 92' lang='lat' dir='ltr'><strong>poeta</strong></span> <span class='ocrx_word' id='word_1_8' title='bbox 1096 1107 1348 1203; x_wconf 84' lang='lat' dir='ltr'><strong>descripturus</strong></span> <span class='ocrx_word' id='word_1_9' title='bbox 1375 1106 1563 1182; x_wconf 88' lang='lat' dir='ltr'><strong>duriorem</strong></span> <span class='ocrx_word' id='word_1_10' title='bbox 1594 1125 1741 1201; x_wconf 88' lang='lat' dir='ltr'><strong>poeuam</strong></span> <span class='ocrx_word' id='word_1_11' title='bbox 1773 1103 1865 1180; x_wconf 83' lang='lat' dir='ltr'><strong>invi-</strong></span> 
     </span>
     <span class='ocr_line' id='line_1_3' title="bbox 693 1227 1866 1328; baseline -0.005 -23"><span class='ocrx_word' id='word_1_12' title='bbox 693 1231 828 1306; x_wconf 92' lang='lat' dir='ltr'><strong>dorum</strong></span> <span class='ocrx_word' id='word_1_13' title='bbox 850 1230 1039 1328; x_wconf 83' lang='lat' dir='ltr'><strong>praemittit</strong></span> <span class='ocrx_word' id='word_1_14' title='bbox 1054 1228 1344 1325; x_wconf 82' lang='lat' dir='ltr'><strong>compassionem</strong></span> <span class='ocrx_word' id='word_1_15' title='bbox 1362 1247 1492 1324; x_wconf 80' lang='lat' dir='ltr'><strong>poenae,</strong></span> <span class='ocrx_word' id='word_1_16' title='bbox 1509 1227 1650 1302; x_wconf 87' lang='lat' dir='ltr'><strong>dicens:</strong></span> <span class='ocrx_word' id='word_1_17' title='bbox 1668 1247 1741 1299; x_wconf 83' lang='lat' dir='ltr'><strong>nou</strong></span> <span class='ocrx_word' id='word_1_18' title='bbox 1760 1229 1866 1299; x_wconf 82' lang='lat' dir='ltr'><strong>credo</strong></span> 
     </span>
     <span class='ocr_line' id='line_1_4' title="bbox 695 1337 1868 1443; baseline -0.005 -19"><span class='ocrx_word' id='word_1_19' title='bbox 695 1353 755 1424; x_wconf 88' lang='lat' dir='ltr'><strong>cbe</strong></span> <span class='ocrx_word' id='word_1_20' title='bbox 780 1371 847 1443; x_wconf 83' lang='lat' dir='ltr'><strong>per</strong></span> <span class='ocrx_word' id='word_1_21' title='bbox 885 1357 984 1423; x_wconf 79' lang='lat' dir='ltr'><strong>terro</strong></span> <span class='ocrx_word' id='word_1_22' title='bbox 1015 1351 1110 1423; x_wconf 83' lang='lat' dir='ltr'><strong>uado</strong></span> <span class='ocrx_word' id='word_1_23' title='bbox 1140 1351 1257 1439; x_wconf 75' lang='lat' dir='ltr'><strong>amet,</strong></span> <span class='ocrx_word' id='word_1_24' title='bbox 1287 1348 1324 1421; x_wconf 93' lang='lat' dir='ltr'><strong>in</strong></span> <span class='ocrx_word' id='word_1_25' title='bbox 1356 1347 1495 1422; x_wconf 93' lang='lat' dir='ltr'><strong>mundo</strong></span> <span class='ocrx_word' id='word_1_26' title='bbox 1525 1353 1661 1441; x_wconf 87' lang='lat' dir='ltr'><strong>nostro,</strong></span> <span class='ocrx_word' id='word_1_27' title='bbox 1705 1337 1868 1420; x_wconf 78' lang='lat' dir='ltr'><strong>uomosl</strong></span> 
     </span>
     <span class='ocr_line' id='line_1_5' title="bbox 696 1467 1869 1564; baseline -0.007 -18"><span class='ocrx_word' id='word_1_28' title='bbox 696 1473 801 1564; x_wconf 84' lang='lat' dir='ltr'><strong>duro,</strong></span> <span class='ocrx_word' id='word_1_29' title='bbox 827 1470 966 1547; x_wconf 86' lang='lat' dir='ltr'><strong>babens</strong></span> <span class='ocrx_word' id='word_1_30' title='bbox 992 1487 1057 1544; x_wconf 84' lang='lat' dir='ltr'><strong>cor</strong></span> <span class='ocrx_word' id='word_1_31' title='bbox 1082 1489 1238 1544; x_wconf 86' lang='lat' dir='ltr'><strong>saxeum</strong></span> <span class='ocrx_word' id='word_1_32' title='bbox 1263 1468 1314 1544; x_wconf 87' lang='lat' dir='ltr'><strong>ita</strong></span> <span class='ocrx_word' id='word_1_33' title='bbox 1346 1467 1571 1563; x_wconf 89' lang='lat' dir='ltr'><strong>induratum,</strong></span> <span class='ocrx_word' id='word_1_34' title='bbox 1596 1469 1657 1541; x_wconf 81' lang='lat' dir='ltr'><strong>clo</strong></span> <span class='ocrx_word' id='word_1_35' title='bbox 1680 1487 1754 1540; x_wconf 82' lang='lat' dir='ltr'><strong>non</strong></span> <span class='ocrx_word' id='word_1_36' title='bbox 1775 1469 1869 1560; x_wconf 78' lang='lat' dir='ltr'><strong>[osse</strong></span> 
     </span>
     <span class='ocr_line' id='line_1_6' title="bbox 694 1587 1868 1686; baseline -0.003 -22"><span class='ocrx_word' id='word_1_37' title='bbox 694 1601 804 1686; x_wconf 80' lang='lat' dir='ltr'><strong>puato</strong></span> <span class='ocrx_word' id='word_1_38' title='bbox 826 1613 892 1685; x_wconf 85' lang='lat' dir='ltr'><strong>per</strong></span> <span class='ocrx_word' id='word_1_39' title='bbox 917 1593 1138 1684; x_wconf 73' lang='lat' dir='ltr'><strong>compassione</strong></span> <span class='ocrx_word' id='word_1_40' title='bbox 1159 1591 1197 1662; x_wconf 84' lang='lat' dir='ltr'><strong>di</strong></span> <span class='ocrx_word' id='word_1_41' title='bbox 1214 1591 1294 1682; x_wconf 81' lang='lat' dir='ltr'><strong>puel</strong></span> <span class='ocrx_word' id='word_1_42' title='bbox 1307 1591 1358 1662; x_wconf 80' lang='lat' dir='ltr'><strong>clt’</strong></span> <span class='ocrx_word' id='word_1_43' title='bbox 1371 1592 1407 1662; x_wconf 88' lang='lat' dir='ltr'><strong>io</strong></span> <span class='ocrx_word' id='word_1_44' title='bbox 1423 1591 1496 1663; x_wconf 81' lang='lat' dir='ltr'><strong>uidi</strong></span> <span class='ocrx_word' id='word_1_45' title='bbox 1507 1591 1583 1682; x_wconf 85' lang='lat' dir='ltr'><strong>poi,</strong></span> <span class='ocrx_word' id='word_1_46' title='bbox 1600 1587 1737 1664; x_wconf 86' lang='lat' dir='ltr'><strong>scilicet</strong></span> <span class='ocrx_word' id='word_1_47' title='bbox 1762 1607 1868 1662; x_wconf 81' lang='lat' dir='ltr'><strong>novae</strong></span> 
     </span>
     <span class='ocr_line' id='line_1_7' title="bbox 698 1706 1869 1807; baseline -0.006 -21"><span class='ocrx_word' id='word_1_48' title='bbox 698 1732 841 1807; x_wconf 86' lang='lat' dir='ltr'><strong>poeuae:</strong></span> <span class='ocrx_word' id='word_1_49' title='bbox 869 1713 1073 1786; x_wconf 88' lang='lat' dir='ltr'><strong>humanum</strong></span> <span class='ocrx_word' id='word_1_50' title='bbox 1101 1710 1199 1784; x_wconf 90' lang='lat' dir='ltr'><strong>enim</strong></span> <span class='ocrx_word' id='word_1_51' title='bbox 1225 1716 1281 1784; x_wconf 92' lang='lat' dir='ltr'><strong>est</strong></span> <span class='ocrx_word' id='word_1_52' title='bbox 1306 1707 1463 1804; x_wconf 89' lang='lat' dir='ltr'><strong>compati</strong></span> <span class='ocrx_word' id='word_1_53' title='bbox 1493 1706 1720 1803; x_wconf 82' lang='lat' dir='ltr'><strong>passionibus</strong></span> <span class='ocrx_word' id='word_1_54' title='bbox 1750 1707 1869 1782; x_wconf 91' lang='lat' dir='ltr'><strong>bomi-</strong></span> 
     </span>
     <span class='ocr_line' id='line_1_8' title="bbox 700 1821 1869 1925; baseline -0.004 -21"><span class='ocrx_word' id='word_1_55' title='bbox 700 1853 802 1925; x_wconf 89' lang='lat' dir='ltr'><strong>num,</strong></span> <span class='ocrx_word' id='word_1_56' title='bbox 821 1831 920 1906; x_wconf 92' lang='lat' dir='ltr'><strong>unde</strong></span> <span class='ocrx_word' id='word_1_57' title='bbox 937 1830 1145 1905; x_wconf 90' lang='lat' dir='ltr'><strong>humanitas</strong></span> <span class='ocrx_word' id='word_1_58' title='bbox 1162 1828 1271 1904; x_wconf 88' lang='lat' dir='ltr'><strong>vincit</strong></span> <span class='ocrx_word' id='word_1_59' title='bbox 1286 1821 1323 1921; x_wconf 81' lang='lat'><strong>(¹)</strong></span> <span class='ocrx_word' id='word_1_60' title='bbox 1341 1828 1450 1904; x_wconf 87' lang='lat' dir='ltr'><strong>etiam</strong></span> <span class='ocrx_word' id='word_1_61' title='bbox 1478 1828 1589 1903; x_wconf 91' lang='lat' dir='ltr'><strong>corda</strong></span> <span class='ocrx_word' id='word_1_62' title='bbox 1614 1827 1766 1903; x_wconf 82' lang='lat' dir='ltr'><strong>efferata</strong></span> <span class='ocrx_word' id='word_1_63' title='bbox 1782 1827 1869 1901; x_wconf 87' lang='lat' dir='ltr'><strong>bar-</strong></span> 
     </span>
     <span class='ocr_line' id='line_1_9' title="bbox 699 1947 1869 2045; baseline -0.003 -19"><span class='ocrx_word' id='word_1_64' title='bbox 699 1953 877 2026; x_wconf 81' lang='lat' dir='ltr'><strong>banorum</strong></span> <span class='ocrx_word' id='word_1_65' title='bbox 885 1975 895 2045; x_wconf 85' lang='lat'>3</span> <span class='ocrx_word' id='word_1_66' title='bbox 924 1951 970 2025; x_wconf 92' lang='lat' dir='ltr'><strong>ita</strong></span> <span class='ocrx_word' id='word_1_67' title='bbox 998 1950 1096 2045; x_wconf 89' lang='lat' dir='ltr'><strong>quod</strong></span> <span class='ocrx_word' id='word_1_68' title='bbox 1121 1970 1220 2045; x_wconf 83' lang='lat' dir='ltr'><strong>saepe</strong></span> <span class='ocrx_word' id='word_1_69' title='bbox 1238 1950 1513 2044; x_wconf 84' lang='lat' dir='ltr'><strong>compatiuntur</strong></span> <span class='ocrx_word' id='word_1_70' title='bbox 1533 1949 1688 2024; x_wconf 87' lang='lat' dir='ltr'><strong>miseriis</strong></span> <span class='ocrx_word' id='word_1_71' title='bbox 1705 1947 1869 2022; x_wconf 88' lang='lat' dir='ltr'><strong>inimico·</strong></span> 
     </span>
     <span class='ocr_line' id='line_1_10' title="bbox 701 2069 1870 2166; baseline -0.002 -22"><span class='ocrx_word' id='word_1_72' title='bbox 701 2092 798 2165; x_wconf 91' lang='lat' dir='ltr'><strong>rum,</strong></span> <span class='ocrx_word' id='word_1_73' title='bbox 829 2079 867 2147; x_wconf 91' lang='lat' dir='ltr'><strong>et</strong></span> <span class='ocrx_word' id='word_1_74' title='bbox 898 2071 1088 2166; x_wconf 79' lang='lat' dir='ltr'>deplorant</span> <span class='ocrx_word' id='word_1_75' title='bbox 1121 2077 1259 2144; x_wconf 87' lang='lat' dir='ltr'><strong>mortes</strong></span> <span class='ocrx_word' id='word_1_76' title='bbox 1289 2090 1434 2163; x_wconf 88' lang='lat' dir='ltr'><strong>eorum,</strong></span> <span class='ocrx_word' id='word_1_77' title='bbox 1460 2076 1497 2145; x_wconf 89' lang='lat' dir='ltr'><strong>et</strong></span> <span class='ocrx_word' id='word_1_78' title='bbox 1521 2071 1703 2145; x_wconf 86' lang='lat' dir='ltr'><strong>honorant</strong></span> <span class='ocrx_word' id='word_1_79' title='bbox 1727 2069 1870 2160; x_wconf 87' lang='lat' dir='ltr'><strong>lunera,</strong></span> 
     </span>
     <span class='ocr_line' id='line_1_11' title="bbox 701 2188 1871 2286; baseline -0.003 -22"><span class='ocrx_word' id='word_1_80' title='bbox 701 2191 795 2266; x_wconf 91' lang='lat' dir='ltr'><strong>sicut</strong></span> <span class='ocrx_word' id='word_1_81' title='bbox 819 2211 916 2286; x_wconf 84' lang='lat' dir='ltr'><strong>saepe</strong></span> <span class='ocrx_word' id='word_1_82' title='bbox 941 2191 1026 2266; x_wconf 86' lang='lat' dir='ltr'><strong>lecit</strong></span> <span class='ocrx_word' id='word_1_83' title='bbox 1049 2190 1227 2265; x_wconf 91' lang='lat' dir='ltr'><strong>Hannibal</strong></span> <span class='ocrx_word' id='word_1_84' title='bbox 1248 2190 1522 2264; x_wconf 88' lang='lat' dir='ltr'><strong>crudelissimus</strong></span> <span class='ocrx_word' id='word_1_85' title='bbox 1538 2210 1628 2286; x_wconf 84' lang='lat' dir='ltr'><strong>erga</strong></span> <span class='ocrx_word' id='word_1_86' title='bbox 1650 2190 1786 2263; x_wconf 89' lang='lat' dir='ltr'><strong>multos</strong></span> <span class='ocrx_word' id='word_1_87' title='bbox 1801 2188 1871 2262; x_wconf 95' lang='lat' dir='ltr'><strong>du-</strong></span> 
     </span>
    </p>
   </div>
   <div class='ocr_carea' id='block_1_3' title="bbox 573 2309 1872 2404">
    <p class='ocr_par' dir='ltr' id='par_1_3' title="bbox 573 2309 1872 2404">
     <span class='ocr_line' id='line_1_12' title="bbox 573 2309 1872 2404; baseline -0.005 -17"><span class='ocrx_word' id='word_1_88' title='bbox 573 2393 577 2402; x_wconf 60' lang='lat'><strong>,</strong></span> <span class='ocrx_word' id='word_1_89' title='bbox 700 2331 761 2386; x_wconf 90' lang='lat' dir='ltr'><strong>ces</strong></span> <span class='ocrx_word' id='word_1_90' title='bbox 800 2331 983 2404; x_wconf 88' lang='lat' dir='ltr'><strong>romanos,</strong></span> <span class='ocrx_word' id='word_1_91' title='bbox 1016 2312 1202 2384; x_wconf 89' lang='lat' dir='ltr'><strong>honorans</strong></span> <span class='ocrx_word' id='word_1_92' title='bbox 1234 2309 1408 2384; x_wconf 87' lang='lat' dir='ltr'><strong>virtutem</strong></span> <span class='ocrx_word' id='word_1_93' title='bbox 1442 2330 1586 2402; x_wconf 88' lang='lat' dir='ltr'><strong>eorum,</strong></span> <span class='ocrx_word' id='word_1_94' title='bbox 1619 2331 1732 2404; x_wconf 87' lang='lat' dir='ltr'><strong>quam</strong></span> <span class='ocrx_word' id='word_1_95' title='bbox 1771 2309 1872 2404; x_wconf 89' lang='lat' dir='ltr'><strong>prius</strong></span> 
     </span>
    </p>
   </div>
   <div class='ocr_carea' id='block_1_4' title="bbox 702 2429 1874 2649">
    <p class='ocr_par' dir='ltr' id='par_1_4' title="bbox 702 2429 1874 2649">
     <span class='ocr_line' id='line_1_13' title="bbox 702 2429 1873 2526; baseline -0.003 -21"><span class='ocrx_word' id='word_1_96' title='bbox 702 2432 931 2506; x_wconf 70' lang='lat' dir='ltr'><strong>infestissime</strong></span> <span class='ocrx_word' id='word_1_97' title='bbox 956 2431 1095 2524; x_wconf 89' lang='lat' dir='ltr'><strong>oderat,</strong></span> <span class='ocrx_word' id='word_1_98' title='bbox 1114 2431 1208 2506; x_wconf 88' lang='lat' dir='ltr'><strong>siout</strong></span> <span class='ocrx_word' id='word_1_99' title='bbox 1233 2437 1333 2526; x_wconf 92' lang='lat' dir='ltr'><strong>patet</strong></span> <span class='ocrx_word' id='word_1_100' title='bbox 1349 2430 1447 2526; x_wconf 87' lang='lat' dir='ltr'><strong>apud</strong></span> <span class='ocrx_word' id='word_1_101' title='bbox 1463 2430 1617 2505; x_wconf 89' lang='lat' dir='ltr'><strong>Livium.</strong></span> <span class='ocrx_word' id='word_1_102' title='bbox 1636 2432 1781 2518; x_wconf 80' lang='lat' dir='ltr'><strong>Quanto</strong></span> <span class='ocrx_word' id='word_1_103' title='bbox 1798 2429 1873 2502; x_wconf 90' lang='lat' dir='ltr'><strong>lor·</strong></span> 
     </span>
     <span class='ocr_line' id='line_1_14' title="bbox 702 2551 1874 2649; baseline -0.001 -24"><span class='ocrx_word' id='word_1_104' title='bbox 702 2552 775 2626; x_wconf 89' lang='lat' dir='ltr'><strong>lius</strong></span> <span class='ocrx_word' id='word_1_105' title='bbox 801 2573 891 2649; x_wconf 87' lang='lat' dir='ltr'><strong>ergo</strong></span> <span class='ocrx_word' id='word_1_106' title='bbox 918 2552 1061 2627; x_wconf 88' lang='lat' dir='ltr'><strong>romani</strong></span> <span class='ocrx_word' id='word_1_107' title='bbox 1088 2553 1304 2627; x_wconf 80' lang='lat' dir='ltr'><strong>naturaiiter</strong></span> <span class='ocrx_word' id='word_1_108' title='bbox 1324 2554 1523 2628; x_wconf 88' lang='lat' dir='ltr'><strong>clementes</strong></span> <span class='ocrx_word' id='word_1_109' title='bbox 1549 2551 1605 2626; x_wconf 93' lang='lat' dir='ltr'><strong>usi</strong></span> <span class='ocrx_word' id='word_1_110' title='bbox 1630 2558 1716 2625; x_wconf 91' lang='lat' dir='ltr'><strong>sunt</strong></span> <span class='ocrx_word' id='word_1_111' title='bbox 1741 2553 1874 2626; x_wconf 89' lang='lat' dir='ltr'><strong>buma-</strong></span> 
     </span>
    </p>
   </div>
   <div class='ocr_carea' id='block_1_5' title="bbox 565 2783 1876 3128">
    <p class='ocr_par' dir='ltr' id='par_1_5' title="bbox 565 2783 1876 3128">
     <span class='ocr_line' id='line_1_15' title="bbox 702 2783 1875 2886; baseline 0 -20"><span class='ocrx_word' id='word_1_112' title='bbox 702 2795 755 2886; x_wconf 81' lang='lat' dir='ltr'><strong>sui</strong></span> <span class='ocrx_word' id='word_1_113' title='bbox 784 2783 815 2865; x_wconf 83' lang='lat' dir='ltr'><strong>si</strong></span> <span class='ocrx_word' id='word_1_114' title='bbox 842 2813 965 2884; x_wconf 78' lang='lat' dir='ltr'><strong>presso</strong></span> <span class='ocrx_word' id='word_1_115' title='bbox 990 2795 1028 2866; x_wconf 88' lang='lat' dir='ltr'><strong>dt</strong></span> <span class='ocrx_word' id='word_1_116' title='bbox 1052 2793 1109 2865; x_wconf 87' lang='lat' dir='ltr'><strong>lor</strong></span> <span class='ocrx_word' id='word_1_117' title='bbox 1133 2797 1266 2885; x_wconf 75' lang='lat' dir='ltr'><strong>planto,</strong></span> <span class='ocrx_word' id='word_1_118' title='bbox 1292 2795 1352 2865; x_wconf 80' lang='lat' dir='ltr'><strong>cte</strong></span> <span class='ocrx_word' id='word_1_119' title='bbox 1382 2795 1433 2883; x_wconf 75' lang='lat' dir='ltr'><strong>pli</strong></span> <span class='ocrx_word' id='word_1_120' title='bbox 1460 2795 1525 2865; x_wconf 84' lang='lat' dir='ltr'><strong>atti</strong></span> <span class='ocrx_word' id='word_1_121' title='bbox 1553 2795 1624 2883; x_wconf 86' lang='lat' dir='ltr'><strong>tor,</strong></span> <span class='ocrx_word' id='word_1_122' title='bbox 1650 2791 1875 2867; x_wconf 83' lang='lat' dir='ltr'><strong>miserabiles</strong></span> 
     </span>
     <span class='ocr_line' id='line_1_16' title="bbox 565 2905 1875 3006; baseline 0 -23"><span class='ocrx_word' id='word_1_123' title='bbox 565 2905 570 2915; x_wconf 84' lang='lat'>&#39;</span> <span class='ocrx_word' id='word_1_124' title='bbox 705 2911 853 2986; x_wconf 87' lang='lat' dir='ltr'><strong>illorum</strong></span> <span class='ocrx_word' id='word_1_125' title='bbox 879 2912 1100 3006; x_wconf 86' lang='lat' dir='ltr'><strong>invidorum,</strong></span> <span class='ocrx_word' id='word_1_126' title='bbox 1133 2934 1158 2984; x_wconf 88' lang='lat' dir='ltr'><strong>a</strong></span> <span class='ocrx_word' id='word_1_127' title='bbox 1182 2933 1236 2985; x_wconf 82' lang='lat' dir='ltr'><strong>otc</strong></span> <span class='ocrx_word' id='word_1_128' title='bbox 1259 2915 1402 2985; x_wconf 74' lang='lat' dir='ltr'><strong>undaro</strong></span> <span class='ocrx_word' id='word_1_129' title='bbox 1425 2915 1522 3003; x_wconf 79' lang='lat' dir='ltr'><strong>certi,</strong></span> <span class='ocrx_word' id='word_1_130' title='bbox 1548 2911 1651 3004; x_wconf 81' lang='lat' dir='ltr'><strong>idest,</strong></span> <span class='ocrx_word' id='word_1_131' title='bbox 1677 2911 1775 3005; x_wconf 89' lang='lat' dir='ltr'><strong>quod</strong></span> <span class='ocrx_word' id='word_1_132' title='bbox 1801 2930 1875 2984; x_wconf 91' lang='lat' dir='ltr'><strong>non</strong></span> 
     </span>
     <span class='ocr_line' id='line_1_17' title="bbox 707 3031 1876 3128; baseline 0 -24"><span class='ocrx_word' id='word_1_133' title='bbox 707 3031 932 3126; x_wconf 88' lang='lat' dir='ltr'><strong>dubitabam,</strong></span> <span class='ocrx_word' id='word_1_134' title='bbox 958 3033 1052 3108; x_wconf 90' lang='lat' dir='ltr'><strong>sicut</strong></span> <span class='ocrx_word' id='word_1_135' title='bbox 1077 3033 1225 3127; x_wconf 89' lang='lat' dir='ltr'><strong>quando</strong></span> <span class='ocrx_word' id='word_1_136' title='bbox 1249 3054 1353 3107; x_wconf 89' lang='lat' dir='ltr'><strong>cram</strong></span> <span class='ocrx_word' id='word_1_137' title='bbox 1391 3054 1413 3107; x_wconf 91' lang='lat' dir='ltr'><strong>a</strong></span> <span class='ocrx_word' id='word_1_138' title='bbox 1445 3032 1566 3128; x_wconf 85' lang='lat' dir='ltr'><strong>louge,</strong></span> <span class='ocrx_word' id='word_1_139' title='bbox 1594 3054 1660 3124; x_wconf 86' lang='lat' dir='ltr'><strong>pcr</strong></span> <span class='ocrx_word' id='word_1_140' title='bbox 1688 3034 1739 3122; x_wconf 76' lang='lat' dir='ltr'><strong>pli</strong></span> <span class='ocrx_word' id='word_1_141' title='bbox 1767 3033 1876 3123; x_wconf 74' lang='lat' dir='ltr'><strong>mclii,</strong></span> 
     </span>
    </p>
   </div>
   <div class='ocr_carea' id='block_1_6' title="bbox 706 3145 1887 4928">
    <p class='ocr_par' dir='ltr' id='par_1_6' title="bbox 706 3145 1887 4928">
     <span class='ocr_line' id='line_1_18' title="bbox 707 3145 1876 3248; baseline -0.001 -22"><span class='ocrx_word' id='word_1_142' title='bbox 707 3153 794 3247; x_wconf 88' lang='lat' dir='ltr'><strong>quia</strong></span> <span class='ocrx_word' id='word_1_143' title='bbox 821 3152 986 3228; x_wconf 86' lang='lat' dir='ltr'><strong>videbam</strong></span> <span class='ocrx_word' id='word_1_144' title='bbox 1015 3155 1207 3228; x_wconf 76' lang='lat' dir='ltr'><strong>oculariter</strong></span> <span class='ocrx_word' id='word_1_145' title='bbox 1223 3145 1259 3246; x_wconf 82' lang='lat'><strong>(²)</strong></span> <span class='ocrx_word' id='word_1_146' title='bbox 1292 3153 1338 3227; x_wconf 92' lang='lat' dir='ltr'><strong>de</strong></span> <span class='ocrx_word' id='word_1_147' title='bbox 1375 3173 1500 3248; x_wconf 90' lang='lat' dir='ltr'><strong>prope,</strong></span> <span class='ocrx_word' id='word_1_148' title='bbox 1529 3155 1585 3247; x_wconf 81' lang='lat' dir='ltr'><strong>sai</strong></span> <span class='ocrx_word' id='word_1_149' title='bbox 1613 3159 1744 3244; x_wconf 81' lang='lat' dir='ltr'><strong>monto,</strong></span> <span class='ocrx_word' id='word_1_150' title='bbox 1774 3151 1876 3244; x_wconf 90' lang='lat' dir='ltr'><strong>idest,</strong></span> 
     </span>
     <span class='ocr_line' id='line_1_19' title="bbox 707 3273 1878 3370; baseline -0.002 -22"><span class='ocrx_word' id='word_1_151' title='bbox 707 3281 875 3370; x_wconf 88' lang='lat' dir='ltr'><strong>punctus,</strong></span> <span class='ocrx_word' id='word_1_152' title='bbox 893 3277 931 3348; x_wconf 85' lang='lat' dir='ltr'><strong>di</strong></span> <span class='ocrx_word' id='word_1_153' title='bbox 945 3296 1057 3365; x_wconf 79' lang='lat' dir='ltr'><strong>pram</strong></span> <span class='ocrx_word' id='word_1_154' title='bbox 1073 3276 1190 3365; x_wconf 85' lang='lat' dir='ltr'><strong>dolor,</strong></span> <span class='ocrx_word' id='word_1_155' title='bbox 1207 3294 1255 3347; x_wconf 83' lang='lat' dir='ltr'><strong>en</strong></span> <span class='ocrx_word' id='word_1_156' title='bbox 1273 3274 1524 3369; x_wconf 82' lang='lat' dir='ltr'><strong>compassione</strong></span> <span class='ocrx_word' id='word_1_157' title='bbox 1543 3273 1666 3369; x_wconf 83' lang='lat' dir='ltr'><strong>gravis</strong></span> <span class='ocrx_word' id='word_1_158' title='bbox 1689 3293 1878 3368; x_wconf 75' lang='lat' dir='ltr'><strong>prenae.-</strong></span> 
     </span>
     <span class='ocr_line' id='line_1_20' title="bbox 707 3394 1881 3490; baseline -0.003 -20"><span class='ocrx_word' id='word_1_159' title='bbox 707 3399 755 3470; x_wconf 86' lang='lat' dir='ltr'><strong>Di</strong></span> <span class='ocrx_word' id='word_1_160' title='bbox 780 3398 836 3468; x_wconf 83' lang='lat' dir='ltr'><strong>vil.</strong></span> <span class='ocrx_word' id='word_1_161' title='bbox 863 3395 927 3468; x_wconf 90' lang='lat' dir='ltr'><strong>Hic</strong></span> <span class='ocrx_word' id='word_1_162' title='bbox 952 3402 1060 3489; x_wconf 91' lang='lat' dir='ltr'><strong>poeta</strong></span> <span class='ocrx_word' id='word_1_163' title='bbox 1086 3394 1258 3468; x_wconf 84' lang='lat' dir='ltr'><strong>describit</strong></span> <span class='ocrx_word' id='word_1_164' title='bbox 1283 3394 1397 3488; x_wconf 87' lang='lat' dir='ltr'><strong>ipsam</strong></span> <span class='ocrx_word' id='word_1_165' title='bbox 1424 3415 1584 3490; x_wconf 87' lang='lat' dir='ltr'><strong>poenam,</strong></span> <span class='ocrx_word' id='word_1_166' title='bbox 1610 3395 1750 3470; x_wconf 89' lang='lat' dir='ltr'><strong>diceus:</strong></span> <span class='ocrx_word' id='word_1_167' title='bbox 1769 3397 1817 3467; x_wconf 84' lang='lat' dir='ltr'><strong>Di</strong></span> <span class='ocrx_word' id='word_1_168' title='bbox 1832 3395 1881 3466; x_wconf 83' lang='lat' dir='ltr'><strong>vil</strong></span> 
     </span>
     <span class='ocr_line' id='line_1_21' title="bbox 706 3512 1881 3607; baseline -0.001 -19"><span class='ocrx_word' id='word_1_169' title='bbox 706 3519 818 3588; x_wconf 64' lang='lat' dir='ltr'><strong>cilicio</strong></span> <span class='ocrx_word' id='word_1_170' title='bbox 843 3517 892 3587; x_wconf 86' lang='lat' dir='ltr'><strong>mi</strong></span> <span class='ocrx_word' id='word_1_171' title='bbox 910 3535 1053 3606; x_wconf 83' lang='lat' dir='ltr'><strong>parcan</strong></span> <span class='ocrx_word' id='word_1_172' title='bbox 1078 3517 1222 3607; x_wconf 80' lang='lat' dir='ltr'><strong>auperti,</strong></span> <span class='ocrx_word' id='word_1_173' title='bbox 1250 3515 1344 3589; x_wconf 90' lang='lat' dir='ltr'><strong>sicut</strong></span> <span class='ocrx_word' id='word_1_174' title='bbox 1366 3515 1454 3588; x_wconf 93' lang='lat' dir='ltr'><strong>olim</strong></span> <span class='ocrx_word' id='word_1_175' title='bbox 1476 3513 1590 3589; x_wconf 90' lang='lat' dir='ltr'><strong>sancti</strong></span> <span class='ocrx_word' id='word_1_176' title='bbox 1616 3515 1743 3588; x_wconf 87' lang='lat' dir='ltr'><strong>Patres</strong></span> <span class='ocrx_word' id='word_1_177' title='bbox 1768 3512 1881 3587; x_wconf 89' lang='lat' dir='ltr'><strong>lacie-</strong></span> 
     </span>
     <span class='ocr_line' id='line_1_22' title="bbox 708 3634 1881 3729; baseline -0.001 -20"><span class='ocrx_word' id='word_1_178' title='bbox 708 3635 796 3710; x_wconf 87' lang='lat' dir='ltr'><strong>bant</strong></span> <span class='ocrx_word' id='word_1_179' title='bbox 822 3634 1057 3710; x_wconf 81' lang='lat' dir='ltr'><strong>humiliantes</strong></span> <span class='ocrx_word' id='word_1_180' title='bbox 1088 3654 1128 3709; x_wconf 92' lang='lat' dir='ltr'><strong>se</strong></span> <span class='ocrx_word' id='word_1_181' title='bbox 1160 3634 1197 3707; x_wconf 94' lang='lat' dir='ltr'><strong>in</strong></span> <span class='ocrx_word' id='word_1_182' title='bbox 1232 3641 1428 3729; x_wconf 89' lang='lat' dir='ltr'><strong>conspectu</strong></span> <span class='ocrx_word' id='word_1_183' title='bbox 1460 3634 1615 3728; x_wconf 84' lang='lat' dir='ltr'><strong>bomini,</strong></span> <span class='ocrx_word' id='word_1_184' title='bbox 1645 3635 1881 3729; x_wconf 87' lang='lat' dir='ltr'><strong>implorantes</strong></span> 
     </span>
     <span class='ocr_line' id='line_1_23' title="bbox 711 3753 1881 3850; baseline 0 -22"><span class='ocrx_word' id='word_1_185' title='bbox 711 3753 996 3828; x_wconf 87' lang='lat' dir='ltr'><strong>miscricordiam</strong></span> <span class='ocrx_word' id='word_1_186' title='bbox 1016 3762 1054 3829; x_wconf 90' lang='lat' dir='ltr'><strong>et</strong></span> <span class='ocrx_word' id='word_1_187' title='bbox 1071 3755 1229 3846; x_wconf 87' lang='lat' dir='ltr'><strong>veniam,</strong></span> <span class='ocrx_word' id='word_1_188' title='bbox 1244 3754 1391 3848; x_wconf 88' lang='lat' dir='ltr'><strong>quando</strong></span> <span class='ocrx_word' id='word_1_189' title='bbox 1408 3761 1660 3850; x_wconf 85' lang='lat' dir='ltr'><strong>peccaverant,</strong></span> <span class='ocrx_word' id='word_1_190' title='bbox 1674 3754 1768 3828; x_wconf 93' lang='lat' dir='ltr'><strong>sicut</strong></span> <span class='ocrx_word' id='word_1_191' title='bbox 1782 3775 1881 3828; x_wconf 92' lang='lat' dir='ltr'><strong>nunc</strong></span> 
     </span>
     <span class='ocr_line' id='line_1_24' title="bbox 711 3873 1882 3968; baseline -0.003 -18"><span class='ocrx_word' id='word_1_192' title='bbox 711 3877 767 3950; x_wconf 91' lang='lat' dir='ltr'><strong>isti</strong></span> <span class='ocrx_word' id='word_1_193' title='bbox 792 3875 919 3968; x_wconf 73' lang='lat' dir='ltr'><strong>invidi,</strong></span> <span class='ocrx_word' id='word_1_194' title='bbox 945 3897 965 3947; x_wconf 87' lang='lat' dir='ltr'><strong>e</strong></span> <span class='ocrx_word' id='word_1_195' title='bbox 989 3878 1064 3948; x_wconf 76' lang='lat' dir='ltr'><strong>lun</strong></span> <span class='ocrx_word' id='word_1_196' title='bbox 1091 3879 1237 3967; x_wconf 76' lang='lat' dir='ltr'><strong>sufferta</strong></span> <span class='ocrx_word' id='word_1_197' title='bbox 1262 3877 1386 3948; x_wconf 77' lang='lat' dir='ltr'><strong>l&#39;cltro</strong></span> <span class='ocrx_word' id='word_1_198' title='bbox 1406 3896 1473 3948; x_wconf 82' lang='lat' dir='ltr'><strong>con</strong></span> <span class='ocrx_word' id='word_1_199' title='bbox 1497 3879 1534 3948; x_wconf 85' lang='lat' dir='ltr'><strong>la</strong></span> <span class='ocrx_word' id='word_1_200' title='bbox 1557 3877 1686 3967; x_wconf 82' lang='lat' dir='ltr'><strong>spallo,</strong></span> <span class='ocrx_word' id='word_1_201' title='bbox 1712 3895 1758 3949; x_wconf 81' lang='lat' dir='ltr'><strong>cx</strong></span> <span class='ocrx_word' id='word_1_202' title='bbox 1785 3873 1882 3948; x_wconf 87' lang='lat' dir='ltr'><strong>cari-</strong></span> 
     </span>
     <span class='ocr_line' id='line_1_25' title="bbox 710 3994 1883 4089; baseline -0.003 -19"><span class='ocrx_word' id='word_1_203' title='bbox 710 4002 797 4088; x_wconf 91' lang='lat' dir='ltr'><strong>tate,</strong></span> <span class='ocrx_word' id='word_1_204' title='bbox 823 4017 841 4068; x_wconf 87' lang='lat' dir='ltr'><strong>e</strong></span> <span class='ocrx_word' id='word_1_205' title='bbox 866 3998 940 4068; x_wconf 80' lang='lat' dir='ltr'><strong>tutti</strong></span> <span class='ocrx_word' id='word_1_206' title='bbox 963 3997 1056 4068; x_wconf 80' lang='lat' dir='ltr'><strong>dello</strong></span> <span class='ocrx_word' id='word_1_207' title='bbox 1080 3997 1176 4087; x_wconf 68' lang='lat' dir='ltr'><strong>repo,</strong></span> <span class='ocrx_word' id='word_1_208' title='bbox 1194 3994 1342 4088; x_wconf 88' lang='lat' dir='ltr'><strong>scilicet,</strong></span> <span class='ocrx_word' id='word_1_209' title='bbox 1361 4014 1473 4089; x_wconf 90' lang='lat' dir='ltr'><strong>prope</strong></span> <span class='ocrx_word' id='word_1_210' title='bbox 1491 4001 1668 4089; x_wconf 87' lang='lat' dir='ltr'><strong>montem,</strong></span> <span class='ocrx_word' id='word_1_211' title='bbox 1692 4015 1783 4067; x_wconf 68' lang='lat' dir='ltr'><strong>mon</strong></span> <span class='ocrx_word' id='word_1_212' title='bbox 1806 3997 1883 4088; x_wconf 79' lang='lat' dir='ltr'><strong>sos-</strong></span> 
     </span>
     <span class='ocr_line' id='line_1_26' title="bbox 709 4113 1883 4210; baseline 0 -22"><span class='ocrx_word' id='word_1_213' title='bbox 709 4119 803 4210; x_wconf 81' lang='lat' dir='ltr'><strong>sertt,</strong></span> <span class='ocrx_word' id='word_1_214' title='bbox 829 4115 916 4208; x_wconf 86' lang='lat' dir='ltr'><strong>quia</strong></span> <span class='ocrx_word' id='word_1_215' title='bbox 942 4114 1245 4191; x_wconf 88' lang='lat' dir='ltr'><strong>sustentabantur</strong></span> <span class='ocrx_word' id='word_1_216' title='bbox 1269 4134 1293 4187; x_wconf 87' lang='lat' dir='ltr'><strong>a</strong></span> <span class='ocrx_word' id='word_1_217' title='bbox 1318 4114 1465 4188; x_wconf 82' lang='lat' dir='ltr'><strong>virtute.</strong></span> <span class='ocrx_word' id='word_1_218' title='bbox 1491 4115 1537 4187; x_wconf 82' lang='lat' dir='ltr'><strong>Et</strong></span> <span class='ocrx_word' id='word_1_219' title='bbox 1560 4113 1742 4209; x_wconf 85' lang='lat' dir='ltr'><strong>specificat</strong></span> <span class='ocrx_word' id='word_1_220' title='bbox 1772 4113 1883 4188; x_wconf 90' lang='lat' dir='ltr'><strong>mise·</strong></span> 
     </span>
     <span class='ocr_line' id='line_1_27' title="bbox 713 4232 1883 4330; baseline -0.002 -23"><span class='ocrx_word' id='word_1_221' title='bbox 713 4233 866 4308; x_wconf 89' lang='lat' dir='ltr'><strong>rabilem</strong></span> <span class='ocrx_word' id='word_1_222' title='bbox 895 4241 1021 4308; x_wconf 91' lang='lat' dir='ltr'><strong>actum</strong></span> <span class='ocrx_word' id='word_1_223' title='bbox 1055 4232 1264 4306; x_wconf 89' lang='lat' dir='ltr'><strong>invidorum</strong></span> <span class='ocrx_word' id='word_1_224' title='bbox 1301 4253 1367 4329; x_wconf 92' lang='lat' dir='ltr'><strong>per</strong></span> <span class='ocrx_word' id='word_1_225' title='bbox 1398 4235 1709 4330; x_wconf 85' lang='lat' dir='ltr'><strong>comparationem</strong></span> <span class='ocrx_word' id='word_1_226' title='bbox 1744 4235 1883 4309; x_wconf 87' lang='lat' dir='ltr'><strong>claram</strong></span> 
     </span>
     <span class='ocr_line' id='line_1_28' title="bbox 712 4345 1885 4447; baseline -0.003 -19"><span class='ocrx_word' id='word_1_227' title='bbox 712 4373 911 4446; x_wconf 86' lang='lat' dir='ltr'><strong>oaecorum,</strong></span> <span class='ocrx_word' id='word_1_228' title='bbox 928 4351 1074 4427; x_wconf 90' lang='lat' dir='ltr'><strong>dicens:</strong></span> <span class='ocrx_word' id='word_1_229' title='bbox 1099 4345 1171 4426; x_wconf 81' lang='lat' dir='ltr'><strong>cosi</strong></span> <span class='ocrx_word' id='word_1_230' title='bbox 1188 4356 1213 4426; x_wconf 86' lang='lat' dir='ltr'><strong>li</strong></span> <span class='ocrx_word' id='word_1_231' title='bbox 1233 4355 1349 4444; x_wconf 69' lang='lat' dir='ltr'><strong>ottob,</strong></span> <span class='ocrx_word' id='word_1_232' title='bbox 1372 4375 1397 4426; x_wconf 87' lang='lat' dir='ltr'><strong>a</strong></span> <span class='ocrx_word' id='word_1_233' title='bbox 1420 4357 1476 4426; x_wconf 80' lang='lat' dir='ltr'><strong>ori</strong></span> <span class='ocrx_word' id='word_1_234' title='bbox 1499 4356 1536 4427; x_wconf 88' lang='lat' dir='ltr'><strong>la</strong></span> <span class='ocrx_word' id='word_1_235' title='bbox 1559 4353 1651 4426; x_wconf 85' lang='lat' dir='ltr'><strong>roba</strong></span> <span class='ocrx_word' id='word_1_236' title='bbox 1667 4356 1773 4447; x_wconf 82' lang='lat' dir='ltr'><strong>solla,</strong></span> <span class='ocrx_word' id='word_1_237' title='bbox 1793 4353 1885 4428; x_wconf 94' lang='lat' dir='ltr'><strong>idest</strong></span> 
     </span>
     <span class='ocr_line' id='line_1_29' title="bbox 713 4472 1884 4569; baseline -0.003 -20"><span class='ocrx_word' id='word_1_238' title='bbox 713 4473 845 4567; x_wconf 88' lang='lat' dir='ltr'><strong>deficit,</strong></span> <span class='ocrx_word' id='word_1_239' title='bbox 873 4472 957 4567; x_wconf 88' lang='lat' dir='ltr'><strong>quia</strong></span> <span class='ocrx_word' id='word_1_240' title='bbox 985 4478 1069 4547; x_wconf 91' lang='lat' dir='ltr'><strong>sunt</strong></span> <span class='ocrx_word' id='word_1_241' title='bbox 1095 4493 1288 4569; x_wconf 75' lang='lat' dir='ltr'><strong>pauperos,</strong></span> <span class='ocrx_word' id='word_1_242' title='bbox 1317 4493 1386 4548; x_wconf 89' lang='lat' dir='ltr'><strong>nec</strong></span> <span class='ocrx_word' id='word_1_243' title='bbox 1417 4481 1569 4568; x_wconf 92' lang='lat' dir='ltr'><strong>possunt</strong></span> <span class='ocrx_word' id='word_1_244' title='bbox 1599 4473 1706 4548; x_wconf 90' lang='lat' dir='ltr'><strong>aliter</strong></span> <span class='ocrx_word' id='word_1_245' title='bbox 1736 4473 1884 4566; x_wconf 86' lang='lat' dir='ltr'><strong>lucrari,</strong></span> 
     </span>
     <span class='ocr_line' id='line_1_30' title="bbox 714 4593 1885 4689; baseline -0.003 -21"><span class='ocrx_word' id='word_1_246' title='bbox 714 4603 842 4669; x_wconf 83' lang='lat' dir='ltr'><strong>stanno</strong></span> <span class='ocrx_word' id='word_1_247' title='bbox 868 4598 905 4667; x_wconf 86' lang='lat' dir='ltr'><strong>at</strong></span> <span class='ocrx_word' id='word_1_248' title='bbox 926 4597 1090 4686; x_wconf 81' lang='lat' dir='ltr'><strong>perdent,</strong></span> <span class='ocrx_word' id='word_1_249' title='bbox 1107 4594 1206 4689; x_wconf 91' lang='lat' dir='ltr'><strong>apud</strong></span> <span class='ocrx_word' id='word_1_250' title='bbox 1231 4594 1412 4688; x_wconf 79' lang='lat' dir='ltr'><strong>ecclesias,</strong></span> <span class='ocrx_word' id='word_1_251' title='bbox 1439 4597 1623 4668; x_wconf 71' lang='lat' dir='ltr'><strong>ocldader</strong></span> <span class='ocrx_word' id='word_1_252' title='bbox 1642 4596 1700 4666; x_wconf 84' lang='lat' dir='ltr'><strong>lor</strong></span> <span class='ocrx_word' id='word_1_253' title='bbox 1724 4593 1885 4684; x_wconf 76' lang='lat' dir='ltr'><strong>bisoprto,</strong></span> 
     </span>
     <span class='ocr_line' id='line_1_31' title="bbox 715 4713 1886 4808; baseline -0.003 -20"><span class='ocrx_word' id='word_1_254' title='bbox 715 4715 862 4808; x_wconf 89' lang='lat' dir='ltr'><strong>scilicet,</strong></span> <span class='ocrx_word' id='word_1_255' title='bbox 889 4713 1163 4807; x_wconf 89' lang='lat' dir='ltr'><strong>eleemosinam,</strong></span> <span class='ocrx_word' id='word_1_256' title='bbox 1197 4718 1264 4788; x_wconf 87' lang='lat' dir='ltr'><strong>el&#39;</strong></span> <span class='ocrx_word' id='word_1_257' title='bbox 1276 4735 1346 4787; x_wconf 82' lang='lat' dir='ltr'><strong>auo</strong></span> <span class='ocrx_word' id='word_1_258' title='bbox 1372 4717 1511 4807; x_wconf 86' lang='lat' dir='ltr'><strong>ilccpo</strong></span> <span class='ocrx_word' id='word_1_259' title='bbox 1535 4735 1647 4807; x_wconf 82' lang='lat' dir='ltr'><strong>sopra</strong></span> <span class='ocrx_word' id='word_1_260' title='bbox 1671 4715 1795 4788; x_wconf 78' lang='lat' dir='ltr'><strong>tallro</strong></span> <span class='ocrx_word' id='word_1_261' title='bbox 1820 4734 1886 4784; x_wconf 87' lang='lat' dir='ltr'><strong>oo-</strong></span> 
     </span>
     <span class='ocr_line' id='line_1_32' title="bbox 718 4825 1887 4928; baseline 0 -22"><span class='ocrx_word' id='word_1_262' title='bbox 718 4837 825 4925; x_wconf 86' lang='lat' dir='ltr'><strong>oolla,</strong></span> <span class='ocrx_word' id='word_1_263' title='bbox 851 4833 942 4908; x_wconf 90' lang='lat' dir='ltr'><strong>idest</strong></span> <span class='ocrx_word' id='word_1_264' title='bbox 968 4833 1125 4928; x_wconf 86' lang='lat' dir='ltr'><strong>inclinat,</strong></span> <span class='ocrx_word' id='word_1_265' title='bbox 1153 4834 1210 4909; x_wconf 78' lang='lat' dir='ltr'><strong>vel</strong></span> <span class='ocrx_word' id='word_1_266' title='bbox 1226 4825 1262 4927; x_wconf 77' lang='lat'><strong>(³)</strong></span> <span class='ocrx_word' id='word_1_267' title='bbox 1289 4835 1336 4909; x_wconf 92' lang='lat' dir='ltr'><strong>de</strong></span> <span class='ocrx_word' id='word_1_268' title='bbox 1361 4834 1537 4908; x_wconf 88' lang='lat' dir='ltr'><strong>industria</strong></span> <span class='ocrx_word' id='word_1_269' title='bbox 1557 4835 1609 4908; x_wconf 91' lang='lat' dir='ltr'><strong>sic</strong></span> <span class='ocrx_word' id='word_1_270' title='bbox 1632 4834 1781 4928; x_wconf 85' lang='lat' dir='ltr'><strong>iaciunt,</strong></span> <span class='ocrx_word' id='word_1_271' title='bbox 1800 4853 1887 4926; x_wconf 83' lang='lat' dir='ltr'><strong>pcr-</strong></span> 
     </span>
    </p>
   </div>
   <div class='ocr_carea' id='block_1_7' title="bbox 782 5091 1747 5157">
    <p class='ocr_par' dir='ltr' id='par_1_7' title="bbox 782 5091 1747 5157">
     <span class='ocr_line' id='line_1_33' title="bbox 782 5091 1747 5157; baseline 0.002 -15"><span class='ocrx_word' id='word_1_272' title='bbox 782 5091 810 5156; x_wconf 78' lang='lat'><strong>(¹)</strong></span> <span class='ocrx_word' id='word_1_273' title='bbox 827 5092 856 5142; x_wconf 83' lang='grc' dir='ltr'><strong>Ε.</strong></span> <span class='ocrx_word' id='word_1_274' title='bbox 874 5092 944 5143; x_wconf 82' lang='lat' dir='ltr'><strong>uicit.</strong></span> <span class='ocrx_word' id='word_1_275' title='bbox 1068 5093 1095 5155; x_wconf 74' lang='lat'><strong>(²)</strong></span> <span class='ocrx_word' id='word_1_276' title='bbox 1111 5094 1143 5144; x_wconf 86' lang='lat' dir='ltr'><strong>E.</strong></span> <span class='ocrx_word' id='word_1_277' title='bbox 1158 5093 1307 5145; x_wconf 79' lang='lat' dir='ltr'><strong>oculariter.</strong></span> <span class='ocrx_word' id='word_1_278' title='bbox 1433 5093 1460 5157; x_wconf 84' lang='lat'><strong>(⁸)</strong></span> <span class='ocrx_word' id='word_1_279' title='bbox 1477 5093 1507 5145; x_wconf 83' lang='lat' dir='ltr'><strong>ll.</strong></span> <span class='ocrx_word' id='word_1_280' title='bbox 1523 5099 1551 5145; x_wconf 87' lang='lat' dir='ltr'><strong>et</strong></span> <span class='ocrx_word' id='word_1_281' title='bbox 1565 5095 1598 5144; x_wconf 89' lang='lat' dir='ltr'><strong>de</strong></span> <span class='ocrx_word' id='word_1_282' title='bbox 1614 5093 1747 5144; x_wconf 82' lang='lat' dir='ltr'><strong>industria.</strong></span> 
     </span>
    </p>
   </div>
   <div class='ocr_carea' id='block_1_8' title="bbox 0 0 2300 6836">
    <p class='ocr_par' dir='ltr' id='par_1_8' title="bbox 0 0 2300 6836">
     <span class='ocr_line' id='line_1_34' title="bbox 0 0 2300 6836; baseline 0 0"><span class='ocrx_word' id='word_1_283' title='bbox 0 0 2300 6836; x_wconf 95' lang='lat' dir='ltr'><strong> </strong></span> 
     </span>
    </p>
   </div>
  </div>
 </body>
</html>
