4542 6842
718 937 857 993 cmrus
883 936 1040 992 necinus
1066 937 1244 1002 ouanros.
1491 919 1562 988 399

392 1082 523 1158 terruit
549 1088 710 1158 mentem
737 1082 828 1174 eius,
853 1084 913 1154 cte
936 1085 969 1155 si
992 1084 1144 1172 dilepna,
1169 1102 1206 1153 se
1238 1081 1349 1154 subito
1373 1083 1410 1153 ta
1434 1080 1565 1152 novole

393 1207 589 1294 reostende,
615 1202 716 1297 idest,
743 1202 880 1276 scindit.
908 1202 1026 1296 Aliqui
1057 1207 1181 1276 tamen
1210 1201 1347 1294 dicunt,
1374 1199 1472 1294 quod
1497 1199 1565 1274 ista

395 1323 463 1398 iuit
487 1345 559 1398 vox
584 1324 775 1420 AglauroS,
802 1343 886 1416 quae
911 1323 995 1396 dicit
1022 1321 1119 1416 quod
1145 1321 1279 1395 invidia
1295 1319 1437 1396 occidet
1463 1339 1565 1412 eam,

392 1444 452 1519 vel
478 1444 614 1538 dicunt,
632 1441 730 1538 quod
756 1449 811 1516 est
836 1441 970 1516 invidia
996 1462 1079 1535 quoe
1105 1442 1281 1535 loquitur,
1298 1447 1337 1514 et
1355 1440 1442 1514 dicit
1466 1438 1567 1533 quod

393 1584 502 1659 poena
528 1562 597 1639 loci
622 1562 762 1638 occidet
792 1567 899 1655 eam(
916 1565 937 1653 t.
951 1601 1001 1614 -
1017 1565 1129 1634 Come.
1165 1561 1230 1634 llic
1259 1565 1365 1655 poeta
1396 1559 1566 1632 describit

394 1684 593 1758 secundam
620 1703 749 1759 vocem
775 1703 842 1777 per
868 1702 979 1775 quam
1006 1681 1114 1754 docet
1146 1680 1345 1754 relraenare
1380 1678 1565 1772 invidiam,

394 1804 530 1878 scilicet
555 1802 818 1878 considerando
842 1801 955 1876 alium
982 1801 1182 1896 pessimum
1209 1798 1381 1873 ellectum
1408 1798 1564 1892 invidiae,

395 1944 480 2018 quoe
507 1922 624 1998 reddit
648 1921 834 1996 hominem
862 1940 1027 1995 saxeum.
1050 1919 1152 1994 Sicut
1177 1920 1275 1994 enim
1302 1919 1415 1993 irater
1440 1918 1567 1993 invidit

397 2041 512 2136 iratri,
538 2049 579 2114 ut
604 2047 703 2136 patet
728 2059 775 2114 ex
800 2039 918 2135 prima
951 2039 1100 2113 historia
1132 2039 1254 2114 Sacrae
1279 2038 1490 2133 Scripturas,
1515 2038 1566 2112 ita

396 2182 502 2236 soror
528 2159 653 2234 invidit
682 2161 813 2254 sorori,
843 2167 884 2234 ut
917 2165 1016 2254 patet
1047 2180 1095 2234 ex
1128 2159 1196 2234 ista
1227 2159 1388 2234 secunda
1418 2157 1568 2232 historia

398 2281 602 2378 gentilium.
630 2280 681 2354 Ad
707 2279 925 2355 evidentiam
954 2299 1044 2375 ergo
1070 2279 1180 2351 huius
1201 2278 1316 2352 literae
1332 2277 1444 2352 dehes
1460 2277 1567 2372 scire,

397 2401 496 2496 quod
522 2401 615 2475 sicut
640 2399 765 2475 scribit
788 2399 936 2474 Ovidius
962 2399 1122 2475 secundo
1150 2399 1296 2473 Maioris
1320 2399 1419 2474 circa
1444 2399 1569 2493 linem,

397 2521 555 2616 Cecrops
572 2521 635 2614 qui
654 2519 721 2593 luit
736 2519 877 2615 primus
895 2539 961 2594 rex
982 2517 1210 2593 Athenarum
1229 2518 1357 2592 habuit
1374 2526 1448 2594 tres
1466 2518 1569 2612 illias,

399 2661 559 2735 quarum
586 2661 660 2714 una
687 2645 816 2714 vocata
842 2645 896 2713 est
922 2639 1116 2732 Pandrase,
1143 2639 1214 2712 alia
1244 2638 1436 2734 Aglauros,
1462 2638 1570 2712 tertia
1682 2730 1686 2737 ἡ

399 2780 489 2836 vero
514 2761 639 2834 Herse.
667 2759 870 2834 Mercurius
895 2764 1023 2855 captus
1039 2779 1170 2834 amore
1188 2759 1321 2834 Herses
1337 2759 1570 2853 pulcerrimae

400 2879 567 2953 omnium
602 2879 767 2973 oorrupit
801 2880 998 2974 Aglauros,
1030 2880 1210 2974 promisso
1246 2900 1381 2976 magno
1418 2879 1571 2953 cumulo

400 2999 494 3092 auri,
521 3005 563 3074 ut
587 2999 796 3073 conciliaret
822 3000 886 3073 sibi
913 3019 1080 3074 amorem
1108 2999 1244 3073 sororis
1269 3000 1402 3093 Herse3
1420 3008 1458 3074 et
1482 2999 1572 3075 assi·

401 3125 514 3215 gnato
538 3119 607 3213 die,
629 3119 756 3194 ordine
773 3119 869 3213 dato,
888 3119 1021 3194 invidia
1042 3120 1190 3194 intravit
1215 3140 1280 3194 cor
1304 3120 1486 3216 Aglauros
1504 3139 1572 3214 pro

401 3238 646 3336 pulcritudine
679 3240 827 3334 sororis,
853 3261 937 3334 quae
971 3241 1168 3314 amabatur
1197 3262 1220 3314 a
1251 3241 1312 3314 tali
1338 3246 1506 3333 amante3
1533 3247 1570 3314 et

401 3360 575 3435 continuo
601 3360 782 3434 Mercurio
808 3361 986 3436 redeunte
1002 3362 1113 3457 coepit
1132 3367 1259 3456 petere
1276 3361 1371 3435 illius
1387 3381 1573 3455 amorem3

401 3481 465 3556 sed
492 3500 578 3554 cum
605 3480 665 3555 ille
678 3471 716 3572 (²)
743 3488 943 3575 recusaret,
966 3488 1003 3557 et
1022 3480 1204 3577 Aglauros
1225 3481 1434 3577 prohiberet
1453 3480 1574 3576 ipsum

394 3585 543 3675 ¹intrare
567 3599 613 3674 ad
639 3621 818 3695 sororem,
837 3602 1039 3676 Mercurius
1057 3602 1238 3676 convertit
1255 3622 1340 3676 eam
1366 3601 1403 3674 in
1427 3621 1573 3674 saxum.

404 3719 448 3793 Et
474 3726 560 3794 nota
586 3720 684 3813 quod
709 3720 778 3794 suh
804 3720 871 3795 ista
903 3720 1024 3794 sabula
1054 3720 1263 3796 continetur
1293 3721 1441 3796 historia
1474 3740 1575 3795 vera.

404 3841 497 3914 Nam
515 3840 719 3915 Mercurius
741 3841 888 3916 realiter
914 3841 980 3914 luit
1001 3842 1113 3915 homo
1132 3840 1170 3914 iu
1191 3841 1343 3935 Graecia,
1362 3861 1474 3937 nepos
1496 3861 1578 3915 ma·

407 3959 468 4056 gni
502 3959 700 4055 philosophi
733 3959 949 4057 Trimcgisti,
976 3959 1039 4054 qui
1065 3959 1250 4035 adamavit
1280 3961 1433 4036 llersem
1464 3961 1576 4036 filiam

407 4078 504 4175 regis
529 4079 770 4175 Athenarum,
797 4088 835 4156 et
859 4081 1025 4176 corrupit
1049 4081 1146 4154 illius
1169 4102 1336 4155 sororem
1355 4083 1577 4178 eloquentia,

405 4200 552 4294 astutia,
578 4206 615 4274 et
640 4201 793 4295 pecunia
820 4223 964 4299 magna.
991 4201 1062 4277 Sed
1079 4200 1260 4297 Aglauros
1277 4223 1323 4277 ex
1341 4202 1474 4278 invidia
1492 4223 1579 4276 mu-

407 4319 497 4394 tavit
513 4320 738 4416 propositum
764 4328 802 4396 et
827 4323 942 4396 voluit
958 4322 1122 4417 praelerri
1140 4322 1258 4397 sorori
1276 4323 1313 4396 in
1330 4343 1478 4418 amore3
1497 4323 1579 4399 ideo

408 4444 525 4534 poete
550 4439 645 4514 hene
671 4439 857 4516 linxerunt
883 4442 981 4535 quod
1008 4449 1150 4517 mutata
1176 4449 1233 4518 est
1256 4443 1294 4516 in
1319 4464 1463 4518 saxum.
1486 4445 1579 4518 Nam

408 4557 541 4633 invidia
567 4565 668 4634 recte
693 4558 841 4634 indurat
872 4571 910 4637 et
940 4560 1122 4658 infrigidat
1153 4583 1218 4638 oor
1247 4562 1405 4637 hominis
1435 4563 1584 4658 privans

408 4679 528 4774 ipsum
554 4699 684 4756 amore
709 4686 748 4756 et
775 4681 900 4756 calore
930 4682 1102 4776 caritatis,
1128 4682 1277 4776 quando
1307 4684 1434 4779 implet
1458 4685 1578 4780 ipsum

301 4819 306 4829 ·
410 4799 493 4875 odio
518 4807 645 4874 contra
670 4801 821 4876 fratrem
849 4806 888 4876 et
912 4821 1091 4895 sororem,
1117 4803 1212 4878 sicut
1229 4802 1267 4876 in
1284 4805 1454 4899 presenti
1479 4827 1581 4881 casu.

472 4982 500 5045 l'l
517 4988 562 5035 lli
577 4999 593 5036 e
609 4985 639 5037 B.
655 4999 726 5048 erm;
744 4987 788 5038 sed
804 4987 880 5038 litera
895 5001 948 5038 non
964 4989 1061 5052 patitur
1077 4988 1158 5041 talam
1173 4989 1407 5054 aponum.-
1420 4993 1500 5044 eom.

472 5057 500 5123 (¹)
517 5061 548 5112 lt
563 5061 609 5112 ille
626 5063 751 5116 omnem
766 5068 907 5116 remma.
