4542 6842
678 990 836 1067 ³cuorus
861 989 1018 1045 nncruus
1042 988 1211 1045 cernuus.
1468 974 1539 1043 183

366 1136 449 1213 ideo
474 1136 579 1211 dicit:
602 1140 694 1231 sotto
720 1156 816 1209 coru
840 1156 888 1208 uu
915 1136 1071 1209 secatiou
1097 1136 1157 1207 cte
1186 1140 1269 1207 tutto
1296 1136 1405 1225 ordo,
1435 1132 1541 1227 quasi

366 1258 482 1333 dicat:
516 1256 767 1332 semirotunda
799 1262 836 1331 et
865 1256 993 1351 rubea,
1029 1254 1124 1329 sicut
1155 1254 1247 1351 iguis
1272 1254 1310 1328 in
1337 1255 1452 1349 pharo
1477 1253 1541 1348 qui

369 1383 445 1452 tota
471 1372 579 1451 nocte
603 1376 708 1453 ardet
739 1382 779 1449 ut
810 1375 943 1473 dirigat
972 1376 1187 1471 navigantes
1214 1374 1262 1449 ad
1287 1380 1456 1471 portum3
1482 1374 1542 1448 vel

368 1496 573 1572 seeundum
599 1496 709 1572 aliam
738 1495 892 1591 literam,
923 1498 1123 1587 sctepplou,
1151 1495 1246 1570 sieut
1271 1494 1396 1568 larum
1432 1500 1542 1568 natu-

371 1616 497 1692 raliter
526 1616 658 1691 ardens
683 1622 720 1690 et
746 1614 915 1690 emittens
932 1615 1081 1713 iguem.
1115 1614 1160 1687 ut
1185 1614 1289 1689 dicit:
1315 1636 1456 1706 correo,
1482 1614 1542 1688 illa

371 1737 458 1811 luna
484 1736 578 1811 sicut
602 1735 660 1809 hic
684 1742 843 1810 currunt
868 1734 1047 1830 accidiosi,
1065 1738 1229 1808 condat
1242 1738 1340 1827 mlo,
1358 1734 1463 1829 idest,
1480 1734 1543 1808 lir-

371 1862 602 1932 mamcnturn
629 1876 695 1951 per
719 1854 922 1950 zodiacum,
941 1856 1027 1949 quia
1044 1854 1131 1930 luna
1154 1856 1247 1931 sicut
1267 1861 1304 1930 et
1329 1855 1383 1931 sol
1408 1862 1446 1931 et
1470 1848 1544 1929 cae'·

372 1976 441 2052 teri
466 1977 622 2072 planetae
650 1981 847 2051 moventur
874 1981 1001 2050 contra
1034 1975 1335 2069 firmamentum3
1365 1975 1465 2050 uude
1489 1975 1545 2049 di·

370 2096 440 2172 cit:
465 2118 530 2189 per
559 2098 667 2189 puelle
695 2100 829 2188 suade,
855 2096 958 2192 idest,
984 2116 1121 2192 speras,
1147 2098 1206 2168 cte
1222 2099 1247 2169 ’t
1269 2099 1354 2186 sote,
1385 2096 1545 2174 existens

372 2218 409 2292 lu
435 2217 638 2312 scorpione,
662 2219 845 2309 inflammo
870 2218 976 2307 altor,
994 2214 1091 2291 circa
1119 2215 1352 2291 medietatem
1373 2216 1543 2311 octobris,

371 2338 431 2411 cde
456 2338 606 2429 queldo
631 2342 757 2428 Romu,
782 2335 884 2431 idest,
911 2337 1023 2410 homo
1053 2336 1213 2411 existens
1243 2336 1382 2431 Romae,
1408 2340 1435 2410 tt
1463 2338 1546 2411 cede

372 2458 516 2551 quando
544 2460 643 2546 code,
670 2454 771 2549 idest,
798 2453 946 2549 quando
976 2461 1030 2531 est
1061 2455 1098 2528 in
1130 2475 1275 2550 occasu,
1306 2463 1364 2529 tro
1389 2459 1498 2531 Sardi
1528 2478 1547 2531 e

377 2578 488 2650 norst.
507 2575 560 2649 lld
586 2575 685 2669 quod
711 2582 765 2650 est
790 2574 979 2650 sciendum
1006 2575 1105 2669 quod
1121 2576 1175 2649 sol
1194 2583 1281 2649 tunc
1298 2577 1446 2670 quando
1465 2585 1547 2652 ten-

376 2697 427 2772 dit
452 2696 498 2770 ad
523 2716 694 2771 occasum
722 2694 885 2791 splendet
910 2715 1040 2770 versus
1071 2696 1227 2770 Romam
1261 2696 1357 2771 iuter
1389 2696 1546 2771 insulam

376 2818 561 2895 Corsicam
594 2823 631 2891 et
665 2816 880 2911 Sardiniam,
913 2816 962 2890 ita
996 2815 1095 2909 quod
1125 2816 1269 2890 romani
1303 2817 1426 2892 vident
1459 2838 1546 2892 eum

375 2939 626 3037 splendentem
654 2936 691 3009 in
716 2936 825 3011 lacies
851 2956 995 3031 corum,
1014 2936 1041 3010 si
1063 2936 1146 3031 quis
1165 2938 1358 3033 prospiciat
1382 2938 1476 3013 inter
1493 2938 1550 3012 di·

378 3066 457 3135 ctas
470 3058 616 3151 insulas,
635 3056 722 3151 quia
734 3055 852 3131 Roma
866 3055 1012 3151 respicit
1025 3048 1288 3151 Arphaciuml⁴l
1306 3058 1404 3151 quod
1421 3064 1477 3133 est
1492 3058 1549 3130 in-

378 3188 435 3255 ter
452 3177 696 3253 meridianum
714 3184 752 3252 et
768 3176 945 3252 occidens.
956 3182 1047 3251 -Ε
1064 3180 1173 3270 puell.
1189 3178 1253 3253 llic
1270 3184 1377 3273 poeta
1395 3178 1550 3253 ostendit

379 3297 565 3393 quomodo
591 3296 701 3370 luerit
725 3316 926 3371 conuersus
945 3296 996 3371 ad·
1014 3317 1147 3371 nouam
1167 3296 1361 3373 materiam
1383 3296 1548 3391 accidie,

378 3424 415 3494 et
432 3417 512 3492 vult
529 3416 662 3511 dicere,
681 3414 779 3511 quod
800 3435 886 3489 cum
905 3422 1128 3491 exoneratus
1150 3438 1285 3512 magno
1302 3417 1464 3512 pondere
1480 3416 1551 3490 du-

379 3538 526 3614 biorum
553 3537 664 3612 vellet
689 3536 874 3611 modicum
901 3536 990 3611 dare
1015 3556 1055 3611 se
1079 3536 1155 3611 otio
1172 3544 1208 3611 et
1230 3536 1354 3633 quieti,
1373 3529 1572 3613 excitatus·

376 3662 436 3734 'est
461 3678 483 3731 a
510 3676 606 3731 nova
626 3662 737 3751 gente
754 3676 838 3749 quae
855 3655 1031 3730 velociter
1048 3656 1223 3731 currebat
1240 3676 1306 3752 per
1325 3657 1423 3731 vlam
1440 3658 1551 3733 illam.

382 3778 474 3852 Dicit
492 3797 601 3874 ergo:
623 3782 656 3850 E
670 3778 769 3869 puclt’
782 3776 907 3850 omtro
922 3778 1040 3868 pontit,
1058 3776 1149 3850 idest
1174 3776 1297 3851 anima
1323 3778 1452 3853 nobilis
1471 3778 1554 3853 Vir·

383 3898 470 3995 gilii,
497 3919 571 3972 non
596 3896 782 3972 nobilitate
807 3896 953 3993 generis
974 3896 1037 3973 sed
1063 3898 1208 3972 virtutis
1233 3904 1270 3973 et
1295 3900 1464 3997 scientiae,
1487 3920 1570 3995 per·

381 4020 637 4109 1111111111,
663 4017 766 4112 idest,
787 4016 998 4092 nominatur
1023 4022 1060 4091 et
1085 4016 1306 4112 celebratur,
1333 4022 1473 4113 Pietole
1499 4021 1556 4095 vi-

382 4158 450 4213 cus
464 4128 502 4230 (¹)
529 4144 584 4213 est
608 4158 744 4233 paruus
769 4138 869 4213 unde
885 4136 953 4211 luit
972 4136 1151 4212 oriundus
1182 4137 1362 4234 Virgilius,
1383 4139 1447 4234 qui
1467 4140 1554 4215 olim

385 4258 587 4333 vocabatur
612 4255 743 4352 Andes,
766 4252 827 4350 ptri
844 4260 904 4331 cle
920 4259 1003 4331 vitta
1021 4264 1250 4348 mootooouo,
1268 4257 1344 4332 imo
1361 4258 1437 4353 ipsa
1454 4260 1556 4335 llan-

387 4385 449 4452 tua
476 4378 557 4472 plus
584 4376 769 4451 nobilitata
795 4384 851 4453 est
874 4376 1023 4453 nominc
1040 4374 1179 4473 Virgilii
1196 4398 1309 4471 quarn
1329 4378 1557 4475 antiquitate,

383 4496 629 4597 pulcritudine
644 4498 703 4571 vel
719 4495 890 4573 felicitate
899 4487 935 4589 (³)
953 4517 1033 4591 sua,
1051 4500 1195 4591 deposta
1211 4520 1301 4572 coco
1321 4502 1358 4573 to
1381 4521 1482 4573 soma
1503 4504 1562 4575 dcl

364 4622 458 4693 ‚nnio
483 4638 627 4711 carcar,
653 4618 754 4711 idest,
774 4618 846 4693 mei
863 4616 976 4711 dubii,
997 4617 1096 4713 quod
1122 4618 1230 4693 nimis
1254 4619 1431 4716 gravabat
1451 4641 1558 4696 men-

317 4810 319 4815 .
388 4748 462 4816 tem
493 4759 630 4833 meam,
652 4740 831 4831 perct’tc,
866 4738 1016 4811 ct’oueo
1048 4740 1173 4812 motta
1204 4740 1240 4811 lo
1271 4742 1402 4831 ropioo
1434 4751 1560 4833 operto

384 4882 406 4933 1
428 4862 553 4953 picoto,
580 4878 692 4953 quam
719 4855 890 4953 Virgilius
919 4854 1057 4933 lecerat
1088 4858 1273 4953 solvendo,
1299 4879 1411 4952 sopra
1438 4864 1469 4934 tc
1493 4864 1560 4935 mie

452 5047 479 5110 (¹1
495 5046 553 5097 cosl
568 5044 679 5109 leggono
696 5044 704 5094 l
720 5042 806 5095 Codlct
822 5044 1001 5095 Laurentium.
1157 5045 1186 5109 (¹)
1202 5050 1257 5108 111,
1274 5045 1348 5097 locus
1363 5050 1403 5097 111
1415 5059 1519 5110 porrus.

453 5123 480 5189 (¹)
497 5127 551 5184 117,
569 5120 788 5174 torulus-n
805 5120 937 5173 lldclltatc.
