4542 6842
727 957 867 1013 cunnus
892 960 1051 1015 necinus
1077 960 1272 1015 seconnus.
1513 948 1583 1019 329

408 1101 554 1196 scilicet,
581 1104 713 1179 iratres
743 1112 780 1179 et
813 1105 942 1198 socios,
967 1108 1027 1179 cle
1043 1110 1078 1180 ’n
1103 1110 1281 1197 sennaar,
1307 1112 1486 1200 contrata,
1518 1126 1585 1179 con

408 1224 468 1313 lui,
485 1222 632 1317 scilicet,
650 1224 851 1302 Nembrotb
869 1226 1041 1320 superbo,
1061 1225 1202 1319 superbi
1214 1229 1310 1319 soro.
1332 1226 1376 1299 Et
1398 1225 1456 1300 bic
1483 1230 1583 1319 nota,

406 1341 508 1435 quod
533 1364 738 1437 numquam
765 1345 876 1421 credo
900 1345 1012 1423 luisse
1039 1346 1159 1421 maius
1184 1346 1243 1421 vel
1272 1345 1474 1419 mirabilius
1491 1366 1585 1439 opus

409 1461 446 1535 iu
477 1464 596 1558 terris,
627 1464 674 1539 de
706 1485 782 1560 quo
812 1465 992 1541 mirabilia
1020 1466 1146 1540 scribit
1175 1466 1331 1554 Quintus
1362 1466 1512 1541 Curtius
1541 1466 1586 1539 li-

408 1582 477 1658 bro
502 1584 547 1659 lV
572 1583 618 1659 de
643 1586 754 1681 gestis
779 1586 986 1661 Alexandri.
1006 1586 1097 1662 Dicit
1114 1587 1227 1680 enim,
1248 1587 1348 1682 quod
1372 1585 1585 1663 Semiramis

410 1703 567 1779 condidit
596 1704 832 1801 Babylonem,
863 1706 969 1781 cuius
1001 1728 1133 1781 murus
1164 1706 1292 1781 babuit
1324 1706 1361 1780 in
1395 1706 1584 1781 latitudine

410 1824 557 1920 triginta
583 1824 703 1920 pedes,
728 1825 778 1901 ita
804 1826 903 1921 quod
929 1826 1117 1922 quadrigae
1148 1826 1226 1901 sine
1257 1826 1422 1922 periculo
1450 1846 1585 1901 occur-

412 1942 541 2018 rebant
566 1945 652 2039 sibi;
683 1945 835 2021 altitudo
868 1946 934 2020 luit
967 1946 1233 2043 quinquaginta
1258 1946 1486 2041 cubitorum,
1512 1946 1586 2021 cir-

410 2063 531 2140 cuitus
556 2064 667 2139 totius
692 2064 812 2160 operis
838 2066 965 2141 babuit
991 2065 1259 2164 quadringenta
1284 2067 1477 2165 sexaginta
1501 2074 1586 2143 octo

410 2184 534 2259 stadia.
562 2184 765 2282 Euphrates
790 2208 947 2283 maguus
972 2188 1106 2263 lluvius
1124 2188 1298 2265 interfluit
1317 2189 1461 2282 urbem,
1479 2188 1585 2263 cuius

409 2324 500 2399 pons
525 2312 581 2379 est
607 2314 824 2383 numeratus
849 2308 944 2383 inter
964 2307 1145 2382 mirabilia
1165 2308 1325 2383 orientis.
1344 2309 1385 2381 lu
1405 2310 1474 2383 bac
1491 2308 1585 2383 urbe

410 2426 592 2520 superbus
616 2426 822 2502 Alexander
847 2428 946 2505 stetit
977 2428 1114 2503 diutius
1145 2450 1258 2521 quam
1284 2428 1322 2501 in
1347 2428 1471 2523 aliqua
1499 2429 1584 2520 alia,

412 2545 518 2619 cuius
549 2547 697 2621 luxuria
727 2548 889 2623 maxime
920 2548 1044 2623 nocuit
1077 2547 1250 2622 militibus
1282 2548 1381 2641 suis3
1415 2568 1501 2621 nam
1535 2546 1584 2622 ibi

411 2665 528 2763 pretio
553 2673 722 2761 parentes
756 2667 918 2743 vendunt
943 2668 1126 2743 libidinem
1154 2668 1340 2760 filiorum3
1366 2667 1430 2742 sed
1456 2674 1583 2761 postca

411 2786 529 2881 Cyrus
548 2806 612 2863 rex
638 2806 828 2880 persarum
848 2787 1141 2881 superbissimus,
1154 2788 1201 2862 de
1220 2808 1296 2881 quo
1312 2786 1454 2861 dicetur
1472 2787 1582 2881 paulo

414 2912 505 3001 post,
536 2906 737 3000 superbum
765 2907 904 2981 llumen
930 2908 1146 3001 humiliavit,
1172 2914 1210 2981 et
1240 2907 1437 3002 superbam
1464 2906 1583 3002 Baby·

412 3027 546 3101 ioniam
582 3026 734 3121 domuit,
769 3047 881 3121 quam
914 3028 1055 3103 evertit.
1090 3028 1335 3124 Hieronymus
1368 3048 1459 3103 vero
1497 3026 1584 3101 dicit

367 3144 369 3149 '
415 3146 578 3242 Babylon
609 3146 818 3241 metropolis
848 3146 1109 3241 chaldaeorum,
1139 3148 1245 3223 cuius
1270 3146 1368 3221 muri
1394 3146 1579 3223 sexdecim

413 3267 523 3343 millia
549 3287 724 3361 passuum
756 3286 822 3361 per
848 3266 1031 3361 quadrum
1063 3269 1110 3343 ab
1146 3269 1283 3366 angulo
1316 3268 1353 3341 in
1385 3268 1578 3364 angulum,

413 3385 510 3482 quod
538 3393 593 3461 est
618 3387 728 3461 simul
745 3386 934 3483 sexaginta
953 3395 1114 3482 quatuor
1132 3389 1254 3463 millia.
1267 3428 1316 3442 —
1330 3392 1370 3461 0.
1393 3388 1458 3463 llic
1475 3394 1583 3482 poeta

412 3506 582 3581 describit
607 3505 720 3580 alium
747 3513 873 3582 actum
900 3508 1134 3585 coenatum
1160 3508 1341 3603 superbiae
1363 3506 1474 3581 unius
1499 3528 1584 3581 mu·

413 3626 521 3701 lieris.
548 3625 601 3699 Ad
629 3626 728 3720 quod
754 3633 810 3701 est
834 3628 996 3703 breviter
1022 3626 1353 3721 sciendum,qu0d,
1374 3626 1469 3701 sicut
1493 3625 1586 3701 scri·

414 3747 465 3821 bit
498 3746 649 3823 Ovidius
681 3748 780 3825 clare
814 3748 858 3821 Vl
887 3748 1042 3843 Maioris,
1058 3749 1184 3823 =Niobe
1208 3748 1281 3823 lilia
1312 3747 1453 3822 Tantali
1486 3746 1585 3843 regis

411 3868 613 3943 avarissimi
640 3868 819 3962 omnium,
847 3868 933 3962 quia
959 3888 1006 3943 ex
1031 3868 1185 3944 avaritia
1212 3868 1374 3943 nascitur
1399 3866 1584 3963 superbia,

412 3995 450 4064 et
476 4010 571 4064 uxor
597 3990 808 4086 Amphionis
834 3989 931 4086 regis
956 3989 1165 4063 Thebarum
1185 3997 1266 4084 post
1286 3989 1464 4065 infelicem
1491 3989 1585 4065 Cad-

413 4130 529 4203 mum,
554 4109 702 4185 devenit
727 4130 792 4206 per
818 4108 1026 4206 superbiam
1054 4109 1091 4183 in
1116 4116 1259 4185 tantam
1282 4109 1458 4185 insaniam
1485 4108 1586 4205 quod

414 4228 609 4323 spernebat
622 4230 797 4305 Latonam
817 4230 936 4322 deam,
951 4250 1036 4322 quae
1058 4229 1191 4304 dicitur
1211 4230 1322 4305 luisse
1339 4236 1459 4305 mater
1476 4230 1585 4324 Apol·

412 4349 493 4425 linis
513 4356 550 4423 et
575 4348 711 4444 Dianae,
730 4355 772 4423 ut
790 4349 934 4425 dicetur
959 4350 1066 4444 plene
1090 4350 1250 4445 capitulo
1266 4350 1334 4423 XX
1352 4350 1462 4425 buius
1490 4351 1585 4445 libri,

413 4476 450 4545 et
475 4468 620 4543 vetabat
646 4468 745 4542 illam
773 4468 853 4562 coli,
879 4468 1041 4565 glorians
1066 4478 1103 4544 et
1128 4470 1307 4545 extollens
1336 4489 1377 4545 se
1402 4470 1449 4545 de
1474 4472 1585 4545 nobili

411 4590 527 4684 prole,
557 4588 645 4683 quia
672 4589 831 4665 habebat
861 4596 1001 4685 septem
1030 4589 1122 4664 tilios
1149 4590 1332 4665 masculos
1364 4597 1403 4665 et
1434 4590 1583 4667 totidem

412 4708 590 4803 loeminas,
616 4708 678 4783 sed
705 4708 742 4783 iu
768 4707 963 4785 vindictam
991 4709 1172 4805 superbiae
1197 4730 1275 4783 suae
1299 4728 1429 4783 omnes
1452 4708 1513 4783 lilii
1529 4710 1585 4785 di-

411 4833 548 4903 cuntur
572 4828 739 4924 sagiptatl
765 4830 813 4905 ab
837 4829 1002 4925 Apolline
1028 4837 1064 4905 et
1085 4849 1217 4903 omnes
1238 4829 1321 4903 flttae
1345 4850 1368 4904 a
1394 4829 1519 4923 Diana,
1537 4850 1582 4905 ex

413 4968 488 5042 quo
512 4947 588 5041 ipsa
615 4968 792 5043 conversa
818 4949 951 5024 dicitur
982 4949 1018 5022 in
1049 4970 1193 5023 sarum.
1220 4949 1297 5022 lloc
1326 4949 1420 5024 lorte
1452 4949 1585 5025 indicat

413 5069 512 5164 quod
537 5076 676 5165 septem
704 5070 764 5145 tilii
791 5069 953 5167 percussi
979 5076 1065 5143 sunt
1087 5070 1134 5144 ab
1155 5069 1319 5164 Apolline
1344 5070 1415 5145 deo
1440 5070 1585 5165 sapien·
