4542 6842
680 921 755 989 284
1043 932 1247 989 counnruu
1272 933 1494 988 euaseroan

680 1084 766 1152 teme
791 1080 900 1170 officio
925 1098 997 1151 non
1022 1096 1224 1171 commosse,
1251 1079 1338 1173 quia
1364 1080 1490 1175 punita
1517 1087 1572 1155 est
1589 1080 1778 1155 evidenter
1798 1086 1856 1154 te·

681 1196 830 1271 meritas
854 1198 950 1291 liza,
977 1218 1061 1293 quae
1085 1205 1141 1273 est
1171 1199 1310 1295 species
1342 1199 1536 1294 superbias,
1567 1200 1603 1274 in
1637 1221 1713 1294 quo
1744 1200 1855 1274 datur

680 1317 905 1411 exemplum,
932 1317 1030 1411 quod
1057 1319 1169 1393 bomo
1196 1340 1270 1393 non
1295 1319 1500 1395 immisceat
1515 1340 1557 1395 se
1576 1320 1696 1395 officio
1721 1320 1855 1414 alieno,

680 1456 728 1510 ne
753 1436 808 1511 ira
833 1437 976 1511 Domini
1002 1438 1125 1513 veniat
1150 1460 1263 1535 super
1287 1459 1386 1516 eum.
1413 1439 1458 1513 Et
1483 1440 1540 1515 bic
1566 1447 1652 1514 nota
1672 1440 1772 1535 quod
1788 1440 1855 1514 ali-

680 1558 744 1652 qui
769 1558 906 1652 dicunt,
933 1559 1031 1653 quod
1054 1560 1120 1635 iste
1136 1562 1222 1653 oza,
1243 1567 1350 1635 nocte
1366 1562 1608 1655 precedente,
1629 1567 1855 1657 cognoverat

625 1672 628 1677 ’
681 1699 839 1754 uxorem
872 1700 992 1774 suam,
1023 1679 1104 1755 ideo
1134 1702 1209 1755 non
1238 1681 1366 1756 debuit
1396 1681 1564 1756 manibus
1596 1684 1742 1778 pollutis
1772 1690 1854 1757 tant·

679 1819 770 1895 gere
797 1820 875 1873 rem
902 1820 1060 1892 sacram,
1081 1800 1165 1875 licet
1182 1800 1323 1895 absque
1348 1802 1417 1876 boc
1442 1801 1518 1896 ipse
1538 1801 1648 1877 luerit
1672 1801 1710 1875 in
1737 1802 1855 1875 mani·

680 1919 772 1993 lesta
797 1922 917 2014 culpa,
943 1920 1029 2013 quia
1055 1942 1128 1995 non
1158 1920 1269 1995 debet
1299 1920 1474 2015 profanus
1507 1926 1659 2017 tangere
1689 1940 1768 1995 rem
1795 1942 1856 1995 sa·

680 2059 795 2133 cram,
813 2060 899 2113 cum
913 2040 959 2113 sit
971 2042 1113 2117 crimen
1130 2042 1320 2138 sacrilegii.
1336 2043 1375 2115 ln
1393 2046 1514 2115 morte
1530 2040 1628 2115 enim
1640 2038 1677 2133 (¹)
1697 2049 1851 2139 purgata

680 2165 736 2233 est
760 2159 947 2234 temeritas
972 2161 1069 2253 Ozae,
1095 2168 1132 2236 et
1157 2161 1235 2256 ipse
1260 2162 1422 2235 salvatus
1446 2168 1512 2236 est
1539 2162 1584 2235 Et
1614 2162 1728 2257 tangit
1753 2162 1853 2257 jubi-

680 2279 853 2353 lationem
879 2281 1014 2375 populi,
1039 2282 1183 2356 dicens:
1210 2284 1369 2372 dinanzi,
1391 2281 1494 2375 idest,
1521 2289 1607 2356 ante
1631 2282 1765 2357 dictam
1784 2284 1855 2356 br·

681 2417 775 2491 cam,
799 2410 1050 2492 personante,
1076 2402 1223 2496 scilicet,
1251 2403 1498 2496 hebraeorum,
1524 2404 1664 2497 sculpta
1690 2404 1727 2477 in
1754 2425 1855 2478 mar-

683 2540 798 2613 more,
817 2542 835 2593 e
860 2528 945 2594 tutto
969 2529 1102 2615 quanto
1123 2526 1259 2615 partita
1276 2526 1313 2595 in
1327 2530 1409 2597 sette
1428 2526 1516 2615 cori,
1533 2528 1639 2619 socen
1658 2527 1717 2598 dir
1736 2528 1771 2597 α’
1784 2526 1854 2598 duo

682 2644 761 2714 ncici
789 2645 892 2733 sensi,
919 2641 1064 2738 scilicet,
1097 2643 1190 2717 visui
1217 2650 1255 2718 et
1286 2644 1440 2737 auditui,
1479 2648 1562 2717 tun
1591 2666 1676 2736 non,
1706 2644 1854 2738 scilicet,

683 2767 818 2853 cantat,
847 2761 934 2855 quia
959 2761 1106 2838 auditus
1124 2763 1210 2837 nibil
1226 2763 1409 2858 audiebat,
1427 2767 1555 2837 tolno
1571 2757 1603 2837 si
1622 2772 1748 2856 contem
1766 2765 1854 2859 quia

682 2882 782 2957 visus
807 2882 1015 2957 affirmabat
1040 2892 1203 2979 cantum,
1224 2885 1287 2959 scd
1309 2884 1456 2959 auditus
1480 2886 1649 2981 negabat.
1667 2887 1712 2958 Et
1729 2884 1855 2959 similis

625 3080 629 3101 ἲ
682 3023 805 3098 pugna
840 3008 920 3077 erat
950 3003 1044 3079 inter
1074 3004 1169 3079 duos
1199 3026 1327 3080 sensus
1358 3006 1395 3078 in
1422 3006 1517 3079 lacto
1552 3005 1852 3101 thurificationis3

682 3123 781 3197 unde
805 3121 912 3196 dicit:
933 3126 1134 3198 sinntmente
1157 3129 1406 3217 ytemestan
1434 3148 1538 3218 noso,
1564 3126 1666 3220 idest,
1693 3128 1791 3200 visus
1816 3134 1855 3203 et

682 3244 867 3337 odoratus,
878 3248 969 3339 sensi
981 3246 1136 3319 discordi
1152 3250 1192 3319 ot
1202 3251 1301 3340 fumo
1318 3250 1408 3338 dent
1420 3251 1552 3321 tinent
1563 3251 1623 3321 cie
1640 3250 1672 3320 o'
1682 3270 1746 3321 ero
1762 3252 1855 3321 imo·

680 3366 815 3455 dinato,
850 3362 951 3457 idest,
979 3363 1160 3461 figuratus
1184 3366 1245 3460 ibi,
1271 3373 1305 3439 et
1327 3370 1366 3439 ot
1388 3360 1419 3439 si
1443 3375 1476 3441 et
1498 3370 1538 3440 ot
1563 3389 1635 3462 no,·
1661 3368 1759 3463 qrtia,
1786 3368 1857 3443 sci·

682 3482 776 3575 licet,
804 3482 903 3555 visus
927 3483 1138 3558 affirmabat
1170 3490 1208 3561 et
1235 3485 1402 3561 dicebat:
1435 3508 1523 3561 vere
1556 3488 1614 3562 bic
1646 3495 1702 3562 est
1731 3489 1856 3561 sumus

649 3674 653 3685 ,
683 3603 969 3695 thuribulorum,
996 3605 1059 3679 sed
1091 3606 1272 3683 ellatuse
1310 3614 1438 3681 contra
1473 3628 1546 3681 non
1576 3609 1736 3682 sentiens
1766 3607 1856 3681 odo-

591 3774 595 3781 ·
683 3742 763 3799 rem
796 3724 1011 3821 denegabat.
1025 3719 1135 3797 -Li
1172 3726 1237 3799 Hic
1271 3724 1377 3822 poeta
1408 3728 1578 3802 describit
1611 3728 1853 3802 bumilitatem

679 3863 855 3939 magnam
890 3844 1002 3919 David
1036 3852 1072 3919 et
1106 3846 1316 3941 superbiam
1351 3847 1497 3941 nichol,
1537 3848 1683 3923 dicens:
1719 3852 1741 3921 l’
1754 3852 1856 3921 tende

683 3966 854 4053 salmistn,
872 3964 1017 4058 scilicet,
1035 3965 1149 4038 David
1167 3966 1231 4060 qui
1258 3966 1342 4041 lecit
1367 3968 1537 4063 psalmos
1550 3972 1746 4061 precedens
1771 3962 1794 4041 d
1818 3972 1858 4041 ot

683 4084 856 4156 benedetto
883 4104 982 4174 vaso,
1008 4083 1109 4177 idest,
1140 4086 1456 4180 processionaliter
1489 4088 1565 4162 ibat
1599 4094 1677 4183 post
1710 4089 1856 4182 Arcam,

684 4206 817 4294 olzoto,
845 4224 949 4279 more
974 4206 1201 4298 sacerdotali,
1224 4211 1422 4297 trescondo,
1440 4208 1532 4283 idest
1556 4210 1786 4283 chorizando.
1813 4210 1857 4281 m

685 4344 758 4397 non
772 4324 891 4398 rideas
909 4324 1118 4420 bic‚lector‚
1133 4326 1162 4399 si
1181 4327 1248 4400 iste
1263 4327 1477 4424 magnificus
1495 4334 1531 4403 et
1548 4336 1677 4424 potens
1690 4350 1755 4403 rex
1770 4327 1857 4402 reli-

684 4443 786 4539 giose
812 4445 966 4519 saltabat
983 4445 1052 4539 bic,
1072 4466 1158 4519 cum
1182 4446 1256 4520 dur
1284 4458 1461 4521 romanus
1481 4469 1645 4545 paganus
1670 4448 1857 4523 saltaverit

683 4582 770 4637 cum
797 4569 901 4638 scuto
927 4565 973 4638 ad
999 4566 1135 4639 collum
1162 4566 1209 4640 ad
1235 4567 1450 4641 mandatum
1476 4567 1684 4661 sacerdotis,
1707 4580 1749 4645 ut
1771 4569 1857 4642 dicit

686 4682 869 4777 Valeri'ns3
896 4690 933 4759 et
957 4685 1060 4759 dicit:
1088 4708 1107 4758 e
1129 4681 1191 4779 pid
1216 4708 1236 4759 e
1259 4708 1337 4760 men
1361 4690 1485 4761 cdere
1509 4710 1574 4761 cro
1592 4692 1630 4762 in
1654 4692 1735 4781 quel
1753 4710 1855 4761 caso:

685 4812 765 4878 erat
790 4806 872 4898 plns
898 4827 1009 4900 quam
1038 4826 1115 4899 rex,
1142 4807 1229 4900 quia
1260 4808 1297 4880 in
1330 4808 1453 4881 babitu
1485 4810 1710 4904 sacerdotali,
1737 4819 1775 4884 et
1804 4809 1858 4883 di·

747 5063 774 5125 [¹)
792 5065 845 5121 tlt,
862 5076 926 5127 ergo
942 5070 1058 5129 purgata.
