4542 6842
719 978 858 1037 caurus
876 980 1039 1045 'occutus
1062 980 1234 1043 cornum.
1491 962 1565 1043 aba

392 1119 487 1201 intra
499 1122 664 1201 domum.
677 1122 754 1197 Hoc
768 1118 969 1217 dicebatd),
984 1124 1070 1219 quia
1089 1123 1235 1217 mulier,
1249 1124 1398 1218 quando
1414 1129 1470 1199 est
1486 1123 1563 1204 dte·

392 1242 565 1337 nonna,
581 1242 738 1321 vducitur
761 1244 810 1319 ad
835 1252 1003 1322 sanctum
1026 1247 1222 1323 Zenonem.
1240 1246 1285 1322 lit
1307 1244 1439 1321 ultimo
1455 1250 1563 1339 pocla

391 1362 585 1455 concludit,
610 1363 708 1457 quod
735 1383 807 1437 non
840 1369 957 1458 polest
987 1365 1093 1459 plura
1126 1363 1267 1439 referre
1291 1364 1338 1439 dc
1367 1364 1464 1441 dicto
1486 1364 1564 1459 spi.-

392 1482 477 1558 ritu.
504 1482 605 1558 Unde
629 1482 732 1557 dicit:
758 1485 794 1557 io
818 1504 890 1557 noo
913 1506 955 1561 so
978 1505 1016 1557 se
1036 1479 1098 1577 pid
1123 1487 1228 1575 disse,
1247 1505 1270 1557 o
1288 1487 1561 1577 sectaeque,
1678 1498 1687 1519 ·

390 1610 488 1679 lanto
521 1621 584 1675 era
613 1592 675 1693 pld
703 1605 741 1677 dt
765 1594 800 1677 ld
830 1606 880 1677 da
910 1607 971 1677 noi
1004 1612 1197 1697 trascorso,
1234 1604 1322 1698 quia
1356 1624 1562 1697 numquam

391 1722 579 1801 dimiserat
603 1742 755 1797 cursum
771 1715 808 1813 (²)
836 1732 985 1819 propter
1012 1724 1130 1818 loqui3
1148 1744 1208 1797 mc
1224 1731 1342 1817 questo
1359 1727 1459 1799 mtesi
1476 1745 1495 1797 c
1510 1726 1565 1796 si·

388 1850 487 1925 aner
510 1846 560 1919 mi
577 1848 735 1937 mosque.
761 1843 870 1933 Quasi
897 1845 1011 1919 dicat:
1038 1846 1107 1921 boc
1133 1866 1250 1918 unum
1273 1844 1408 1935 notavi,
1426 1849 1468 1916 ut
1486 1862 1565 1919 me

391 1964 548 2041 moriam
574 1964 704 2039 iaciant
724 1954 760 2057 (³)
790 1964 837 2039 ad
871 1964 1104 2061 arguendum
1131 1965 1327 2041 violatores
1358 1984 1563 2045 sacrorum.

464 2090 497 2162 Ε
520 2088 606 2177 quei.
625 2086 695 2160 ista
716 2096 772 2161 cst
789 2086 916 2179 quinta
937 2075 1070 2181 parati)
1091 2091 1129 2160 et
1147 2085 1287 2177 ultima,
1304 2086 1340 2158 in
1362 2106 1437 2181 qua
1457 2092 1564 2179 poeta

389 2206 497 2281 docet
523 2204 640 2281 vitare
663 2205 850 2298 accidiam,
876 2206 1071 2283 ostendens
1097 2207 1177 2282 cius
1194 2206 1315 2281 tristes
1338 2205 1564 2288 ollactus-lit

390 2326 518 2421 pulcre
543 2326 646 2423 fingit
675 2326 775 2419 quod
807 2326 977 2423 Virgilius
1002 2326 1159 2401 ostendit
1172 2317 1210 2417 (⁶)
1235 2326 1303 2400 sibi
1335 2325 1429 2401 duos
1459 2324 1564 2401 dete-

390 2451 527 2523 stantes
551 2445 737 2521 accidiam.
765 2445 857 2520 Dicit
885 2467 996 2543 ergo:
1022 2451 1055 2520 E
1077 2450 1168 2540 quet,
1202 2447 1350 2541 scilicet,
1379 2446 1560 2543 Virgilius,

390 2570 450 2643 cic
474 2568 596 2639 rn'ero
621 2569 671 2639 ad
694 2570 778 2657 opat
802 2588 892 2658 uopo
921 2588 1096 2661 soncorso,
1128 2567 1187 2644 bic
1219 2566 1318 2643 euim
1351 2568 1557 2663 indigebam

389 2707 584 2779 succursu,
609 2685 696 2779 quia
722 2706 795 2760 non
822 2694 988 2781 poteram
1014 2688 1173 2783 amplius
1190 2687 1315 2763 ridere
1335 2687 1473 2761 dictum
1491 2688 1564 2782 spi-

392 2808 525 2901 ritum3
550 2807 632 2883 idco
658 2827 705 2881 ne
730 2808 922 2901 perderem
940 2814 1096 2903 tempus,
1114 2811 1225 2883 dosa:
1241 2811 1361 2899 volpiti
1385 2830 1468 2901 pua,
1491 2809 1562 2885 sci·

391 2929 486 3022 licet,
511 2948 534 3001 a
560 2933 676 3023 tergo,
703 2930 822 3001 ocdtnc
846 2931 934 3021 dac;
960 2928 1011 3002 sic
1041 2927 1123 3003 ride
1154 2928 1254 3024 quod
1288 2935 1395 3024 poeta
1427 2949 1561 3024 magua

390 3054 472 3125 arte
497 3046 599 3142 fingit
616 3047 713 3141 quod
732 3046 806 3122 duo
824 3047 971 3142 spiritus
988 3047 1095 3143 primi
1119 3048 1257 3123 vadunt
1273 3053 1461 3123 cantantes
1480 3048 1564 3124 lau.-

391 3168 455 3243 des
479 3166 716 3261 solicitorum,
743 3166 837 3241 sicut
861 3167 1014 3241 Caesaris
1038 3173 1076 3241 et
1100 3166 1234 3261 Mariae,
1255 3172 1292 3241 et
1317 3167 1377 3241 alil
1402 3167 1477 3243 duo
1503 3168 1561 3243 ui·

390 3286 469 3361 timi
495 3286 811 3381 percontrarium
839 3285 977 3360 vadunt
1007 3286 1187 3361 cantando
1218 3286 1377 3361 convitia
1404 3288 1562 3363 accidio-

389 3428 529 3483 sorum.
562 3406 664 3481 Unde
695 3407 796 3483 dicit:
828 3410 927 3481 venir
957 3410 1077 3481 dando
1110 3410 1171 3481 oil’
1184 3410 1321 3481 accidia
1353 3410 1392 3481 di
1425 3429 1559 3514 morso,

389 3528 493 3621 idest,
519 3526 739 3602 mordaciter
774 3526 968 3602 lacerando
999 3537 1037 3606 et
1065 3527 1305 3621 vituperando
1340 3534 1378 3602 et
1411 3528 1563 3623 merito;

391 3646 489 3723 unde
515 3651 611 3739 nota,
638 3654 674 3721 te
700 3666 802 3742 rogo,
829 3646 928 3740 quod
954 3646 1091 3747 accidia
1117 3648 1228 3721 tristis
1254 3654 1374 3723 mater
1391 3648 1467 3740 otii,
1492 3670 1564 3725 uu,-

294 3778 297 3785 ‘
390 3768 463 3845 trix
489 3766 652 3860 libidinis,
668 3766 845 3840 tardatrlx
872 3786 1041 3862 operum,
1059 3767 1204 3843 inimica
1226 3770 1409 3864 laborum,
1429 3769 1565 3863 premit
1650 3760 1656 3767 ’

390 3887 570 3979 animum,
583 3886 670 3982 ligat
684 3886 863 3980 membra,
875 3888 1066 3963 marcescit
1082 3888 1202 3982 sorde
1215 3888 1431 3983 improvida,
1449 3908 1562 3983 caca,

391 4008 507 4085 amica
547 4005 677 4099 somni,
712 4006 790 4081 sine
823 4006 903 4082 nlla·
930 4006 1100 4091 laudabili
1125 4027 1237 4100 cura;
1267 4009 1450 4083 contraria
1466 4014 1562 4089 stu·

390 4129 461 4223 dio,
487 4127 584 4203 socia
611 4125 772 4223 pigritia,
799 4126 1004 4222 praenuntia
1030 4128 1265 4224 paupertatis,
1284 4128 1430 4222 inutilis,
1455 4131 1563 4205 steri-

390 4249 444 4344 lis,
472 4255 617 4323 mortua
652 4246 740 4321 dum
774 4248 872 4321 vivit.
896 4287 946 4301 -
965 4251 1118 4321 Diretro.
1155 4248 1220 4323 llic
1254 4255 1363 4342 poeta
1392 4248 1564 4328 describit

390 4375 540 4445 cautum
568 4368 734 4459 istorum,
752 4372 788 4443 et
810 4367 895 4442 dicit
915 4367 1015 4461 quod
1031 4367 1150 4461 primo
1166 4369 1362 4443 cantabant
1383 4368 1561 4449 accidiam

390 4487 670 4565 intelicissimam
699 4486 1025 4567 hebraeorumbd
1049 4487 1149 4581 quod
1173 4495 1229 4563 est
1253 4488 1441 4563 sciendum
1461 4489 1560 4585 quod

378 4609 490 4686 uuila
503 4627 593 4704 gens
608 4606 723 4703 magis
741 4606 904 4701 peccavit
918 4627 984 4701 per
997 4606 1172 4683 accidiam
1186 4628 1299 4702 quam
1317 4608 1464 4700 hebraei,
1474 4629 1561 4693 cum

387 4729 495 4805 nulla
505 4727 621 4824 magis
639 4734 827 4803 teneretur
845 4746 1068 4823 cognoscere
1081 4728 1200 4805 Deum
1214 4735 1252 4803 et
1265 4749 1435 4823 quaerere
1447 4730 1562 4805 bene-

452 4948 479 5011 (¹l
495 4948 525 4997 lt.
541 4948 600 4998 ilco
615 4948 718 5007 (licitur,
735 4949 803 5011 qula.
976 4943 1004 5007 (¹)
1021 4948 1075 5003 ill,
1091 4944 1165 5010 loqui
1181 4952 1288 5009 propter
1304 4960 1429 5009 cursum3
1445 4962 1499 4997 mo.

451 5024 477 5086 l'l
495 5029 550 5087 ¹¹⁷,
566 5024 688 5076 succrem-
977 5024 1004 5083 l'l
1020 5025 1074 5084 lli,
1091 5024 1219 5087 pamicula
1235 5024 1262 5073 lu
1278 5038 1338 5088 qun.

452 5103 480 5163 ι’)
497 5105 551 5163 lli,
566 5100 717 5157 mundent.
