4542 6842
812 975 951 1031 caurus
975 976 1136 1031 ruamus.
1512 964 1559 1031 87

389 1123 517 1199 surius
531 1114 582 1217 (¹),
608 1120 831 1198 centenero
857 1122 968 1218 vulgo
995 1128 1148 1197 vocatur
1170 1120 1345 1196 Summa:
1373 1122 1431 1196 hic
1456 1142 1562 1196 mons

390 1243 525 1338 biceps,
551 1243 757 1337 imperante
772 1242 929 1336 Nerone,
948 1242 1064 1317 lactus
1081 1247 1136 1317 est
1152 1242 1296 1336 ardens,
1314 1248 1352 1317 et
1365 1262 1429 1337 per
1448 1242 1562 1316 multa

390 1364 525 1439 secula
550 1363 674 1461 ignem
700 1362 829 1437 emisit.
855 1362 910 1437 nd
935 1362 1034 1457 quod
1058 1364 1308 1458 spectaculum
1332 1363 1417 1437 olim
1438 1384 1563 1439 acces-

391 1491 438 1558 srt
462 1484 598 1558 Plinius
622 1483 806 1559 secundus
828 1482 1041 1558 veronensis
1059 1484 1177 1579 gratia
1198 1484 1342 1559 videndi
1364 1491 1401 1559 ct
1425 1505 1562 1580 cogno·

392 1604 515 1681 scendi
548 1624 679 1680 causas
709 1602 877 1697 incendii,
901 1603 966 1677 sed
997 1610 1107 1677 rento
1137 1604 1299 1679 cinerem
1331 1611 1369 1680 et
1402 1604 1561 1681 favillam

392 1726 575 1801 excitante
603 1745 798 1821 oppressus
828 1728 906 1816 est3
932 1723 1059 1817 sicque
1087 1722 1175 1795 illud
1209 1723 1342 1799 ardens
1373 1724 1560 1820 ingenium

393 1846 519 1921 vivum
536 1845 722 1940 sepultum
739 1850 795 1918 est
812 1843 849 1917 in
865 1842 1049 1917 cineribus
1066 1843 1144 1917 illis.
1163 1844 1221 1919 Sic
1239 1844 1406 1939 Neapolis
1424 1866 1469 1919 err
1490 1866 1562 1920 una

393 1972 498 2061 parte
527 1964 685 2039 custodit
715 1963 906 2060 Virgilium
938 1968 1195 2059 mantuanum,
1226 1985 1272 2039 er
1305 1964 1375 2039 alia
1408 1965 1562 2039 Plinium

394 2104 649 2178 veronensem,
674 2084 796 2158 virum
829 2082 1035 2178 multiplicis
1063 2083 1223 2159 scientiae
1257 2093 1294 2159 et
1326 2086 1462 2161 lloridae
1487 2086 1565 2161 elo-

393 2204 564 2300 quentiae.
595 2204 657 2277 list
683 2210 809 2279 autem
841 2204 909 2281 iste
938 2223 1044 2277 mons
1073 2203 1247 2279 mirabilis
1278 2206 1400 2281 lructu
1432 2207 1565 2280 molta-

394 2346 479 2399 rum
505 2344 646 2419 rerum,
671 2324 736 2399 sed
760 2323 945 2419 praecipue
971 2324 1140 2399 ubertate
1165 2325 1248 2419 vini,
1275 2326 1374 2420 quod
1399 2346 1564 2422 graecum

392 2445 608 2539 appellatur,
634 2445 721 2539 quia
746 2443 807 2518 illa
832 2462 917 2539 pars
941 2444 1052 2517 ltaliae
1077 2444 1164 2518 olim
1194 2466 1216 2519 a
1245 2445 1375 2541 graecis
1400 2466 1564 2541 possessa

393 2566 523 2661 Magna
548 2565 690 2639 Graecia
714 2564 925 2639 vocabatur.
953 2564 997 2637 m
1028 2570 1113 2639 nota
1139 2565 1238 2657 quod
1265 2576 1337 2641 tota
1366 2566 1425 2640 illa
1452 2565 1565 2663 regio,

395 2706 480 2781 quae
505 2685 613 2760 lrodie
636 2685 769 2759 dicitur
786 2684 898 2759 Terra
917 2684 1078 2779 Laboris,
1096 2685 1165 2759 luit
1181 2685 1278 2759 olim¹
1299 2707 1383 2779 pars
1409 2687 1565 2779 Campa·

395 2808 466 2882 niae
489 2813 529 2881 et
557 2812 717 2900 utraque
746 2805 939 2900 appellatio
968 2806 1016 2879 ab
1045 2805 1138 2879 urbe
1169 2804 1263 2881 lacta
1288 2815 1343 2882 est
1368 2828 1391 2881 a
1416 2828 1566 2903 campo-

396 2948 481 3001 rum
508 2926 701 3021 lertilitate,
726 2934 765 3001 et
790 2932 975 3001 terrarum
1003 2927 1119 3019 cultu,
1139 2927 1313 3019 quoniam
1339 2948 1431 3025 ager
1455 2928 1566 3003 Cam-

395 3069 513 3144 panus
544 3068 619 3122 non
652 3048 773 3121 solum
806 3047 1051 3142 pulcerrimus
1075 3046 1198 3140 ltaliae,
1229 3046 1292 3121 sed
1324 3048 1433 3124 etiam
1466 3050 1566 3123 orbis

396 3175 595 3261 terrarum,
632 3173 673 3241 ut
703 3167 754 3241 ait
785 3166 917 3240 Livius.
952 3167 1030 3241 Hoc
1060 3166 1142 3241 ideo
1174 3165 1339 3241 diliusius
1378 3168 1491 3265 tetigi,
1526 3177 1567 3243 ut

396 3288 519 3365 videas
543 3287 642 3383 quod
667 3294 774 3383 poeta
799 3287 908 3383 digne
925 3286 1051 3361 lecerit
1069 3287 1287 3363 memoriam
1305 3288 1352 3364 de
1370 3295 1469 3364 terra
1492 3290 1567 3365 ler-

394 3408 571 3501 tilissima,
597 3407 634 3481 in
659 3428 733 3501 qua
753 3407 878 3502 jacent
903 3428 985 3481 ossa
1003 3406 1179 3481 fructiferi
1201 3406 1334 3503 ingenii
1354 3415 1391 3482 et
1411 3409 1472 3482 alti
1491 3409 1568 3483 elo-

396 3528 473 3622 quii
499 3528 536 3601 io
554 3528 739 3601 montibus
756 3526 952 3601 lructileris
973 3533 1010 3601 et
1027 3526 1109 3600 altis
1128 3526 1225 3620 apud
1244 3528 1442 3622 Neapolim.
1461 3530 1567 3603 Nunc

398 3646 445 3721 ad
463 3647 628 3742 literam3
654 3647 739 3722 dicit
764 3646 950 3743 Virgilius:
978 3649 1108 3739 Napolt
1124 3649 1214 3738 tto,
1231 3646 1367 3721 scilicet
1383 3647 1471 3721 illud
1487 3669 1570 3723 cor-

396 3788 466 3863 pus
492 3787 617 3842 meum
644 3768 843 3861 sepultum,
868 3771 952 3840 cdo
967 3769 1164 3841 munditie
1186 3763 1207 3841 e*
1225 3770 1319 3858 totto,
1346 3768 1432 3861 quia
1449 3768 1569 3864 Virgi-

397 3887 467 3960 lius
492 3894 662 3961 mortuus
687 3898 743 3961 est
766 3886 947 3960 Brundisii
963 3878 1013 3979 (²),
1044 3894 1081 3961 et
1113 3887 1193 3961 eius
1224 3908 1306 3961 ossa
1338 3890 1453 3964 relata
1482 3896 1568 3962 sunt
1704 3916 1708 3931 ·

397 4006 597 4101 Neapolim,
628 4006 691 4080 obi
722 4015 948 4103 preceperat
972 4008 1125 4103 sepeliri.
1157 4008 1223 4081 dlii
1256 4014 1379 4083 tamen
1404 4009 1569 4083 scribunt

398 4127 498 4220 quod
523 4134 693 4202 mortuus
717 4139 773 4218 est
787 4118 826 4219 (³)
842 4128 940 4223 apud
958 4128 1170 4201 Tarentum.
1188 4128 1273 4203 Haec
1292 4130 1415 4204 omnia
1436 4131 1569 4205 eteius

396 4267 511 4342 opera
536 4254 738 4344 tanguntur
764 4232 801 4321 in
826 4248 906 4323 eius
932 4248 1034 4323 brevi
1061 4248 1253 4343 epitaphio,
1280 4250 1378 4342 quod
1406 4251 1478 4325 tale
1494 4257 1567 4325 est:

397 4373 547 4441 Mantua
563 4389 618 4442 me
632 4372 762 4459 penu,
779 4370 921 4442 Calabri
935 4390 1099 4462 rapuere,
1117 4376 1206 4442 tenet
1220 4390 1312 4442 nunc
1326 4373 1569 4465 Pmttcnope5

399 4489 507 4561 cecini
527 4509 675 4581 pascuo,
701 4510 806 4579 rura,
831 4491 947 4580 duces,
977 4488 1082 4583 quasi
1107 4489 1226 4563 dicat:
1246 4488 1370 4584 scripsi
1389 4490 1570 4587 Bucolica,

399 4608 591 4705 Georgica,
609 4608 755 4683 Eneida.
773 4608 827 4682 En
852 4609 956 4683 dictis
973 4607 1144 4705 Virgilius
1161 4609 1355 4703 concludit,
1373 4611 1472 4703 quod
1497 4633 1569 4686 non

399 4728 510 4804 debet
534 4729 662 4803 mirari
686 4729 717 4803 si
742 4750 816 4803 oon
841 4728 926 4804 lacit
957 4729 1141 4821 umbram,
1167 4734 1205 4803 et
1233 4728 1357 4825 arguit
1384 4750 1408 4803 a
1438 4730 1569 4807 minori

400 4855 439 4922 et
462 4868 486 4921 a
512 4847 630 4942 simili,
652 4849 738 4942 quia
756 4850 925 4925 videmus
941 4847 1039 4941 quod
1057 4868 1213 4943 corpora
1231 4847 1392 4923 coelestia
1413 4870 1486 4924 non
1503 4850 1572 4925 im-

467 5112 496 5174 (¹)
510 5112 542 5162 Ε.
560 5111 681 5165 Vesevus.
838 5113 865 5174 ζ’)
882 5111 1075 5163 1¹2.ande
1233 5110 1260 5174 (¹)
1276 5111 1307 5161 E.
1323 5112 1355 5161 cit
1371 5113 1448 5175 apud.
