4542 6842
736 978 807 1045 out
1093 987 1298 1042 sensurum
1322 984 1542 1041 runosrunn

733 1138 785 1209 tot
808 1155 945 1225 muco,
969 1133 1074 1227 idest,
1091 1153 1169 1228 non
1185 1132 1335 1207 auditur
1360 1131 1398 1205 in
1422 1130 1491 1205 isto
1516 1128 1662 1203 mortali
1687 1126 1837 1201 mundo.
1861 1124 1907 1199 Et

733 1254 855 1330 subdit
881 1252 1068 1348 quomodo
1093 1252 1249 1326 traxerit
1263 1244 1299 1345 (¹)
1322 1272 1398 1346 eos,
1417 1257 1455 1325 ct
1474 1269 1669 1345 perquem
1694 1247 1832 1341 locum,
1848 1244 1906 1320 di-

734 1394 840 1449 cens:
866 1376 956 1447 colui
980 1374 1041 1445 clte
1056 1364 1086 1445 st
1101 1376 1293 1465 partonne,
1311 1371 1446 1446 scilicet
1468 1371 1633 1467 angelus,
1651 1370 1828 1469 vetranio
1846 1388 1905 1458 so,

734 1517 864 1571 versus
888 1496 1004 1570 altum
1032 1500 1209 1587 montem,
1226 1514 1294 1567 con
1318 1495 1396 1566 toti
1419 1500 1551 1584 operte,
1578 1491 1712 1585 quibus
1737 1488 1907 1585 portabat

734 1616 904 1713 gratiam,
921 1618 981 1689 cte
997 1634 1135 1707 percon
1162 1616 1201 1687 di
1224 1616 1340 1704 agno,
1358 1612 1462 1707 qnasi
1479 1611 1586 1706 dicat,
1605 1612 1707 1685 albis.
1726 1610 1790 1683 Est
1806 1609 1905 1684 enim

735 1756 875 1833 cygnus
900 1734 978 1809 avis
999 1733 1095 1827 alba,
1113 1754 1261 1828 canora,
1279 1734 1338 1808 cni
1358 1739 1459 1807 recte
1475 1730 1657 1805 similatur
1673 1732 1827 1828 angelus
1844 1750 1907 1803 ra·

736 1860 834 1934 tione
863 1858 1049 1951 albedinis,
1080 1858 1168 1951 quia
1197 1864 1252 1932 est
1280 1855 1509 1952 purissimus,
1539 1859 1576 1930 et
1605 1855 1747 1929 ratione
1776 1860 1907 1927 cantus

736 1980 951 2072 suavissimi,
973 1978 1036 2073 qni
1063 1984 1117 2051 est
1143 1978 1180 2051 in
1204 1978 1360 2073 angelo,
1387 1984 1446 2049 tro
1470 1979 1485 2049 i
1506 1977 1574 2050 due
1593 1977 1711 2069 pcreti
1734 1977 1792 2048 dci
1815 1976 1909 2046 drtro

736 2101 910 2191 madano,
936 2097 1038 2191 idest,
1066 2096 1156 2190 saxi,
1174 2096 1211 2170 in
1229 2116 1304 2191 quo
1321 2102 1402 2170 erat
1418 2101 1595 2171 excavata
1612 2095 1722 2189 scala,
1740 2095 1789 2168 ita
1808 2093 1906 2188 quod

736 2240 867 2293 saxum
893 2224 973 2293 erat
998 2224 1219 2291 excavatum
1245 2217 1329 2289 hinc
1360 2216 1445 2290 inde
1474 2222 1664 2309 umquam
1695 2214 1815 2311 paries
1847 2232 1909 2287 re-

736 2346 839 2414 ctus:
867 2339 957 2434 lapis
983 2338 1080 2413 enim
1107 2337 1299 2434 marignus
1316 2336 1520 2432 appellatur
1541 2336 1600 2411 ille
1616 2337 1734 2410 durus
1759 2355 1806 2410 en
1832 2355 1909 2427 quo

736 2460 830 2533 liunt
856 2459 1020 2534 macinae.
1043 2458 1180 2533 Deinde
1196 2456 1353 2532 ostendit
1369 2456 1557 2551 quomodo
1573 2455 1788 2551 purgaverit
1804 2474 1907 2547 eum,

736 2580 881 2655 dicens:
899 2600 1011 2651 messe
1036 2583 1066 2652 le
1077 2598 1201 2670 penne
1215 2597 1288 2669 sue,
1308 2576 1410 2671 idest,
1431 2576 1508 2650 alas
1527 2576 1640 2668 albas,
1658 2596 1678 2647 e
1694 2577 1909 2665 vestitorum

737 2707 775 2775 et
799 2719 865 2795 per
889 2700 984 2772 hanc
1010 2696 1283 2772 ventilationem
1313 2694 1421 2770 tacite
1450 2695 1511 2769 dat
1542 2694 1692 2790 intelligi
1719 2693 1818 2788 quod
1842 2714 1911 2767 an-

738 2820 843 2915 gelus
868 2819 1005 2893 abrasit
1028 2840 1050 2893 a
1077 2819 1197 2892 sroute
1221 2816 1301 2891 eius
1326 2822 1502 2911 quartum
1528 2815 1568 2909 P,
1589 2815 1691 2909 idest,
1716 2822 1911 2911 peccatum

738 2938 895 3015 accidiae.
921 2939 966 3011 lit
991 2957 1078 3013 ecce
1103 2936 1290 3031 quomodo
1307 2934 1555 3031 pronuntiavit
1572 2955 1659 3009 eum
1680 2933 1910 3028 absolutum3

739 3060 975 3151 affermando,
1001 3058 1079 3131 illos
1105 3059 1164 3149 qui
1188 3050 1305 3149 lugeat
1327 3077 1422 3129 esser
1446 3057 1537 3128 denti
1560 3058 1737 3128 clt'aoruu
1760 3056 1800 3128 a·
1822 3075 1911 3128 con·
1939 3109 1942 3118 .

738 3182 837 3253 sotor
862 3181 1012 3252 tunimo
1037 3180 1164 3270 donne,
1185 3177 1278 3251 idest
1302 3176 1366 3271 qui
1386 3175 1574 3249 habebunt
1594 3175 1632 3249 in
1651 3176 1745 3249 coelo
1764 3175 1910 3249 animas

738 3319 824 3373 suas
848 3298 1013 3373 dominas
1043 3297 1309 3374 consolationis
1342 3295 1428 3370 Vult
1459 3294 1593 3389 dicere,
1625 3295 1725 3389 quod
1758 3295 1914 3391 angelus

739 3418 829 3493 dixit
853 3418 943 3493 illud
968 3418 1125 3493 llattlraei
1143 3416 1172 3490 V
1189 3416 1371 3511 capitulo:
1399 3418 1499 3488 Beati
1522 3418 1582 3505 qui
1606 3417 1723 3506 tepent
1746 3416 1914 3506 quonwm

739 3541 805 3631 urst
829 3538 1100 3612 consotabuntur
1105 3563 1120 3631 ,·
1147 3535 1251 3630 quasi
1277 3534 1388 3609 dicat:
1407 3533 1507 3608 Beati
1533 3533 1595 3627 qui
1621 3532 1811 3628 deplorant
1827 3552 1916 3627 peo-

739 3666 821 3735 cata
846 3680 914 3735 sua
939 3660 975 3731 in
1003 3658 1088 3753 vite,
1108 3657 1203 3731 sicut
1227 3655 1311 3730 fecit
1335 3655 1413 3749 ipse
1435 3661 1556 3750 poeta,
1574 3654 1637 3748 qui
1655 3674 1745 3729 vere
1761 3654 1831 3727 fuit
1846 3665 1932 3748 pa·'

740 3800 826 3854 rum
852 3778 1065 3872 accidiosnS,
1091 3796 1161 3851 nec
1185 3766 1323 3851 distulit
1346 3774 1599 3870 poenitentiam
1627 3783 1709 3868 post
1740 3780 1915 3867 mortem,

740 3899 835 3975 sicut
858 3898 918 3972 alii
949 3898 1149 3992 quierant
1180 3895 1248 3969 hic.
1261 3936 1311 3949 -
1326 3898 1393 3967 cue
1416 3897 1485 3967 tat.
1517 3894 1582 3967 Hic
1614 3899 1721 3989 poeta
1753 3894 1915 3968 ostendit

740 4018 927 4113 quomodo
952 4018 1123 4113 Virgilius
1148 4016 1318 4111 petiverit
1332 4006 1369 4107 (²)
1395 4014 1569 4089 abendo
1593 4035 1706 4089 causa
1725 4034 1803 4087 snae
1820 4014 1916 4089 alte-

741 4137 902 4231 rationis,
928 4137 1069 4213 dicens:
1096 4140 1149 4209 Lo
1172 4138 1282 4228 guido
1313 4137 1385 4208 mio
1415 4128 1619 4207 incominctd
1648 4155 1673 4207 a
1697 4138 1817 4226 darni,
1847 4137 1917 4207 Glte

739 4262 801 4333 tot
824 4261 931 4332 cte'n
956 4254 1017 4331 vo·
1041 4261 1079 4331 tc
1103 4264 1202 4331 terro
1220 4278 1295 4350 por
1318 4258 1378 4329 cte
1396 4256 1507 4348 quau,
1525 4254 1626 4349 idest,
1646 4254 1805 4349 respicis,
1823 4274 1916 4328 cum

742 4386 865 4454 tamen
901 4377 1018 4473 magis
1047 4375 1201 4451 deberes
1231 4375 1414 4470 respicere
1442 4374 1593 4468 coelum,
1623 4379 1760 4468 quanto
1794 4373 1918 4469 magis

741 4498 825 4573 salis
845 4498 882 4571 in
906 4498 1041 4571 altum:
1068 4502 1106 4571 et
1139 4497 1209 4570 hoc
1238 4495 1348 4568 dixit:
1379 4514 1468 4587 poco
1493 4496 1577 4568 dett
1590 4498 1716 4586 angelo
1748 4494 1922 4567 amtedac

739 4620 961 4707 sormontott,
987 4615 1089 4707 idest,
1107 4615 1212 4688 nobis
1235 4614 1416 4688 ambobus
1437 4633 1569 4707 parom
1586 4613 1763 4708 separatis
1779 4613 1829 4686 ab
1846 4632 1920 4686 an-

742 4739 826 4836 gelo
852 4759 917 4832 per
942 4756 1149 4827 ascensum,
1176 4733 1280 4828 quasi
1314 4732 1428 4808 dicat:
1455 4754 1541 4807 cnm
1574 4733 1758 4808 modicum
1786 4752 1924 4807 ascen·

742 4858 921 4933 dissemus
954 4859 1035 4950 post
1069 4853 1341 4929 ventilationem
1376 4858 1413 4926 et
1447 4852 1668 4927 locutionem
1704 4853 1839 4949 augeli.
1876 4854 1924 4926 Et

808 5110 986 5174 lutevam·
1266 5072 1456 5173 rispens
