4542 6842
690 960 761 1028 roa
1047 971 1253 1028 consuatur
1277 969 1498 1028 runcamau

688 1120 746 1190 tro
769 1119 807 1189 in
829 1119 930 1208 huot
952 1123 1073 1208 roth,
1090 1112 1194 1212 idest,
1211 1117 1249 1191 in
1272 1118 1456 1212 aequalem
1482 1116 1628 1192 lineam.
1654 1116 1709 1193 hd
1729 1117 1864 1194 iutelli-

686 1235 847 1334 genuam
874 1238 1012 1312 claram
1039 1236 1145 1311 istius
1173 1232 1290 1312 literae
1320 1237 1501 1332 obscuras,
1526 1243 1614 1312 nota
1643 1237 1743 1332 quod
1768 1235 1863 1314 sicut

686 1356 810 1432 scribit
832 1351 1003 1434 ilbertus
1019 1357 1114 1433 libro
1130 1353 1178 1434 de
1192 1355 1478 1454 proprietatibus
1496 1357 1781 1454 elementorum,
1797 1377 1863 1436 ca·

686 1497 750 1552 sus
774 1478 900 1574 lapidis
925 1485 980 1554 est
1005 1477 1101 1553 linea
1125 1476 1477 1574 perpendiculariter
1501 1475 1649 1553 inducta
1677 1499 1701 1552 a
1731 1484 1861 1554 centro

686 1598 771 1674 solis
796 1620 907 1696 super
931 1596 1049 1696 capita
1075 1599 1287 1674 hominumt
1313 1599 1393 1672 hec
1422 1604 1550 1673 autem
1579 1599 1675 1674 linea
1705 1605 1862 1674 vocatur

686 1716 935 1816 metaphorice
973 1741 1080 1796 casus
1118 1717 1256 1815 lapidis,
1282 1735 1329 1794 eo
1354 1717 1454 1813 quod
1476 1717 1567 1814 lapis
1592 1727 1649 1794 est
1673 1719 1860 1815 quodlibet

685 1839 896 1937 simpliciter
921 1863 1036 1940 grave
1061 1839 1158 1917 cadit
1186 1840 1338 1916 interius
1372 1840 1731 1935 perpendiculariter.
1758 1841 1860 1917 Unde

684 1961 771 2038 dicit
795 1962 856 2057 ibi,
882 1964 982 2059 quod
1006 1963 1181 2059 aethiopes
1202 1958 1407 2038 habitantes
1431 1961 1528 2039 inter
1552 1963 1736 2058 tropicum
1761 1963 1860 2038 aesti-

683 2103 773 2156 vum
801 2090 839 2158 et
862 2083 1156 2177 aequinoctialem
1184 2081 1320 2157 habent
1336 2081 1431 2156 duas
1447 2079 1684 2158 calidissimas
1700 2089 1859 2176 testatas,

684 2203 770 2298 quia
797 2203 850 2279 sol
867 2204 922 2278 bis
940 2203 1136 2298 pertransit
1153 2223 1281 2278 casum
1299 2199 1427 2297 lapidis
1443 2221 1555 2298 super
1571 2202 1690 2298 capita
1711 2223 1855 2278 eorum.

682 2320 783 2399 Sicut
808 2345 831 2400 a
857 2324 963 2398 simili
989 2331 1095 2420 poeta
1110 2315 1149 2417 (¹)
1173 2322 1319 2398 ridetur
1334 2322 1393 2396 hic
1409 2321 1545 2417 dicere,
1563 2322 1663 2417 quod
1684 2322 1775 2398 radii
1790 2344 1860 2398 an·

681 2445 753 2544 geli
784 2451 884 2521 recte
914 2444 1127 2521 ceciderunt
1155 2464 1243 2518 cunt
1275 2463 1410 2540 magno
1440 2445 1567 2518 calore
1595 2448 1635 2518 et
1662 2443 1860 2539 splendore

682 2586 794 2662 super
820 2565 950 2642 taciem
968 2585 1087 2659 suam,
1103 2584 1182 2659 quo
1198 2563 1423 2659 stupetactus
1442 2569 1509 2640 est.
1527 2563 1572 2636 bt
1587 2563 1692 2638 dicit:
1710 2556 1741 2636 si
1759 2584 1859 2638 coste

683 2694 818 2760 murtro
843 2671 1070 2780 ceper-icamia,
1096 2685 1184 2779 quia
1200 2684 1253 2759 sic
1277 2683 1445 2759 videmus
1461 2683 1508 2758 ad
1525 2684 1690 2777 oculum,
1712 2691 1746 2756 et
1758 2692 1853 2777 orte,

681 2807 829 2902 scilicet,
847 2806 1087 2902 prospectiva,
1105 2825 1190 2900 quae
1207 2804 1340 2900 partim
1359 2809 1498 2900 spectat
1513 2802 1560 2877 ad
1578 2803 1854 2899 philosophiam,

678 2927 813 3024 partim
839 2927 886 3002 ad
911 2926 1166 3025 geometriam.
1193 2926 1238 2999 Et
1261 2925 1321 3001 hic
1345 2931 1443 3020 nota,
1462 2924 1562 3020 quod
1582 2945 1694 2999 omne
1718 2944 1856 3020 corpus

679 3047 812 3122 emittit
835 3047 882 3124 de
907 3069 948 3124 se
973 3047 1094 3122 radios
1119 3047 1156 3121 in
1181 3067 1327 3140 aerem3
1350 3043 1415 3121 sed
1440 3045 1527 3140 quia
1543 3065 1610 3120 aer
1634 3053 1690 3120 est
1714 3065 1851 3142 corpus

677 3165 864 3262 invisibile,
884 3189 957 3242 non
974 3173 1153 3263 apparent
1167 3157 1222 3260 (Ἲς
1242 3165 1360 3242 sedin
1379 3165 1529 3262 speculo
1546 3165 1850 3260 multiplicantur,

677 3292 713 3361 et
733 3287 889 3362 reddunt
908 3287 1106 3385 imaginem
1124 3282 1370 3362 diversimode
1385 3291 1523 3379 tarnem
1538 3291 1580 3358 at
1595 3292 1696 3380 patet
1714 3286 1751 3359 in
1768 3305 1854 3382 spe·

675 3405 760 3481 culo
785 3427 952 3482 convexo
977 3408 1086 3502 pleno
1111 3413 1148 3482 et
1173 3425 1348 3482 concavo.
1366 3407 1412 3480 itt
1427 3405 1529 3500 ponit
1546 3404 1721 3481 ellectum
1740 3406 1853 3481 huius

676 3525 995 3620 reverberationis,
1021 3525 1165 3602 dicens:
1187 3524 1316 3621 pochi
1336 3547 1364 3599 o
1384 3529 1509 3620 pappo
1537 3529 1575 3600 la
1600 3529 1674 3600 otto
1698 3528 1854 3620 cumps

674 3653 783 3740 rutto,
810 3646 896 3742 quia
921 3646 1039 3720 virtus
1065 3645 1180 3721 risina
1202 3643 1301 3721 ocull
1326 3645 1461 3720 iullrmi
1484 3646 1692 3723 convaluit
1715 3643 1853 3721 substi-

674 3785 765 3843 nere
795 3773 938 3843 tantum
973 3764 1168 3842 excessum
1198 3766 1410 3862 splendoris.
1425 3807 1475 3822 -
1489 3770 1558 3840 tlte
1586 3763 1616 3842 ὀ.
1645 3767 1711 3842 llic
1744 3771 1850 3862 poeta

674 3887 831 3964 ostendit
848 3887 1006 3983 qualiter
1023 3888 1249 3982 stupetactus
1272 3887 1396 3976 subito
1412 3887 1583 3984 petiverit
1597 3878 1636 3981 (³)
1655 3888 1702 3964 de
1719 3909 1763 3963 re
1777 3889 1851 3964 mi·

673 4009 789 4104 rabili,
815 4009 958 4084 diceus:
988 4007 1071 4082 dus'
1083 4011 1133 4101 io,
1164 4008 1311 4103 scilicet,
1336 4007 1506 4106 Virgilio:
1538 4029 1562 4082 o
1595 4011 1693 4082 dolce
1719 4012 1849 4102 padre,

671 4127 710 4203 in
735 4129 848 4204 rebus
872 4127 971 4204 enim
998 4121 1118 4203 dubiis
1137 4128 1303 4222 loquitur
1319 4129 1498 4224 blandius,
1523 4132 1585 4204 cle
1601 4123 1622 4204 ὲ
1636 4133 1727 4223 puel,
1743 4129 1850 4225 idest,

672 4249 783 4344 quale
808 4249 948 4344 lumen,
968 4270 993 4323 o
1017 4251 1078 4323 olle
1099 4268 1173 4322 nori
1185 4269 1293 4342 porro
1308 4251 1478 4324 salomo
1496 4253 1532 4324 lo
1551 4253 1638 4345 otro,
1660 4251 1763 4345 idest,
1779 4249 1849 4326 de-

672 4369 822 4444 tendere
847 4387 934 4443 cum
961 4374 1037 4443 toto
1063 4373 1170 4443 scuto
1194 4365 1353 4464 selechii,
1379 4378 1477 4447 toruo
1495 4374 1558 4444 cle
1576 4375 1625 4444 mi
1644 4375 1778 4463 nuptm,
1804 4379 1847 4444 ut

670 4489 806 4585 possim
833 4489 1016 4585 respicere
1041 4491 1101 4565 rel
1126 4509 1350 4587 cognoscere
1374 4491 1506 4587 ipsum.
1533 4493 1577 4565 ct
1600 4491 1707 4567 dicit:
1732 4511 1850 4584 epar

669 4613 708 4684 ia
724 4605 786 4684 adr
802 4629 857 4682 me
878 4629 991 4684 essem
1016 4629 1142 4684 morso.
1169 4607 1214 4684 m
1236 4609 1291 4686 sic
1314 4618 1396 4686 erat
1421 4612 1458 4686 ia
1484 4611 1538 4687 rei
1565 4610 1732 4706 veritate,
1759 4612 1848 4706 quia

670 4731 824 4827 angelus
848 4727 1053 4803 luminosus
1080 4736 1182 4804 recte
1207 4731 1379 4808 veniebat
1402 4738 1531 4806 contra
1563 4751 1664 4807 eum.
1691 4732 1735 4804 lit
1760 4737 1847 4807 nota

670 4848 770 4943 quod
788 4869 922 4946 magna
938 4857 1020 4932 arte
1036 4856 1147 4924 autor
1163 4840 1403 4946 descripsisti
1423 4852 1538 4926 istum
1555 4853 1761 4928 secundum
1777 4873 1849 4928 an·

732 5039 759 5099 (¹)
775 5038 806 5090 E.
824 5044 898 5102 poeta
915 5043 1012 5090 noster.
1147 5036 1175 5100 (¹)
1191 5038 1223 5088 Ε.
1240 5053 1292 5090 non
1307 5047 1432 5103 apparent
1447 5040 1512 5091 radii
1528 5041 1592 5101 eius,
1609 5040 1654 5091 sed
1670 5040 1697 5090 tn
1713 5039 1829 5104 meato.

732 5113 760 5176 (⁸)
774 5113 801 5164 S.
818 5115 916 5177 pellan.
1150 5115 1178 5178 (⁸1
1195 5115 1221 5166 S.
1237 5115 1367 5168 mulsit.
