4542 6842
706 985 845 1061 munus
869 987 1027 1043 uscmus
1051 986 1222 1046 ocrunus.
1468 974 1538 1059 ,tal
1616 978 1619 989 '

367 1138 403 1206 et
431 1134 509 1208 deli'
523 1152 666 1205 asscmo
697 1133 750 1205 da
767 1138 862 1207 tener
892 1135 928 1206 la
956 1136 1085 1225 sopito,
1110 1132 1213 1225 idest,
1240 1131 1357 1208 virtus
1387 1131 1541 1227 eligendi

369 1253 508 1332 bonum
534 1273 558 1326 a
584 1252 705 1345 malo;
731 1251 813 1327 ideo
844 1252 985 1328 subdit:
1019 1260 1139 1345 guasto
1156 1249 1188 1335 ,ἐ
1204 1254 1242 1338 l'l
1260 1255 1448 1345 principio,
1469 1251 1544 1336 ¹sci-

292 1380 294 1383 ’
369 1374 464 1468 licet,
491 1371 659 1447 voluntas
684 1371 835 1466 arbitrii,
861 1393 946 1466 qum
966 1379 1031 1454 ⁴est
1060 1373 1278 1468 principium
1295 1372 1542 1460 ,intrinsecum

363 1493 572 1585 ,volilivum,
598 1482 634 1565 ld
659 1494 749 1565 ondc
771 1496 803 1570 si
824 1495 936 1585 piplia
960 1497 1087 1585 capion
1111 1497 1150 1567 di
1173 1496 1320 1567 mittor
1344 1496 1383 1567 in
1407 1495 1465 1567 voi
1487 1512 1544 1565 sc-

360 1616 482 1700 „condo
507 1616 567 1686 cltc
591 1633 706 1705 amor,
733 1619 856 1694 reolus
890 1620 928 1690 ct
961 1634 1169 1708 perversus,
1201 1616 1354 1706 compto
1378 1635 1397 1686 c
1421 1615 1542 1705 cipite,

369 1734 472 1826 idest,
499 1731 625 1827 recipit
650 1737 687 1807 et
711 1732 877 1827 expellit:
896 1741 934 1807 et
954 1740 1009 1807 est
1030 1733 1187 1809 verbum
1206 1732 1429 1807 rusticorum
1451 1753 1542 1826 pur-

369 1854 535 1951 gentium
555 1852 784 1927 trumentum
810 1854 847 1925 in
871 1872 973 1947 area,
992 1853 1055 1947 qui
1073 1852 1273 1928 excludunt
1290 1853 1477 1949 superflua
1494 1852 1542 1941 ab

370 1974 604 2049 (θα-60101.
622 1970 687 2045 llic
705 1970 876 2069 Virgilius
890 1972 937 2046 ad
954 1972 1249 2047 confirmandum
1267 1972 1541 2050 conclusionem

370 2114 477 2181 suam
503 2092 649 2167 adducit
673 2091 852 2186 optimum
878 2101 1157 2191 argumentum,
1174 2093 1262 2188 quia
1288 2094 1541 2189 sapientissimi

370 2212 575 2306 hominum,
605 2212 700 2287 sicut
727 2212 949 2309 Aristoteles,
983 2214 1085 2287 Plato
1115 2220 1153 2287 et
1181 2214 1242 2287 alii
1274 2212 1543 2288 adinvenerunt

371 2332 574 2410 doctrinam
602 2332 780 2409 moralem
799 2353 994 2428 perquam
1014 2334 1181 2414 homines
1198 2333 1365 2408 viverent
1383 2333 1541 2428 pruden-

371 2458 427 2530 ter
453 2450 490 2526 in
517 2452 665 2546 mundo,
684 2453 780 2545 quod
800 2452 968 2527 iecissent
985 2452 1121 2528 trustra
1142 2459 1333 2549 perempta
1352 2452 1539 2544 arbitriill

369 2570 547 2647 libertate.
583 2572 675 2646 [licit
708 2592 817 2669 ergo:
848 2576 966 2663 Color,
995 2573 1140 2666 scilicet,
1170 2573 1370 2668 philosophi
1406 2572 1543 2667 magni,

177 2694 180 2699 ’
255 2735 258 2741 ·
370 2694 430 2771 otc
453 2695 693 2785 ruplemunda,
714 2692 817 2786 idest,
835 2692 1084 2768 ratiocinando
1102 2698 1140 2766 ct
1155 2692 1383 2787 disputando,
1401 2696 1543 2767 undaro

274 2840 278 2851 ·
371 2816 410 2886 ol
430 2815 555 2907 fondo,
572 2812 675 2907 idest,
692 2812 739 2887 ad
759 2812 983 2907 profundum
1010 2812 1195 2887 rationum
1221 2818 1401 2907 quantum
1427 2811 1543 2906 possi-

362 2934 443 3025 ,hile
467 2940 523 3008 ost
539 2935 703 3007 humano
721 2931 866 3029 ingenio
884 2933 980 3009 inter
998 2938 1050 3007 tot
1066 2953 1227 3027 errores,
1247 2931 1342 3007 sicut
1358 2933 1543 3027 praecipue

371 3053 604 3149 philosophus
620 3044 656 3146 (¹)
682 3053 775 3127 libro
800 3053 1026 3146 Ethicorum,
1043 3057 1071 3127 s'
1085 3074 1272 3127 occorscro
1291 3055 1326 3125 d’
1339 3061 1414 3126 esta
1438 3054 1543 3127 liter-

250 3158 253 3165 ’
371 3181 451 3265 tote,
487 3174 633 3268 scilicet,
667 3173 819 3267 arbitrii,
848 3177 984 3265 innato,
1020 3174 1167 3267 scilicet,
1203 3174 1423 3269 hominibus,
1451 3165 1542 3267 perd

370 3284 536 3369 moradtd
553 3296 707 3367 loscioro
723 3296 762 3367 ol
778 3296 919 3385 maredo,
941 3293 1170 3368 reiraenando
1189 3293 1395 3369 libertatem
1415 3314 1462 3369 ne
1477 3294 1543 3370 dc-

370 3413 523 3491 cliuaret
547 3414 593 3488 ad
620 3415 772 3487 malum.
791 3414 835 3485 Et
852 3413 1053 3489 concludit:
1076 3417 1168 3487 ouda
1181 3416 1352 3507 ponium
1378 3416 1438 3487 cltc
1462 3419 1546 3511 oppt

370 3553 488 3624 amor,
513 3533 591 3607 sive
619 3532 716 3627 boni,
743 3533 820 3609 sive
846 3533 943 3627 mali,
969 3535 1029 3606 otc
1053 3537 1178 3607 aaron
1209 3554 1233 3605 o
1259 3536 1316 3606 ooi
1344 3537 1543 3626 s'aocendc,

371 3654 456 3748 quia
483 3654 583 3728 venit
606 3654 653 3726 ab
679 3660 797 3745 extra,
822 3675 933 3746 corpo
948 3658 986 3727 tn
1004 3657 1061 3728 ool
1079 3657 1117 3727 di
1136 3657 1346 3745 mutae,
1364 3654 1449 3747 quia
1476 3675 1541 3730 nc-

371 3774 508 3849 sciebat
534 3772 631 3847 unde
657 3772 801 3848 veniret
825 3773 1029 3849 intellectus
1044 3773 1251 3869 primarum
1270 3773 1482 3848 notitiarum
1506 3782 1543 3848 ot

371 3895 477 3991 primi
505 3902 637 3989 metue,
667 3898 705 3967 in
733 3896 790 3967 coi
818 3890 840 3967 e*
868 3897 905 3967 lo
929 3896 1110 3987 podeslotc
1143 3897 1181 3969 di
1213 3897 1392 3986 rioeamlo,
1422 3894 1541 3989 ipsum

370 4036 551 4109 amorem,
571 4036 618 4091 ne
634 4016 789 4091 declinet
805 4014 851 4089 ad
870 4016 1022 4089 malum.
1041 4016 1085 4087 Et
1101 4016 1160 4090 hic
1181 4020 1277 4108 nota,
1299 4016 1426 4109 lector,
1443 4014 1541 4109 quod

371 4137 439 4211 ista
474 4136 567 4210 ratio
597 4136 626 4209 si
658 4136 754 4210 bene
785 4134 1038 4210 consideratur
1069 4134 1253 4210 convincit
1284 4154 1424 4209 omnes.
1455 4134 1543 4222 Quis

372 4256 469 4333 enim
503 4262 558 4331 est
590 4254 651 4331 ille
681 4255 844 4330 medicus
873 4254 937 4348 qui
969 4254 1055 4329 velit
1092 4253 1298 4329 consentire
1335 4254 1435 4347 quod
1468 4275 1542 4328 non

371 4374 539 4471 expediat
564 4394 698 4449 curare
723 4377 930 4469 aegrotumt
956 4373 1053 4467 quod
1081 4380 1206 4448 tamen
1231 4381 1326 4448 essm
1350 4395 1494 4468 verum,
1512 4375 1542 4447 si

370 4494 495 4590 pmnia
527 4493 574 4568 de
609 4493 823 4568 necessitate
858 4493 1065 4587 evenirent3
1100 4492 1183 4587 quis
1215 4495 1423 4590 astrologus
1457 4494 1544 4569 velit

370 4635 478 4706 suam
510 4620 630 4689 artem
659 4612 839 4705 damnari,
865 4631 951 4686 cum
982 4612 1077 4687 dicat
1106 4632 1213 4708 posse
1241 4612 1383 4687 obviari
1409 4612 1542 4689 tuturis

371 4733 674 4830 contingentibus,
700 4732 729 4806 si
756 4732 970 4828 praesciatur
985 4722 1021 4824 (³)
1050 4754 1115 4827 per
1144 4741 1265 4808 artem
1297 4739 1431 4809 suam?
1462 4736 1543 4830 quis

367 4854 482 4950 judex
509 4874 583 4927 non
607 4853 787 4928 irascatur
818 4853 848 4927 si
878 4852 1021 4928 dicatur
1051 4853 1116 4927 sibi
1149 4854 1247 4947 quod
1278 4854 1411 4928 iniuste
1440 4856 1543 4949 punit

434 5039 463 5104 (Ἴ
478 5039 510 5089 Ε.
527 5039 601 5089 liberi
618 5040 717 5089 arbitrii
735 5040 859 5090 libertale.
985 5040 1012 5103 (²)
1029 5040 1059 5090 E.
1077 5040 1245 5104 philosophus
1260 5041 1333 5105 penit
1349 5041 1375 5090 in
1392 5040 1468 5091 unm,

435 5118 462 5182 (Ἴ
480 5121 532 5177 117,
549 5117 725 5180 praesciantur.

504 5224 543 5267 111.
1381 5224 1407 5267 ar
