4542 6842
816 924 954 981 cunnus
978 926 1149 983 ocrsvus.
1498 914 1569 984 233

397 1070 444 1145 de
468 1071 538 1146 isto
563 1069 711 1145 animali
736 1070 873 1145 Plinius
898 1079 934 1146 et
961 1073 1066 1147 multi
1091 1073 1217 1148 dicunt
1242 1074 1342 1168 quod
1367 1075 1488 1149 exitus
1506 1094 1571 1147 su·

397 1191 613 1286 perlluitatis
638 1198 692 1266 est
718 1190 812 1265 sicut
836 1200 971 1287 puncta
996 1212 1095 1289 acus,
1122 1192 1205 1269 ideo
1234 1216 1309 1269 non
1339 1201 1458 1291 potest
1484 1216 1572 1270 con-

397 1312 521 1406 cipere
546 1332 615 1386 nec
640 1330 773 1407 parere
797 1311 891 1386 sicut
915 1313 985 1386 alia
1012 1296 1206 1408 animalia3
1233 1314 1332 1407 quod
1363 1319 1481 1388 totum
1507 1313 1571 1388 Al-

398 1432 526 1508 bertus
552 1453 708 1529 magnus
733 1438 879 1528 reputat
904 1433 1047 1527 ialsum,
1070 1438 1108 1506 et
1126 1432 1212 1507 dicit
1238 1434 1338 1527 quod
1363 1453 1569 1528 numquam

399 1558 533 1627 natura
558 1552 655 1627 dedit
679 1558 817 1647 actum,
842 1552 949 1626 cuius
974 1573 1047 1626 non
1072 1552 1178 1627 daret
1206 1553 1415 1627 naturalem
1440 1560 1570 1648 poten-

400 1672 488 1746 tiam
515 1678 551 1746 et
576 1671 806 1767 facultatem,
824 1672 907 1746 idco
932 1672 1026 1767 dicit,
1053 1672 1153 1765 quod
1178 1673 1301 1747 omnia
1326 1692 1465 1769 genera
1490 1693 1570 1747 ser·

399 1798 549 1887 pentum
577 1790 856 1885 concipientium
884 1791 1003 1886 primo
1028 1812 1110 1886 ova,
1134 1798 1173 1866 et
1197 1798 1322 1887 postea
1347 1792 1569 1887 parientium

398 1911 534 1985 animal
548 1903 585 2003 (¹)
613 1917 762 2005 propter
787 1910 879 1983 duas
903 1910 959 1983 sui
993 1912 1091 1986 uteri
1122 1910 1372 2005 dispositiones
1397 1911 1570 1986 dicuntur

399 2030 545 2125 viperas,
562 2030 667 2125 quasi
686 2031 720 2105 vi
739 2030 932 2105 intrinseca
950 2031 1143 2125 parientes.
1162 2030 1460 2127 suprapositum
1478 2052 1570 2128 ergo

398 2150 530 2225 domus
555 2149 812 2225 vicecomitum
838 2150 884 2225 de
916 2150 1116 2225 Mediolano
1150 2157 1271 2246 portat
1303 2151 1468 2246 viperam
1501 2172 1570 2247 pro

362 2260 371 2287 ⁸
398 2276 602 2364 armatura,
629 2290 714 2365 quae
737 2277 838 2346 tenet
863 2271 1082 2346 iniantulum
1116 2277 1234 2345 totum
1259 2271 1506 2368 sanguineum
1532 2272 1570 2345 in

398 2412 475 2485 ore,
500 2411 615 2485 quem
642 2413 739 2467 nunc
755 2382 792 2484 (¹)
816 2392 981 2488 deglutit,
1008 2413 1105 2467 nunc
1133 2392 1282 2487 evomit,
1312 2392 1376 2467 sed
1406 2399 1507 2467 tenet
1531 2391 1569 2466 in

397 2514 573 2588 contiuuo
598 2512 775 2587 cruciatu.
802 2514 888 2587 Vult
912 2534 1003 2609 crgo
1020 2513 1143 2589 dicere
1160 2513 1286 2606 Ninus,
1305 2512 1404 2607 quod
1420 2512 1568 2587 Beatrix

399 2636 481 2732 plus
505 2642 601 2709 esset
626 2636 804 2708 honorata
829 2636 937 2731 gallo,
964 2642 1154 2709 armatura
1175 2632 1282 2728 primi
1308 2634 1389 2729 viri,
1413 2654 1483 2708 ave
1502 2634 1569 2708 do-

398 2754 561 2849 mestica,
588 2775 700 2848 quam
727 2754 864 2849 vipera,
890 2761 1080 2828 armatura
1110 2753 1261 2828 secundi
1293 2752 1374 2847 viri,
1400 2760 1569 2849 serpente

399 2874 533 2969 feroci,
560 2874 624 2967 qui
648 2874 766 2971 gallus
792 2875 1008 2948 naturaliter
1033 2872 1240 2947 inimicatur
1265 2873 1435 2967 serpenti.
1462 2873 1568 2948 Circa

398 2994 614 3089 secundum,
629 2993 796 3068 videlicet
811 2994 909 3068 circa
921 2999 1107 3087 potentem
1120 2990 1274 3066 domum
1293 3000 1348 3065 est
1365 2992 1565 3088 sciendum,

399 3114 499 3208 quod
524 3114 665 3209 primus
690 3119 879 3207 promotor
909 3113 1042 3187 domus
1073 3107 1330 3186 vicecomitum
1356 3110 1424 3184 iuit
1448 3112 1569 3187 cardi-

398 3236 490 3310 nelis
515 3234 734 3310 Octavianus
751 3234 797 3308 dc
816 3232 1010 3327 Ubaldinis,
1028 3232 1091 3326 qui
1109 3231 1195 3306 iecit
1211 3231 1291 3305 lieri
1312 3230 1493 3306 Othonem
1513 3232 1568 3307 vi-

398 3354 614 3430 cecomitem
640 3353 868 3457 capellanum
887 3373 1009 3445 suum,
1026 3351 1340 3446 archiepiscopum
1360 3352 1567 3447 llediolani3

398 3476 462 3571 qui
494 3474 549 3549 vir
578 3473 821 3549 astutissimus
852 3472 994 3568 rogavit
1024 3471 1210 3566 eumdem,
1245 3477 1286 3545 ut
1319 3472 1457 3546 iaceret
1488 3470 1569 3546 fieri

396 3594 656 3693 Raymundum
684 3595 730 3669 dc
754 3595 789 3667 la
814 3594 934 3667 Turre
958 3592 1203 3687 patriarcham
1234 3593 1421 3687 Aquileia,
1452 3600 1492 3665 ut
1517 3592 1568 3667 illi

397 3715 579 3792 dedomo
605 3736 671 3789 sua
697 3719 941 3807 sequerentur
966 3732 1072 3787 cum:
1099 3720 1136 3787 et
1162 3712 1214 3786 sic
1239 3712 1377 3787 iactum
1406 3719 1471 3785 est.
1497 3712 1568 3801 Qui

398 3836 639 3933 Raymundus
663 3834 781 3909 tenuit
805 3832 1092 3928 patriarchatum
1108 3822 1145 3925 (³)
1165 3831 1290 3928 viginti
1308 3850 1373 3905 sex
1389 3831 1510 3925 annis3
1531 3839 1568 3906 et

399 3956 467 4030 iuit
491 3956 605 4030 irater
629 3954 766 4029 domini
789 3952 993 4047 Alemanni,
1015 3952 1076 4046 qui
1101 3950 1243 4047 primus
1264 3950 1331 4025 iuit
1357 3951 1567 4045 capitaneus

397 4076 597 4151 Mediolani.
624 4074 738 4171 Igitur
763 4093 860 4147 anno
885 4072 1029 4147 Domini
1054 4072 1285 4147 dcccxxvi
1309 4072 1469 4166 expulsis
1500 4071 1567 4145 do·

398 4196 505 4270 minis
523 4194 576 4271 'de
601 4196 636 4270 la
661 4195 780 4269 Turre
803 4193 850 4269 de
875 4194 1086 4287 Mediolano,
1105 4192 1168 4287 qui
1187 4191 1250 4265 diu
1273 4192 1419 4265 lucrant
1438 4198 1568 4286 poten-

397 4317 536 4411 tissimi,
547 4317 640 4391 Otho
653 4336 739 4391 cum
754 4314 828 4388 suis
841 4314 988 4389 intravit
1005 4312 1248 4387 Mediolanum
1266 4332 1350 4386 cum
1369 4312 1438 4385 isto
1456 4312 1565 4387 modo

397 4444 433 4514 et
458 4446 574 4534 pacto,
601 4437 700 4531 quod
725 4438 850 4531 plures
875 4454 922 4508 ex
942 4432 1178 4507 nobilioribus
1194 4431 1363 4505 domibus
1383 4432 1566 4529 eligeren-

396 4566 459 4633 tur
483 4555 751 4653 capitanatum
775 4560 946 4650 regerent
966 4553 1149 4627 civitatem
1168 4552 1384 4647 successive,
1403 4572 1565 4645 quorum

396 4681 537 4777 primus
562 4678 629 4752 luit
653 4676 823 4751 dominus
847 4672 1010 4748 Mailaeus
1035 4671 1240 4747 vicecomes
1266 4690 1379 4767 nepos
1403 4671 1495 4765 cius,
1516 4671 1567 4745 ob

459 4910 487 4973 (¹)
504 4914 558 4971 117,
575 4908 702 4959 animalia

459 4986 487 5051 (¹)
503 4988 533 5039 E.
549 5000 627 5051 quern
643 4998 691 5037 noc
707 4985 818 5049 deglutit
832 4998 881 5035 nec
897 4982 1002 5045 evomit,
1018 4982 1063 5033 sed
1079 4986 1150 5033 tenet
1164 4992 1226 5031 eum
1241 4980 1268 5030 in
1284 4979 1415 5030 continuo.

460 5063 487 5127 (⁸t
504 5068 558 5123 111,
574 5062 776 5126 patriarchatum
793 5060 931 5125 Aquileia.
