4542 6842
785 938 923 993 caurus
947 938 1124 1003 ausurus.
1369 964 1372 972 -
1474 888 1550 993 127¹

371 1105 447 1178 quo
472 1090 528 1159 est
553 1086 608 1159 sol
632 1084 853 1187 altissimus,
868 1084 918 1159 ita
944 1084 1043 1179 quod
1067 1083 1098 1157 si
1122 1083 1177 1158 sol
1203 1089 1299 1159 esset
1323 1083 1359 1155 in
1390 1082 1546 1181 geminis

370 1204 505 1279 melius
534 1204 725 1281 videretur
755 1206 928 1281 zodiacus
956 1225 1004 1279 ca
1043 1211 1160 1299 parte,
1188 1225 1263 1299 qua
1304 1202 1449 1299 respicit
1481 1224 1546 1301 po-

370 1324 448 1398 lum
474 1332 657 1421 nostrum,
674 1334 719 1401 -et
744 1327 794 1401 ita
818 1327 849 1401 si
875 1332 972 1401 esset
997 1325 1034 1399 iu
1059 1345 1194 1399 canoro
1220 1325 1337 1399 multo
1363 1326 1455 1421 plus.
1476 1324 1546 1401 Or·

371 1446 455 1521 dina
480 1446 533 1521 sic
557 1446 722 1523 literam:
754 1449 915 1521 Oud'elti
938 1468 964 1519 a
988 1467 1055 1538 mc,
1084 1446 1214 1541 supple
1240 1445 1410 1543 Virgilius
1432 1445 1544 1521 dixit:

373 1574 408 1639 tu
433 1569 583 1641 cedrosti
610 1569 638 1641 st
664 1569 814 1641 zodiaco
841 1568 1038 1660 rudecclio,
1064 1565 1168 1661 idest,
1196 1565 1456 1659 rubicundum,
1482 1567 1546 1663 qui

374 1688 485 1762 habet
507 1687 545 1761 in
571 1707 612 1762 se
635 1687 828 1763 duodecim
859 1687 962 1783 signa
994 1685 1232 1779 flammantia,
1259 1685 1356 1760 uude
1385 1688 1547 1782 appella-

374 1815 436 1882 tur
468 1808 628 1907 signifer,
661 1816 797 1900 rotare,
831 1808 935 1903 idest,
969 1806 1138 1901 circuire,
1173 1827 1285 1879 nacor
1315 1801 1377 1899 pall
1413 1813 1546 1897 strete,

374 1928 477 2021 idest,
504 1928 621 2027 magis
645 1950 771 2027 prope,
788 1932 957 2020 alt’Orse,
981 1928 1073 2005 idest
1098 1928 1181 2023 polo
1206 1926 1355 2021 arctico,
1377 1927 1439 2002 ubi
1461 1934 1548 2002 sunt

374 2048 457 2123 duae
484 2070 593 2145 ursae,
618 2050 754 2125 scilicet
788 2050 906 2125 maior
938 2056 976 2125 ot
1006 2047 1137 2142 minor,
1168 2048 1215 2123 de
1244 2047 1378 2142 quibus
1403 2047 1547 2121 dicetur

373 2169 459 2245 alibi
484 2190 581 2267 saepe
605 2178 644 2247 et
668 2170 854 2267 praecipue
883 2170 1045 2245 Paradisi
1076 2168 1235 2264 capitulo
1262 2168 1352 2263 lllll,
1383 2171 1482 2243 solvo
1511 2188 1549 2241 se

268 2306 271 2311 ·
373 2310 445 2363 non
470 2292 608 2382 ussisse,
634 2289 781 2384 scilicet,
805 2290 866 2365 ille
889 2290 1072 2384 zodiacus,
1086 2294 1172 2384 seor
1189 2292 1247 2364 dcl
1263 2292 1379 2363 carme
1399 2290 1547 2381 vecchio,

373 2408 477 2503 idest,
502 2410 666 2505 antiquo,
692 2410 792 2505 quod
816 2410 902 2485 lacit
926 2411 1021 2485 inter
1049 2408 1143 2485 duos
1175 2410 1342 2505 tropicos,
1369 2410 1468 2504 quod
1493 2416 1548 2485 est

375 2528 597 2623 impossibiie
620 2550 687 2626 per
712 2537 897 2605 naturam.
923 2532 967 2603 Et
993 2531 1062 2605 lroc
1087 2529 1190 2604 dicit:
1210 2552 1246 2605 se
1272 2535 1397 2603 castor
1420 2552 1440 2602 e
1464 2533 1549 2605 Pol-

377 2652 463 2741 tuce,
489 2650 592 2744 idest,
617 2651 767 2747 gemini,
789 2655 927 2747 lossero
950 2654 988 2723 iu
1016 2655 1228 2744 campagnia
1254 2654 1291 2725 di
1315 2654 1426 2743 puello
1449 2672 1548 2745 spec-

375 2773 465 2862 cttn,
499 2770 602 2873 idest,
631 2770 795 2867 corporis
827 2770 1009 2865 luminosi,
1041 2770 1177 2868 scilieet
1211 2770 1306 2866 solis,
1333 2771 1369 2844 in
1397 2792 1479 2865 vquo
1508 2793 1549 2845 se

377 2898 510 2966 eaetera
538 2891 677 2966 lumina
702 2892 957 2987 speculantur,
985 2891 1083 2967 uude
1104 2891 1206 2965 dicit:
1228 2886 1367 2985 cleptat
1393 2912 1412 2965 c
1435 2914 1476 2965 su
1493 2894 1550 2967 det

376 3032 441 3085 suo
464 3015 556 3085 mmo
579 3015 743 3103 corsduec,
766 3013 870 3107 idest,
887 3011 924 3086 in
945 3011 1166 3108 hemisperio
1191 3012 1352 3085 inferiori
1377 3018 1414 3087 et
1439 3032 1549 3109 supe-

379 3131 477 3225 riori,
503 3133 563 3207 vel
586 3132 634 3207 ad
659 3133 868 3228 superiores
893 3139 930 3207 et
954 3131 1145 3231 interiores
1162 3131 1294 3207 stellas.
1318 3130 1388 3206 Sed
1415 3153 1461 3208 ne
1488 3154 1549 3209 re-

379 3259 526 3327 maneat
550 3252 687 3347 aliquid
712 3254 914 3329 obscurum
940 3252 977 3327 in
1002 3251 1068 3326 ista
1095 3252 1200 3326 litera
1218 3259 1293 3326 tam
1312 3251 1407 3328 bene
1426 3253 1549 3329 decla-

380 3378 472 3466 rata,
498 3379 555 3447 est
579 3372 735 3449 ulterius
760 3372 1033 3467 inquirendum,
1059 3392 1177 3467 quare
1202 3371 1329 3456 Castor
1354 3378 1391 3447 et
1419 3373 1547 3449 Pollux

377 3499 568 3587 ponumur
592 3492 651 3567 llic
676 3515 744 3589 pro
769 3492 873 3591 signo
898 3491 1145 3589 geminorum.
1163 3491 1216 3565 Ad
1243 3492 1339 3585 quod
1360 3500 1415 3567 est
1431 3493 1550 3569 scieu-

377 3612 466 3687 dum
493 3614 592 3709 quod
618 3614 759 3711 Jupiter
784 3633 850 3689 rer
876 3612 1053 3689 cretensis
1077 3618 1244 3707 tempore
1269 3632 1344 3707 quo
1371 3614 1549 3710 regnavit,

378 3733 496 3831 viguit
520 3740 620 3809 tanta
647 3734 949 3832 magnanimitate
964 3725 1000 3827 (¹)
1028 3738 1066 3807 et
1091 3731 1271 3828 felicitate,
1297 3733 1396 3829 quod
1420 3755 1549 3811 omnes

378 3854 448 3929 viri
474 3854 644 3951 illustres,
669 3863 707 3931 et
732 3854 907 3931 mulieres
931 3874 1141 3952 grecorum
1169 3852 1360 3949 linguntur
1385 3875 1408 3928 a
1434 3856 1550 3950 poetis

379 3974 511 4073 graecis
535 3976 690 4051 traxisse
714 3975 895 4075 originem
921 3976 970 4049 ab
1002 3994 1059 4048 eo.
1089 3973 1293 4049 Finxerunt
1327 3994 1416 4071 ergo
1450 3977 1550 4069 quod

379 4116 425 4171 cr
452 4097 543 4171 Jove
566 4096 604 4171 in
629 4096 750 4193 specie
773 4095 881 4194 cigni,
908 4094 999 4171 idest
1019 4095 1139 4170 forma
1163 4094 1428 4191 pulcritudinis,
1449 4104 1548 4173 etex

379 4216 476 4291 Leda
504 4237 622 4292 uxore
646 4216 804 4312 Tyndari
830 4216 905 4289 uati
931 4222 1018 4290 sunt
1043 4215 1117 4291 duo
1143 4215 1204 4291 lilii
1230 4216 1375 4311 gemelli
1401 4236 1448 4293 err
1475 4238 1551 4293 uno

378 4357 463 4431 ovo,
488 4336 592 4430 idest,
620 4356 664 4411 ex
694 4356 769 4411 uno
792 4325 962 4433 germine
987 4341 1024 4410 et
1056 4335 1209 4429 semine,
1235 4342 1272 4409 et
1301 4336 1385 4410 duae
1415 4336 1497 4411 tiliae
1513 4328 1550 4430 (¹)
1659 4380 1665 4389 ·

379 4458 547 4554 gemellae
572 4476 618 4531 ex
644 4456 716 4531 alio
740 4476 825 4551 ovo,
851 4456 942 4531 idest
954 4446 1006 4550 (Β),
1032 4446 1210 4553 germine.
1229 4456 1381 4531 Gemelli
1402 4457 1552 4534 luerunt

379 4575 508 4651 Castor
533 4583 571 4652 et
596 4576 726 4651 Pollux
751 4576 825 4651 duo
850 4576 994 4671 iratres,
1015 4575 1079 4671 qui
1104 4575 1214 4649 simul
1241 4575 1315 4650 nati
1341 4576 1553 4653 hahuerunt

380 4717 508 4791 parem
535 4697 705 4790 lormam,
719 4696 894 4771 virtutem
920 4701 957 4771 et
974 4695 1102 4769 latum.
1121 4695 1294 4771 Gemellae
1312 4695 1463 4774 luerunt
1479 4698 1552 4775 lle-

380 4816 463 4891 leua
489 4824 527 4893 el
552 4810 818 4914 clytemnestra
835 4815 965 4891 eodem
985 4823 1093 4911 partu
1112 4822 1219 4909 natae,
1238 4835 1323 4910 quae
1340 4815 1552 4893 hahuerunt

443 5066 472 5133 (¹)
488 5069 520 5121 lt.
535 5071 719 5135 magnitudine.
811 5069 839 5131 (¹)
857 5074 912 5131 tlt,
928 5068 1049 5123 immina
1141 5068 1167 5133 (¹)
1184 5070 1215 5121 lt.
1231 5070 1296 5121 idest
1312 5082 1344 5121 ex
1360 5068 1412 5120 alio
1426 5072 1551 5135 germine.
