4542 6842
786 986 925 1041 CANTUS
950 988 1131 1043 SEPTIMUS·
1332 989 1336 995 ’
1479 978 1550 1044 2⁰7

381 1129 566 1224 quomodo
584 1128 769 1204 Sordellus
786 1130 993 1207 invitaverit
1012 1132 1204 1229 Virgilium
1225 1134 1271 1207 ad
1292 1132 1553 1209 consideratio-

381 1269 465 1324 nem
493 1248 660 1343 istorum,
685 1248 828 1325 dicens:
855 1254 888 1325 el
910 1257 1094 1344 Mantuae,
1114 1252 1265 1347 scilicet
1279 1253 1476 1349 Sordellus‚
1494 1256 1554 1327 cite

380 1372 526 1444 oiooea
550 1372 644 1461 volti,
671 1370 757 1463 quia
784 1378 948 1447 traxerat
972 1392 1036 1447 eos
1060 1372 1107 1449 de
1132 1372 1191 1447 via
1216 1380 1317 1449 recta
1342 1394 1409 1470 per
1435 1395 1553 1448 unum

383 1490 569 1565 tramitem
598 1490 801 1587 obliquum,
828 1499 869 1565 ut
889 1494 968 1589 jam
994 1492 1132 1567 dictum
1165 1500 1231 1587 est,
1257 1487 1437 1588 commod,
1465 1516 1553 1592 sup·

382 1610 451 1705 ple,
470 1610 592 1685 dicere
610 1610 758 1708 Virgilio
776 1619 1000 1686 mantuano:
1025 1633 1098 1685 aaa
1114 1616 1264 1704 ooptiate
1280 1616 1376 1688 elr’to
1393 1618 1428 1687 vi
1441 1618 1553 1708 oaldi,
1570 1670 1575 1680 .

381 1731 519 1806 scilicet
548 1751 656 1826 nuuc,
682 1732 744 1807 sed
777 1738 903 1827 postea
933 1733 1067 1807 ducam
1100 1754 1177 1827 vos,
1209 1741 1268 1807 tra
1297 1743 1449 1826 coetero,
1476 1740 1552 1811 tam

383 1850 516 1926 devote
540 1858 739 1947 cantantes,
760 1856 882 1945 prima
907 1855 967 1926 cle
983 1856 1009 1926 'l
1027 1873 1118 1947 poro
1142 1856 1215 1927 sole
1247 1858 1343 1928 omui
1373 1858 1554 1929 dennidi:

383 1978 462 2047 erat
488 1993 578 2069 ergo
607 1973 662 2047 sol
687 1972 792 2068 quasi
817 1973 855 2046 in
880 1994 1024 2049 occasu.
1052 1975 1096 2048 Et
1121 1974 1173 2049 sic
1198 1981 1284 2049 nota
1313 1976 1412 2069 quod
1437 1975 1555 2051 subti-

382 2092 465 2167 liter
489 2100 596 2187 poeta
621 2093 724 2189 lingit
749 2114 789 2169 se
815 2094 940 2170 videre
964 2095 1050 2169 istos
1075 2096 1136 2170 tali
1165 2097 1267 2191 hora,
1289 2097 1376 2191 quia
1398 2118 1471 2172 non
1497 2117 1577 2172 es·-

382 2220 463 2287 seut
487 2212 545 2288 hic
569 2213 708 2308 salvati,
735 2214 801 2288 nisi
828 2214 988 2309 quadiu
1018 2236 1152 2292 occasu
1182 2216 1266 2291 vitae
1291 2226 1556 2293 converterunt

383 2354 424 2409 se
448 2333 494 2407 ad
519 2334 632 2409 solem
655 2334 804 2429 justitiae
818 2360 828 2431 3
856 2342 893 2411 et
917 2336 1076 2434 assignat
1102 2338 1239 2433 locum,
1260 2360 1378 2432 quare
1403 2340 1449 2414 de
1474 2340 1556 2415 loco

385 2454 446 2527 illo
470 2453 540 2527 sint
565 2456 763 2550 spectandi,
790 2455 937 2532 dicens:
958 2461 1017 2531 voi
1038 2467 1255 2533 corwscerete
1279 2463 1404 2552 meplto
1423 2464 1475 2552 pli
1495 2464 1557 2534 atti

384 2576 513 2649 doolti
537 2576 574 2648 di
599 2578 675 2649 tutti
696 2580 827 2668 quanti,
857 2576 960 2671 idest,
991 2578 1159 2652 omnium
1185 2586 1222 2654 et
1246 2579 1491 2677 singulorum,
1520 2584 1559 2655 dt·

385 2703 501 2786 quarm
532 2695 648 2788 balzo,
675 2695 777 2790 idest,
810 2696 940 2771 stando
972 2698 1030 2772 hic
1060 2698 1097 2772 in
1131 2698 1200 2771 isto
1234 2698 1351 2796 gradu
1384 2700 1471 2793 alto,
1498 2703 1558 2773 cae

385 2819 507 2889 comiti
532 2822 589 2889 tra
613 2819 681 2889 essi
703 2812 872 2907 pininello
889 2821 999 2907 tama,
1016 2816 1117 2912 idest,
1136 2838 1249 2912 quam
1271 2818 1300 2892 si
1321 2818 1447 2892 essetis
1466 2838 1557 2892 con-

385 2936 526 3033 gregati
553 2956 640 3011 cum
666 2936 719 3011 eis
747 2936 843 3011 intra
872 2937 971 3011 illam
1003 2937 1187 3032 planitiem
1214 2944 1395 3031 cavatam,
1420 2937 1467 3013 ad
1491 2939 1558 3013 de·

386 3055 600 3150 notandum,
621 3055 719 3150 quod
745 3055 843 3131 lama
868 3057 1023 3133 istorum
1048 3056 1234 3132 interdum
1261 3058 1379 3154 magis
1403 3065 1556 3133 sonata

385 3177 505 3271 longe,
527 3197 639 3270 quam
665 3198 688 3251 a
712 3197 837 3272 prope,
851 3178 959 3272 juxta
977 3178 1066 3252 illud
1083 3177 1293 3252 Claudiani:
1317 3182 1439 3253 minuit
1456 3201 1558 3273 proe·

382 3299 494 3369 sendo
519 3299 667 3391 [omum.
687 3338 737 3351 -
760 3300 866 3371 Gelai.
906 3297 971 3372 Hic
1002 3298 1188 3373 Sordellus
1222 3298 1386 3373 nominat
1418 3299 1559 3394 aliquot

384 3415 531 3511 spiritus
562 3416 764 3514 electiores,
797 3424 834 3492 et
865 3418 984 3512 primo
1015 3417 1308 3513 principaliorem
1344 3418 1558 3515 principem,

386 3537 522 3613 scilicet
551 3559 669 3612 uuum
699 3538 971 3634 imperatorem.
1003 3537 1057 3612 dd
1091 3538 1196 3613 cuius
1225 3538 1471 3636 cognitionem
1505 3547 1561 3614 est

385 3656 506 3753 primo
531 3657 732 3753 sciendum,
751 3658 851 3752 quod
876 3658 1089 3754 Rodulplrus
1110 3678 1249 3755 genere
1265 3679 1477 3755 germanus,
1494 3680 1561 3755 pa-

386 3786 494 3857 truus
519 3799 643 3856 comes
667 3780 818 3875 Alberti,
844 3801 912 3855 sua
936 3780 1117 3876 probitate
1152 3780 1269 3854 lactus
1300 3788 1356 3855 est
1387 3780 1464 3854 dux
1495 3801 1562 3876 po-

388 3899 622 3975 tentissimus.
641 3900 734 3974 Nam
752 3898 944 3993 acquisivit
960 3899 1146 3993 Saeuam,
1161 3919 1245 3994 quaa
1265 3900 1421 3976 vacabat
1440 3908 1562 3977 morte

387 4019 491 4095 ducis
516 4020 671 4096 dustriae
698 4022 761 4115 qui
787 4020 908 4095 suerat
932 4019 1158 4115 decapitatus
1182 4020 1291 4095 simul
1313 4042 1399 4095 cum
1421 4022 1561 4096 Conra-

388 4140 493 4237 din03
518 4121 627 4217 cuiue
650 4142 733 4217 lecit
758 4140 890 4215 ducem
916 4140 1106 4215 Albertum
1142 4140 1256 4214 lilium
1282 4162 1405 4215 suum.
1432 4143 1477 4215 Et
1502 4162 1562 4217 re·

388 4262 514 4357 gnavit
538 4261 751 4357 liudulphus
776 4260 880 4335 annis
901 4260 1037 4356 viginti.
1055 4262 1100 4334 Et
1117 4261 1255 4335 electus
1275 4260 1476 4357 imperator
1493 4264 1562 4337 ha-

389 4381 468 4456 buit
492 4402 607 4478 grave
624 4381 762 4457 bellum
782 4401 868 4456 cum
887 4400 977 4477 rege
993 4380 1179 4454 Bohemiae
1194 4381 1445 4475 potentissimo
1463 4403 1561 4458 auno

389 4501 531 4575 Domini
557 4500 820 4595 Mccuxxvl13
848 4500 911 4595 qui
937 4501 1096 4596 potentia
1129 4509 1166 4577 et
1194 4501 1380 4596 opulentia
1413 4523 1479 4577 sua
1504 4502 1562 4577 in-

388 4621 606 4719 dignabatur
635 4640 769 4717 parere
802 4620 880 4693 sibi.
911 4621 1064 4716 Propter
1098 4620 1197 4717 quod
1226 4621 1440 4717 Rodulphus
1472 4642 1559 4697 cum

391 4762 526 4838 magno
551 4749 589 4817 et
610 4742 697 4819 lorti
723 4741 887 4817 exercitu
915 4740 978 4815 ivit
998 4748 1125 4816 contra
1144 4762 1244 4817 eum.
1263 4742 1329 4817 Cui
1348 4762 1415 4817 rex
1431 4750 1564 4840 poten-

391 4868 449 4937 ter
474 4862 646 4957 occurrit,
673 4868 709 4937 et
734 4862 930 4938 commisso
955 4861 1139 4937 acerrimo
1162 4862 1293 4957 proelio
1307 4856 1345 4956 (¹)
1365 4863 1462 4939 iuter
1477 4872 1564 4940 tam

455 5107 483 5172 (¹)
500 5112 554 5171 117,
571 5110 641 5162 helio
656 5113 732 5165 lnior.
