4542 6842
713 981 852 1036 caurus
877 979 1035 1036 nncruus
1059 979 1237 1048 cusanus.
1484 965 1555 1034 383

375 1125 624 1220 januensium.
648 1125 720 1200 Sed
742 1143 842 1219 ecce,
863 1132 905 1199 ut
929 1132 986 1201 ast
1009 1125 1056 1202 de
1082 1145 1199 1220 more,
1216 1124 1388 1222 superbia
1413 1125 1558 1200 destru-

381 1243 432 1319 xit
457 1245 688 1341 superbiam3
715 1265 800 1320 nam
827 1250 908 1340 post
933 1245 1066 1320 multas
1096 1245 1248 1320 iniurias
1277 1245 1471 1320 hincinde
1495 1263 1553 1318 re·

378 1369 513 1460 copias,
533 1365 734 1460 januenses
757 1385 843 1439 cum
865 1365 1019 1440 terribili
1035 1366 1155 1442 classe
1170 1372 1208 1440 et
1228 1365 1347 1440 valida
1359 1367 1557 1461 juventute

379 1490 562 1559 venerunt
588 1492 715 1560 contra
742 1485 898 1580 pisanos,
916 1503 1003 1559 cum
1021 1485 1156 1580 quibus
1173 1485 1294 1559 navali
1319 1485 1450 1581 proelio
1467 1505 1557 1560 con·

379 1608 581 1679 currerunt
593 1598 630 1697 (¹)
658 1604 757 1701 apud
782 1607 958 1680 lleloram
984 1607 1178 1701 scopulum
1203 1626 1315 1701 supra
1333 1612 1482 1701 portum
1500 1607 1556 1702 pi-

231 1789 234 1796 r
381 1746 526 1821 sanum,
554 1704 629 1818 ubi,
657 1733 698 1800 ut
722 1725 800 1801 cito
819 1725 950 1820 dicam,
968 1726 1083 1821 pisani
1103 1725 1256 1801 luerunt
1280 1726 1469 1802 infeliciter
1489 1726 1556 1802 de-

382 1847 515 1942 bellati,
533 1846 727 1922 duodecim
746 1846 856 1921 millia
875 1847 981 1942 capti,
995 1853 1032 1921 et
1049 1853 1212 1943 quatuor
1228 1847 1341 1923 millia
1357 1847 1557 1943 perempti3

381 1971 419 2040 et
443 1987 577 2062 graves
602 1969 702 2064 leges
727 1974 765 2042 et
788 1967 893 2042 durae
917 1966 1143 2042 conditiones
1159 1966 1353 2064 navigandi
1379 1975 1466 2041 sunt
1486 1967 1557 2042 im·

382 2089 507 2182 positae
532 2089 595 2162 eis
622 2087 666 2162 Et
690 2089 738 2163 ab
763 2087 824 2164 illo
851 2096 1018 2183 tempore
1043 2107 1191 2182 semper
1212 2087 1389 2162 diminuta
1408 2095 1463 2162 est
1488 2108 1557 2184 po-

382 2209 492 2285 tentia
518 2209 730 2304 pisanorum
758 2215 907 2305 propter
938 2209 1032 2284 bella
1062 2209 1182 2284 civilia
1211 2215 1248 2283 et
1278 2215 1443 2303 externa,
1471 2228 1557 2305 quae

382 2329 592 2405 babuerunt
615 2348 703 2405 cum
729 2329 941 2424 florentinis,
968 2336 1007 2404 et
1030 2329 1102 2404 alia
1133 2327 1278 2402 sinistra
1307 2327 1555 2404 fortunarum.

381 2489 430 2504 -
447 2447 509 2524 Nd.
535 2450 640 2524 Nunc
665 2447 783 2524 Guido
808 2449 987 2544 descripta
1013 2449 1109 2523 valle
1125 2447 1212 2521 brui
1232 2448 1281 2522 ab
1300 2448 1473 2523 omnibus
1492 2450 1559 2524 ba·

383 2569 600 2644 bitatoribus
616 2560 652 2662 (¹)
679 2569 767 2662 suis,
793 2567 964 2644 describit
993 2568 1219 2664 singularem
1245 2568 1493 2642 turbationem
1520 2569 1556 2642 in

384 2689 487 2764 brevi
514 2696 731 2764 eventuram
757 2687 961 2764 Florentiae.
989 2688 1033 2761 Et
1062 2686 1109 2762 ad
1139 2687 1250 2761 buius
1282 2687 1395 2764 literar
1427 2709 1556 2763 veram

383 2809 657 2906 intelligentiam
690 2816 745 2884 est
776 2808 938 2884 breviter
969 2807 1171 2901 sciendum,
1203 2808 1303 2902 quod
1335 2809 1372 2882 in
1397 2809 1557 2903 MCCCll,

384 2949 471 3005 cnm
498 2949 584 3024 pars
607 2929 721 3024 Nigra
745 2934 842 3004 esset
867 2927 1018 3003 reducta
1044 2927 1080 3002 in
1106 2927 1327 3003 Florentiam
1352 2949 1418 3024 per
1443 2929 1558 3003 Caro-

384 3049 463 3124 lum
489 3049 569 3123 sine
594 3055 705 3142 terra,
728 3047 822 3123 sicut
847 3048 953 3142 plene
977 3045 1154 3144 scriptum
1180 3055 1236 3122 est
1260 3047 1420 3142 capitulo
1437 3048 1483 3121 Vl
1501 3049 1559 3122 ln-

383 3169 489 3263 lerni‚
514 3168 694 3264 principes
718 3169 830 3264 partis
854 3167 967 3263 ipsius
999 3167 1121 3264 Nigrae
1152 3167 1326 3242 vivebant
1353 3167 1390 3241 in
1425 3189 1559 3266 magna

385 3289 603 3384 suspicione,
621 3288 707 3382 qnia
725 3287 929 3363 sentiebant
953 3296 1095 3383 partem
1116 3287 1247 3362 Albam
1264 3307 1346 3362 esse
1371 3294 1557 3382 potentem

384 3410 423 3483 in
440 3407 643 3502 Florentia3
669 3415 706 3484 et
731 3409 859 3483 exules
884 3428 982 3504 saepe
1003 3408 1211 3482 scribebant
1235 3406 1377 3482 civibus
1392 3408 1439 3482 de
1455 3416 1560 3503 parte

385 3551 464 3606 sna.
492 3531 576 3605 ldeo
601 3530 783 3606 dederunt
806 3549 959 3625 operam
989 3529 1088 3623 quod
1113 3527 1305 3603 Fulcerius
1335 3526 1382 3602 da
1407 3529 1560 3604 Calbnlo

384 3661 474 3728 tunc
491 3659 650 3748 potestas
667 3651 871 3744 Florentiae,
890 3650 1002 3724 lullus
1029 3649 1155 3724 lavore
1179 3667 1325 3742 eorum,
1350 3649 1472 3723 subito
1497 3671 1561 3726 ce·

263 3855 266 3864 ,
385 3773 437 3867 pit
463 3771 641 3867 quosdam
666 3770 765 3846 cives
790 3770 956 3846 dedicta
981 3776 1086 3865 parte
1111 3769 1213 3864 lllbs,
1238 3769 1334 3845 inter
1360 3791 1454 3864 quos
1478 3772 1560 3846 lue·

386 3897 473 3965 runt
498 3892 669 3966 dominus
702 3891 839 3966 Betbus
863 3890 910 3965 de
939 3888 1161 3982 Gerardinis,
1185 3888 1346 3963 blasinus
1371 3897 1408 3964 et
1438 3891 1560 3966 bona·

388 4022 448 4088 tus
465 4012 512 4087 de
528 4011 818 4117 Caraloantibus,
835 4011 969 4087 Nerius
985 3999 1022 4103 (³)
1039 4009 1085 4086 de
1102 4009 1490 4107 Adimaris,·Tignosus
1514 4012 1561 4088 de

386 4131 528 4226 linceis,
553 4131 628 4207 duo
653 4131 699 4206 de
724 4129 976 4224 Scboiaribus;
1002 4135 1040 4204 et
1070 4129 1244 4204 obiiciens
1273 4129 1354 4225 illis,
1380 4131 1481 4225 qnod
1505 4137 1562 4208 te-

388 4254 522 4330 nebant
548 4259 745 4328 tractatum
770 4249 982 4346 proditionis
998 4271 1085 4326 cum
1103 4251 1274 4326 exulibus
1292 4251 1396 4345 albis,
1413 4240 1559 4345 sarad)

388 4372 589 4468 questione
606 4376 891 4466 tormentorum,
907 4371 986 4446 sive
1006 4379 1128 4446 essent
1145 4371 1291 4466 conscii,
1305 4372 1384 4447 sive
1400 4393 1486 4467 non,
1505 4373 1561 4448 le·

386 4493 435 4569 cit
460 4511 524 4568 eos
549 4489 725 4585 confiteri,
756 4489 856 4585 quod
881 4491 1052 4566 volebant
1082 4491 1239 4587 prodere
1264 4492 1462 4567 civitatem.
1489 4492 1560 4569 Sed

386 4612 446 4688 ille
469 4609 647 4708 'lignosus
672 4629 718 4685 en
745 4609 857 4685 nimia
883 4610 1109 4706 corpulentia
1134 4611 1337 4688 suffocatus
1355 4620 1411 4687 est
1427 4613 1465 4686 in
1482 4621 1561 4688 tor-

386 4739 490 4826 tura3
516 4736 670 4805 caeteros
695 4729 955 4807 condemnatos
974 4729 1203 4826 decapitavit.
1220 4733 1266 4806 Et
1281 4732 1329 4807 ad
1350 4732 1559 4809 instantiam

385 4851 522 4926 domini
547 4849 691 4924 ldusatti
716 4850 899 4924 Francesii
924 4849 1050 4947 magni
1075 4851 1272 4946 Caporalis,
1290 4853 1407 4929 voluit
1426 4873 1560 4949 capere

449 5037 724 5104 promamus
1022 5039 1050 5101 ll
1067 5044 1121 5102 nr,
1138 5041 1312 5093 numum·
1326 5042 1387 5093 mo

449 5116 476 5181 (⁸)
493 5116 523 5167 E.
540 5115 630 5168 Nollns
646 5116 678 5169 de
694 5117 835 5169 Adlmarls.
1023 5117 1050 5181 (⁸)
1067 5117 1098 5168 E.
1114 5119 1168 5169 sira
1183 5119 1335 5184 puellm
