4542 6842
719 948 767 1014 92
902 931 904 939 ’
1078 956 1284 1012 oouurvruu
1309 955 1530 1011 rnneuuonu

717 1122 785 1199 per
809 1101 1034 1177 intellectum
1059 1102 1278 1194 humanum,
1305 1120 1377 1174 non
1411 1105 1596 1175 noverunt
1620 1099 1743 1175 omnia
1778 1098 1890 1174 etiam

717 1222 882 1317 inpuris
912 1221 1152 1317 naturalibus,
1185 1229 1223 1296 et
1256 1220 1527 1295 multominus
1560 1220 1597 1293 in
1632 1219 1772 1315 divinis,
1804 1219 1891 1315 quia

718 1362 792 1416 uon
805 1336 842 1433 (¹)
869 1342 1106 1437 creationem,
1133 1363 1207 1428 non
1233 1339 1533 1435 incarnationem,
1554 1360 1629 1415 non
1649 1341 1892 1417 resurrectio-

717 1481 815 1536 nem.
842 1462 935 1536 Dicit
958 1482 1069 1559 ergo:
1089 1486 1108 1535 c
1132 1464 1276 1555 vedaste,
1295 1462 1441 1555 scilicet,
1468 1482 1533 1535 vos
1552 1462 1717 1536 homines
1742 1460 1890 1536 novistis

719 1585 780 1672 toi,
806 1582 951 1676 scilicet,
977 1604 1129 1680 magnos
1156 1583 1396 1679 philosophos
1413 1584 1540 1674 divim,
1558 1581 1661 1676 idest,
1682 1581 1891 1657 desiderare

719 1703 813 1777 scire
843 1710 976 1798 totum,
1005 1725 1113 1777 senza
1135 1708 1260 1797 scotto,
1286 1704 1372 1797 quia
1398 1708 1485 1776 voto
1514 1703 1676 1777 frustrati
1703 1709 1800 1797 sunt,
1830 1704 1891 1776 cle

718 1826 857 1898 smetde
875 1828 933 1897 lor
947 1827 1036 1898 duo
1057 1832 1206 1917 puetoto,
1224 1824 1254 1897 si
1271 1824 1472 1920 potuissent
1492 1824 1614 1898 omnia
1633 1824 1728 1899 scire
1744 1844 1810 1918 per
1828 1844 1889 1899 ra-

719 1945 868 2039 tionem,
899 1950 936 2019 et
966 1967 1039 2019 non
1069 1946 1195 2019 luisset
1229 1945 1432 2019 necessaria
1468 1943 1576 2038 tides,
1612 1943 1675 2019 sed
1709 1944 1889 2039 sapientes

718 2067 817 2141 stulti
842 2066 978 2141 inventi
1005 2073 1100 2159 sunt,
1130 2066 1213 2140 ideo
1245 2066 1352 2139 dicit:
1383 2068 1454 2157 cte,
1486 2064 1589 2156 idest,
1620 2065 1718 2159 quod
1747 2065 1889 2141 deside·

717 2187 814 2260 rium
841 2193 879 2261 et
904 2187 1085 2282 appetitus
1110 2185 1246 2261 sciendi
1271 2186 1394 2261 omnia
1421 2184 1479 2259 via
1505 2186 1673 2279 naturali,
1692 2184 1813 2260 vidulo
1833 2190 1889 2259 lor

711 2330 780 2401 per
804 2311 900 2399 lutto,
926 2308 1028 2400 idest,
1055 2315 1111 2382 est
1135 2326 1354 2381 conversum
1382 2305 1449 2379 illis
1463 2297 1500 2397 (²)
1521 2304 1557 2379 in
1579 2305 1777 2401 planctum,
1799 2314 1890 2381 eter-

716 2433 901 2520 nolmente,
923 2428 1009 2521 quia
1036 2428 1258 2502 aeternaliter
1276 2433 1360 2501 sunt
1377 2426 1506 2522 privati
1525 2424 1664 2500 visione
1681 2426 1758 2521 not,
1776 2446 1887 2521 quem

716 2568 863 2643 semper
888 2548 1080 2643 suspirant.
1101 2548 1146 2620 lit
1163 2546 1326 2621 declarat
1342 2546 1512 2641 Virgilius
1530 2544 1594 2638 qui
1613 2545 1748 2619 luerint
1769 2546 1825 2620 isti
1843 2547 1889 2621 de

716 2670 851 2764 quibus
877 2670 1050 2762 loquitur,
1080 2668 1224 2743 dicens:
1258 2670 1293 2739 io
1323 2669 1401 2740 dico
1431 2668 1692 2739 d’Arv'stotelcc
1716 2669 1755 2741 di
1775 2668 1886 2739 Plato.

716 2792 762 2864 Et
786 2790 843 2864 hic
869 2797 967 2882 nota,
985 2790 1110 2883 lector,
1129 2788 1227 2882 quod
1246 2798 1352 2881 poeta
1371 2794 1496 2861 noster
1517 2806 1663 2882 semper
1688 2794 1725 2863 et
1751 2788 1888 2882 ubique

717 2909 902 3003 praemittit
931 2908 1161 2982 Aristotelem
1188 2906 1347 3002 Platoni3
1379 2907 1478 2981 unde
1507 2907 1544 2980 in
1576 2907 1718 2982 inleruo
1744 2910 1889 2983 vocavit

717 3048 807 3103 eum
833 3027 1051 3124 magistrum
1077 3027 1270 3121 scientum,
1293 3034 1330 3101 et
1354 3028 1543 3101 Platonem
1562 3033 1599 3102 et
1615 3028 1803 3103 Socratem
1822 3051 1888 3125 po-

716 3148 788 3222 suit
815 3147 1091 3242 propinquiores
1117 3148 1165 3221 illi
1192 3154 1228 3222 et
1249 3147 1392 3240 merito,
1423 3148 1509 3240 quia
1535 3146 1744 3222 Aristoteles
1774 3149 1887 3223 extir-

715 3269 816 3363 pavit
840 3289 986 3343 errores
1003 3268 1182 3361 omniurn,
1210 3272 1246 3341 et
1261 3257 1298 3357 (³)
1325 3266 1516 3341 veritatem
1538 3268 1711 3344 latentem
1736 3269 1805 3342 sub
1830 3276 1887 3343 te·

716 3388 831 3464 nebra
857 3387 1070 3484 ignorantie
1095 3386 1247 3461 adduxit
1264 3387 1300 3459 in
1321 3387 1460 3481 lucem3
1483 3406 1739 3480 necunquam
1766 3388 1886 3463 inveni

714 3509 875 3601 aliquem
910 3527 1088 3603 magnum
1118 3506 1309 3603 physicum
1340 3507 1404 3599 qui
1436 3508 1505 3580 hoc
1536 3508 1733 3603 negaverit.
1768 3508 1888 3602 Aliqui

716 3639 841 3704 tamen
867 3628 991 3724 magni
1019 3625 1176 3703 morales
1201 3635 1239 3702 et
1268 3628 1432 3701 catholici
1459 3628 1658 3721 praeieruut
1687 3628 1887 3722 Platonem,

717 3752 811 3825 sicut
841 3749 969 3825 Cicero
999 3748 1062 3842 qui
1094 3754 1200 3822 vocat
1224 3748 1411 3823 Platonem
1443 3747 1554 3821 deum
1590 3748 1886 3843 philosophorum

714 3869 977 3945 commendans
1002 3867 1231 3941 Aristotelem
1257 3867 1365 3941 dicit:
1397 3867 1584 3941 Platonem
1615 3887 1761 3963 semper
1786 3868 1887 3943 erci-

715 3988 785 4086 pio.
805 3990 848 4061 Et
864 3988 1089 4084 Augustinus
1115 3988 1178 4080 qui
1204 3986 1371 4081 sequitur
1396 3986 1554 4061 Tullium
1572 3985 1668 4061 idem
1686 3982 1783 4081 dicit,¹
1800 3986 1887 4083 quia

714 4110 809 4185 dicta
827 4108 986 4183 Platonis
1002 4115 1090 4182 sunt
1110 4108 1227 4204 magis
1252 4106 1489 4182 accommoda
1505 4094 1542 4198 (¹)
1571 4106 1652 4183 fidei
1670 4108 1884 4183 christianae.

714 4232 758 4307 ut
783 4230 961 4305 Calcidius
978 4236 1246 4304 commentator
1263 4228 1421 4301 Platonis
1443 4227 1527 4302 dicit
1553 4228 1652 4323 quod
1677 4228 1886 4305 Aristoteles

713 4372 783 4426 suo
800 4350 959 4445 quodam
982 4370 1087 4423 more
1104 4350 1199 4443 pleni
1220 4347 1444 4444 perfectique
1461 4347 1640 4444 dogmatis
1658 4349 1773 4424 electo
1786 4350 1886 4443 quod

713 4472 833 4545 visum
851 4470 908 4563 sit,
925 4478 1059 4545 caetera
1079 4469 1262 4544 fastidiosa
1281 4468 1420 4543 incuria
1439 4468 1598 4564 negligit.
1623 4468 1794 4546 Similiter
1810 4472 1887 4545 lla·

712 4592 860 4667 crobius
873 4597 1141 4665 commentator
1151 4590 1255 4664 Tullii
1270 4590 1351 4685 plus
1365 4589 1598 4664 commendat
1607 4588 1806 4664 Platonem.
1816 4590 1886 4664 Sed

712 4720 814 4788 certe
832 4732 905 4786 non
922 4711 1028 4786 video
1045 4730 1163 4805 quare
1182 4710 1264 4784 libri
1290 4708 1449 4784 Platonis
1467 4730 1540 4784 non
1558 4717 1643 4784 suut
1656 4710 1705 4783 ita
1724 4710 1886 4785 translati

713 4833 759 4908 ad
786 4854 864 4927 nos,
882 4852 955 4906 non
981 4833 1167 4928 leguntur,
1195 4852 1268 4905 non
1287 4831 1504 4927 allegantur,
1523 4850 1608 4905 cum
1630 4837 1753 4904 tamen
1779 4831 1883 4906 multi

777 5018 804 5082 (¹)
820 5019 851 5069 1²„
867 5019 927 5081 quia
943 5033 995 5068 non
1011 5018 1196 5069 intellexerunt
1211 5018 1379 5069 creationem.
1442 5018 1469 5081 Ρ)
1486 5022 1540 5079 tlt,
1557 5019 1584 5068 in
1600 5018 1659 5067 illia.

779 5096 805 5160 (¹)
821 5095 853 5145 ll.
869 5099 896 5144 et
911 5095 1020 5145 virtutes
1036 5095 1155 5147 latentes.
1441 5092 1468 5159 ρ)
1484 5093 1510 5145 S.
1525 5108 1541 5145 a
1558 5093 1589 5145 lt,
1606 5093 1807 5146 accommodam,
