4542 6842
822 988 961 1044 CANTUS
985 990 1127 1044 ruimus.
1515 980 1560 1048 33

386 1131 572 1208 Uticenses
595 1139 722 1206 autem
749 1133 918 1226 quamvis
943 1133 1087 1209 odirent
1110 1154 1211 1227 eum,
1235 1135 1320 1227 quia
1346 1142 1427 1209 erat
1451 1136 1562 1210 hostis

386 1255 550 1348 casaris,
577 1254 744 1329 lecerunt
768 1252 817 1326 illi
836 1254 1047 1348 sepulcrum
1072 1261 1221 1350 propter
1238 1255 1463 1351 singularem
1486 1257 1562 1330 vir-

389 1382 505 1450 tutem
531 1376 623 1469 eius,
649 1382 687 1450 et
712 1375 800 1468 quia
826 1375 1035 1450 muniverat
1060 1375 1246 1469 civitatem
1272 1396 1404 1450 eorum
1433 1377 1562 1451 mirili-

361 1577 365 1586 ,
387 1495 438 1598 cis
463 1495 648 1591 operibus,
667 1502 703 1570 et
729 1495 907 1570 turribus.
926 1495 1064 1572 Catone
1090 1503 1252 1590 mortuo,
1272 1498 1310 1570 L.
1329 1498 1450 1572 Caesar
1476 1519 1560 1593 per-

386 1611 502 1690 suasit
519 1615 754 1709 uticensibus,
767 1616 845 1711 jam
862 1637 927 1710 per
944 1636 984 1690 se
996 1617 1091 1691 bene
1109 1617 1302 1712 persuasiS,
1320 1625 1362 1690 ut
1377 1618 1562 1713 aperirent

388 1741 512 1832 portas
537 1735 682 1830 Caesari,
709 1734 795 1830 quia
821 1735 868 1809 de
892 1735 987 1809 illius
1009 1737 1203 1811 clementia
1221 1737 1381 1810 multum
1403 1737 1563 1812 confide-

388 1855 449 1928 bat
464 1848 500 1946 (¹)
528 1859 566 1928 et
590 1854 775 1949 sperabat:
803 1855 880 1949 ipse
896 1874 986 1930 vero
1004 1854 1068 1928 ivit
1085 1856 1231 1929 obviam
1250 1856 1396 1949 Caesari,
1413 1864 1451 1931 et
1476 1877 1561 1950 pro-

388 1973 536 2049 volutus
561 1975 608 2050 ad
624 1994 748 2071 genua
765 1976 845 2049 eius
863 1995 935 2048 non
954 1975 1079 2069 petivit
1097 1975 1164 2048 nisi
1182 1976 1311 2069 vitam,
1330 1977 1423 2049 hanc
1441 1976 1562 2051 Caesar

389 2095 672 2172 clementissime
689 2096 869 2172 concessit
885 2095 947 2190 illi,
965 2102 1002 2170 et
1019 2097 1141 2170 Marco
1155 2096 1299 2190 Aquilio
1316 2096 1460 2172 Catonis
1478 2095 1562 2190 lilio,

389 2223 427 2292 et
451 2216 529 2290 aliis
555 2215 635 2290 liliis
660 2222 698 2290 et
723 2216 838 2292 sociis.
865 2217 970 2292 Nunc
994 2217 1041 2291 ad
1071 2217 1230 2310 literam,
1255 2217 1341 2291 dicit
1367 2218 1561 2314 Virgilius:

386 2336 570 2431 optimum
600 2337 813 2432 exemplum
848 2337 958 2411 huius
993 2338 1047 2412 rei
1079 2339 1261 2413 habemus
1295 2345 1332 2414 te
1367 2339 1561 2432 Catonem3

389 2456 488 2531 unde
523 2456 637 2531 dicit:
673 2464 708 2530 tu
731 2459 757 2530 ’l
783 2461 840 2530 roi
870 2460 929 2530 elce
960 2478 1032 2530 oon
1065 2461 1090 2532 o·
1116 2462 1157 2553 fu
1186 2481 1252 2550 per
1283 2463 1327 2532 let
1361 2481 1491 2532 amaru
1526 2462 1563 2532 la

388 2583 512 2667 morte,
538 2583 639 2651 tanta
664 2582 719 2650 est
749 2576 904 2652 dulcedo
933 2577 1122 2671 libertatis,
1154 2578 1251 2671 quod
1282 2599 1356 2652 non
1388 2578 1564 2673 permittit

388 2696 671 2772 amaritudinem
699 2695 827 2770 mortis
852 2696 990 2789 sentiri,
1015 2701 1054 2771 in
1082 2701 1191 2789 Utica,
1223 2719 1307 2791 quae
1337 2699 1464 2773 civitas
1494 2700 1564 2794 Ly-

389 2817 460 2891 biae
484 2817 593 2890 distat
618 2817 641 2891 a
666 2815 886 2912 Carthagine
909 2837 976 2912 per
1000 2817 1148 2911 dietam,
1170 2825 1207 2891 et
1223 2819 1292 2892 luit
1311 2818 1398 2892 olim
1420 2818 1564 2894 condita

390 2959 413 3012 a
443 2937 682 3032 phoeuicibus,
709 2937 802 3012 sicut
827 2938 1022 3034 Carthago,
1049 2959 1125 3030 ove,
1151 2938 1254 3032 idest,
1286 2938 1324 3012 in
1350 2960 1424 3033 qua
1452 2939 1563 3033 Utica,

390 3061 531 3132 lassasti
555 3061 591 3130 lo
617 3066 719 3149 verte,
739 3057 841 3150 idest,
859 3078 1023 3152 caruem,
1040 3061 1091 3131 clr'
1104 3060 1144 3131 ul
1157 3079 1253 3149 prou
1269 3051 1318 3151 di,
1338 3060 1474 3134 scilicet
1496 3081 1564 3133 no·

390 3178 549 3271 vissima,
574 3168 663 3250 rard
679 3170 709 3250 ri
733 3181 870 3269 citiore,
892 3177 979 3272 quia
1004 3177 1140 3252 scilicet
1157 3199 1245 3252 caro
1261 3179 1462 3275 glorificata
1483 3185 1565 3275 post

391 3297 700 3373 resurrectionem
732 3297 802 3371 erit
837 3297 968 3392 septies
1004 3298 1138 3372 clarior
1170 3298 1255 3372 sole.
1287 3298 1408 3392 Aliqui
1441 3305 1564 3373 mmen

391 3426 513 3494 textus
538 3417 674 3492 habent
698 3439 799 3512 earo,
825 3425 863 3493 et
888 3429 1077 3513 exponunt
1100 3419 1226 3513 aliqui,
1250 3419 1338 3514 quia
1369 3419 1458 3494 Cato
1489 3419 1565 3513 pri-

390 3539 490 3616 vavit
518 3558 558 3614 se
589 3545 718 3633 sponte
747 3539 821 3615 vita
851 3559 925 3612 non
958 3539 1125 3615 reinduet
1158 3561 1321 3633 carnem,
1347 3540 1410 3615 sed
1445 3542 1565 3614 trahet

390 3668 471 3756 post
496 3681 547 3755 se,
573 3660 667 3734 sicut
691 3643 800 3755 poeta
827 3659 930 3733 linxit
953 3660 1086 3734 lnierni
1113 3661 1272 3755 capitulo
1298 3661 1397 3755 lllll;
1417 3661 1480 3735 sed
1497 3661 1563 3733 ista

391 3781 495 3856 litera
522 3787 559 3854 et
584 3779 761 3875 expositio
786 3785 841 3854 est
865 3779 1085 3854 alienissima
1117 3801 1140 3853 a
1169 3787 1294 3854 mente
1322 3781 1474 3874 autoris,
1500 3780 1564 3874 qui

391 3900 494 3997 lingit
519 3901 694 3976 Catonem
723 3919 803 3974 esse
828 3899 983 3993 salvum,
1007 3919 1078 3972 non
1104 3898 1191 3993 quia
1216 3899 1268 3973 sic
1298 3901 1354 3994 sit,
1381 3920 1450 3974 nec
1476 3900 1562 3993 quia

392 4022 444 4096 sic
461 4021 603 4114 credat3
625 4019 688 4094 sed
714 4020 784 4093 sub
810 4019 1062 4116 integumento
1078 4011 1115 4112 (ἢ
1133 4020 1243 4093 huius
1263 4021 1391 4095 nobilis
1412 4021 1565 4095 fictionis

372 4140 544 4218 intendit
576 4140 684 4214 aliam
716 4140 875 4214 nobilem
906 4141 1136 4234 senteutiam,
1169 4147 1210 4212 ut
1241 4141 1328 4216 satis
1361 4142 1460 4216 clare
1485 4140 1564 4235 jem

392 4259 544 4354 exposui
570 4279 693 4354 supra.
721 4260 791 4334 Sed
816 4261 913 4335 circa
938 4261 1045 4335 istam
1071 4267 1231 4335 mortem
1255 4261 1412 4355 Catonis,
1431 4282 1478 4336 ne
1497 4263 1565 4336 ali-

392 4381 476 4474 quis
500 4380 620 4454 melus
644 4400 752 4455 error
777 4381 919 4454 oriatur
944 4381 1089 4477 legenti,
1116 4387 1171 4454 est
1196 4401 1282 4454 cum
1310 4402 1446 4476 magua
1471 4381 1565 4477 vigi-

392 4501 503 4576 lantia
528 4501 908 4594 animadvertendum,
935 4501 1033 4594 quod
1058 4500 1104 4574 de
1129 4501 1197 4574 ista
1228 4507 1348 4575 morte
1372 4502 1470 4596 apud
1495 4522 1565 4575 au·

393 4625 493 4694 tores
522 4620 681 4695 morales
711 4621 827 4695 multa
861 4620 992 4714 scripta
1024 4620 1271 4694 inveniuntur.
1307 4620 1435 4695 Cicero
1467 4622 1564 4695 enim

393 4747 587 4815 contentus
612 4747 667 4816 est
691 4742 806 4837 ipsam
832 4761 1012 4816 excusare
1043 4739 1137 4814 libro
1167 4739 1393 4834 officiorum,
1420 4752 1458 4818 et
1481 4741 1567 4815 dicit

395 4861 494 4956 quod
511 4863 635 4936 vultus
662 4862 805 4958 tyranni
832 4882 905 4935 non
931 4865 1012 4936 erat
1028 4861 1256 4955 aspiciendus
1281 4883 1304 4936 a
1328 4862 1476 4938 Catone.
1494 4861 1564 4936 Sed

457 5111 485 5175 (⁸)
500 5111 526 5162 S.
542 5113 704 5164 confidebunt
718 5119 746 5166 et
761 5114 905 5178 sperabmt.
1095 5110 1124 5176 (¹)
1140 5115 1171 5164 E.
1187 5120 1346 5178 tegumento.

527 5219 569 5263 111.
1420 5222 1433 5263 8
