4542 6842
791 1017 931 1072 caurus
955 1016 1133 1085 ouanrus.
1481 1000 1550 1070 123

377 1159 444 1234 nisi
469 1168 629 1236 arrestes
656 1167 703 1255 te,
727 1166 764 1235 et
789 1168 972 1256 expectes,
993 1168 1030 1236 et
1054 1159 1118 1235 des
1145 1160 1301 1255 spatium
1329 1160 1528 1256 respirandi
1540 1184 1550 1255 ;

376 1284 415 1355 et
438 1301 505 1376 per
532 1284 601 1356 hoc
621 1288 728 1377 poeta
746 1282 825 1355 vult
841 1281 975 1373 dicere,
993 1280 1092 1374 quod
1109 1280 1194 1355 licet
1211 1280 1363 1356 haberet
1380 1280 1547 1357 animum

376 1408 602 1498 promptum,
621 1402 921 1487 tamenlrabebat
943 1421 1077 1496 corpus
1094 1400 1222 1475 debile.
1241 1402 1284 1474 Et
1303 1422 1390 1476 vere
1411 1402 1548 1477 homini

377 1522 538 1599 tendenti
566 1542 683 1619 nuper
707 1523 754 1597 ad
780 1529 856 1596 tam
881 1522 1041 1596 arduum
1065 1528 1240 1614 montem,
1260 1522 1424 1597 modicus
1445 1523 1550 1597 labor

377 1649 432 1719 ost
452 1664 564 1717 sanus
589 1642 697 1717 etde
722 1642 815 1717 lacili
840 1635 1089 1735 latisciturl');
1108 1642 1192 1716 ideo
1217 1642 1317 1737 ponit
1343 1643 1548 1738 responsio-

376 1784 463 1838 nem
489 1762 639 1860 Virgilii,
663 1762 806 1838 dicens:
825 1768 861 1837 et
882 1762 942 1837 ille
958 1761 1141 1858 Virgilius,
1167 1764 1277 1835 disse:
1290 1762 1446 1855 figliuolo
1464 1766 1549 1853 orio,

377 1890 485 1958 vocat
502 1902 589 1958 eum
608 1882 735 1977 lilium,
754 1882 838 1977 quia
855 1888 1051 1957 vocaverat
1073 1902 1160 1957 eum
1180 1888 1335 1977 patrem,
1352 1886 1439 1977 infin
1457 1886 1552 1976 quini

377 2004 404 2075 ti
426 2004 510 2094 tiro,
537 2002 639 2097 idest,
661 2023 781 2097 usque
805 2002 851 2077 ad
876 2002 987 2077 istum
1008 2003 1129 2077 locum
1149 2010 1312 2098 certum,
1332 2003 1430 2079 unde
1447 2004 1548 2079 dicit:

376 2128 411 2196 et
423 2124 630 2197 additommi
644 2144 693 2196 un
709 2124 826 2213 dulzo,
844 2122 947 2217 idest,
965 2129 1001 2197 et
1018 2122 1131 2218 digito
1148 2123 1413 2201 demonstravit
1432 2145 1548 2198 lunum

376 2242 547 2338 gradum,
571 2264 621 2315 un
646 2264 738 2336 poco
770 2246 808 2315 in
835 2263 908 2334 sue,
934 2242 1081 2336 scilicet,
1107 2242 1354 2338 propinquum
1386 2243 1465 2337 sibi,
1492 2246 1552 2317 cte

376 2364 426 2436 da
451 2367 530 2455 pret
553 2366 625 2437 toto
648 2366 677 2437 il
696 2365 828 2456 poppio
845 2370 929 2436 mtto
948 2366 1045 2454 pou,
1066 2362 1169 2453 idest,
1191 2384 1296 2438 mons
1316 2368 1413 2438 totus
1439 2364 1551 2439 decli·

376 2490 440 2559 nat
471 2491 508 2558 et
539 2482 730 2558 dilatatur:
757 2490 793 2558 et
822 2504 889 2579 per
919 2486 988 2558 hoc
1023 2484 1211 2558 moraliter
1239 2484 1423 2577 admouet,
1450 2482 1549 2578 quod

336 2626 343 2634 ’
378 2604 490 2678 homo
514 2604 666 2679 tendens
690 2604 810 2700 primo
839 2604 885 2677 ad
916 2604 1089 2677 virtutem
1122 2604 1232 2679 debet
1264 2624 1350 2679 curn
1378 2604 1549 2679 modera-

379 2723 479 2799 mine
504 2732 606 2799 certo
631 2723 811 2821 gradatim
838 2724 1037 2799 ascendere
1062 2731 1100 2798 et
1125 2724 1263 2819 eligere
1288 2724 1353 2797 sibi
1370 2724 1471 2797 omni
1490 2724 1549 2798 die

377 2850 529 2947 certam
544 2845 772 2941 particulam,
799 2846 886 2939 quia
912 2849 1026 2919 totam
1054 2844 1228 2919 virtutem
1257 2866 1330 2919 non
1355 2850 1475 2941 posset
1500 2844 1579 2917 si··

378 2967 456 3040 mul
481 2966 540 3041 vel
565 2966 638 3041 cito
661 2968 830 3063 amplecti
847 2959 902 3061 (²);
928 2968 1010 3042 ideo
1035 2968 1130 3043 bene
1155 2966 1326 3065 Virgilius
1350 2966 1548 3065 assignavit

378 3086 445 3162 sibi
470 3094 614 3162 certum
633 3087 845 3161 terminum.
872 3086 1010 3162 ldcirco
1028 3087 1148 3161 statim
1168 3080 1268 3183 ponit
1293 3088 1430 3161 bonum
1460 3086 1550 3162 elie-

377 3214 478 3283 ctum
506 3208 615 3281 huius
641 3206 725 3282 boni
751 3208 899 3303 consilii,
925 3208 1069 3283 dicens:
1086 3200 1116 3281 sl
1138 3212 1186 3281 mi
1209 3230 1414 3301 spronoron
1432 3210 1463 3282 le
1479 3228 1549 3301 po-

377 3331 455 3402 role
477 3349 550 3420 sue,
575 3328 678 3423 idest,
705 3329 797 3402 adeo
823 3349 884 3403 me
909 3328 1154 3403 incitaverunt
1176 3328 1221 3401 ad
1248 3328 1357 3423 viam,
1378 3330 1477 3402 clt’io
1503 3330 1552 3401 mi

378 3452 528 3543 ssorzoi,
553 3451 738 3541 carpendo
763 3468 909 3541 opressa
934 3470 958 3519 o
983 3450 1043 3537 lui,
1069 3448 1156 3542 qrria
1183 3447 1330 3542 quando
1357 3451 1467 3522 homo
1493 3454 1548 3522 est

378 3568 496 3644 lactus
525 3576 651 3644 certus
670 3560 707 3661 (³)
741 3566 900 3643 termino
933 3568 1150 3663 propinquo,
1187 3590 1259 3643 non
1283 3569 1334 3642 ita
1368 3574 1549 3664 gravatur

378 3697 724 3785 quantumcumque
749 3688 890 3782 lessus3
917 3688 1015 3762 unde
1039 3688 1143 3762 dicit:
1172 3696 1268 3761 tauto
1293 3690 1391 3761 cte'l
1412 3688 1550 3778 cinglio

377 3816 466 3884 sotto
489 3803 584 3903 ipid
610 3814 757 3905 misae,
791 3808 895 3903 idest,
928 3808 1044 3886 donec
1076 3808 1222 3884 ascendi
1255 3808 1358 3883 illum
1390 3810 1547 3905 gradum

378 3952 490 4025 quom
509 3937 777 4005 monstraverat
796 3930 894 4004 mihi.
913 3928 1106 4025 Cinglrium
1126 3930 1224 4005 enim
1243 3928 1424 4025 appellant
1443 3950 1550 4003 mon-

379 4050 453 4125 tani
479 4072 609 4126 zonam
636 4052 848 4146 quamdam,
866 4072 951 4146 quae
968 4058 1120 4145 apparet
1142 4050 1359 4125 naturaliter
1385 4050 1420 4124 in
1447 4072 1549 4145 saxo,
1653 4148 1657 4155 Ι

378 4180 416 4249 et
441 4172 492 4246 sic
518 4172 698 4268 requievit
723 4174 771 4247 ibi
796 4194 882 4247 cum
909 4193 1076 4268 corpore,
1103 4172 1265 4247 sednon
1295 4191 1380 4245 curn
1413 4172 1549 4245 animo.

452 4300 482 4367 A
507 4296 610 4367 seder
633 4296 666 4366 ci
683 4314 880 4386 ponemnw.
906 4292 977 4368 lsta
999 4299 1054 4368 est
1075 4292 1234 4367 secunda
1253 4313 1337 4388 pars
1356 4290 1550 4388 generalis,

378 4413 415 4487 in
441 4434 515 4507 qua
542 4419 647 4507 poeta
666 4420 790 4487 noster
806 4412 977 4487 describit
993 4412 1262 4507 dispositionem
1285 4411 1366 4486 coeli
1389 4411 1455 4485 illis
1473 4410 1552 4485 eri-

377 4534 556 4609 stentibus
580 4532 618 4607 in
644 4532 703 4607 illo
729 4534 968 4628 hemisperi0;
995 4540 1032 4609 et
1061 4534 1180 4628 primo
1206 4531 1422 4609 continuans
1455 4530 1550 4606 dicta

377 4652 534 4729 dicendis
560 4652 715 4729 ostendit
740 4652 926 4748 quomodo
950 4654 1092 4728 dederit
1117 4673 1157 4727 so
1186 4650 1299 4747 qrrieti
1326 4652 1489 4745 corporis
1515 4657 1552 4725 et

376 4773 494 4849 labori
521 4775 665 4868 mentis,
690 4774 833 4848 dicens:
861 4776 1031 4864 mndedui,
1058 4772 1203 4865 scilicet,
1222 4792 1291 4869 ego
1318 4770 1452 4845 [lantes
1479 4772 1550 4845 les·

376 4914 439 4969 sus
464 4902 501 4970 et
525 4893 695 4991 Virgilius
720 4894 837 4989 gratia
865 4892 949 4988 mei,
971 4896 1004 4967 ci
1023 4912 1209 4986 pmrernmo
1235 4915 1259 4964 u
1283 4894 1386 4965 seder
1401 4896 1462 4982 iot,
1480 4893 1549 4966 sci·
1691 4988 1696 5001 Ι

439 5079 467 5141 (¹)
484 5080 515 5131 li.
530 5081 696 5131 utislncilur.
970 5078 997 5142 (¹)
1013 5080 1044 5131 Ε,
1061 5077 1207 5143 completa,

440 5155 467 5221 ι’)
484 5162 561 5208 11⁷0
577 5157 608 5208 Ε.
624 5164 712 5209 certus
728 5159 760 5210 do
777 5158 897 5209 termino.
