4542 6842
842 972 981 1030 cuorus
1006 973 1175 1029 orciuos.
1523 959 1594 1031 29³

419 1120 539 1212 perire
560 1120 704 1210 potuisti
709 1142 724 1211 ;
749 1124 840 1191 cerlo
865 1122 924 1209 qui
943 1122 1150 1213 sraptlitutis
1174 1119 1336 1191 lomorue
1361 1138 1494 1191 emmor
1515 1120 1595 1212 stre

421 1242 471 1311 rit
499 1257 691 1329 numquam
722 1238 905 1331 superent,
931 1242 991 1331 poi
1020 1260 1043 1313 o
1069 1241 1213 1330 planctu
1248 1240 1355 1311 mlum
1387 1240 1507 1330 incipit
1535 1239 1595 1331 {lr-

423 1364 511 1431 lorm
537 1360 686 1431 omerio
711 1358 912 1448 moinum
939 1358 982 1431 Et
1007 1358 1093 1451 quio
1118 1356 1301 1452 superbus
1324 1358 1510 1433 constituit
1527 1357 1593 1432 sibi

423 1476 531 1552 finem
560 1477 596 1550 iu
622 1476 791 1553 felicitate
817 1477 996 1571 praesenti,
1014 1478 1172 1553 ostendit
1189 1475 1236 1550 ml
1253 1497 1365 1570 quem
1388 1476 1497 1551 linem
1519 1477 1595 1551 lor·

424 1603 545 1671 mains
577 1602 633 1670 est
670 1596 793 1690 homo,
821 1616 886 1691 per
917 1618 1029 1670 unam
1055 1597 1227 1671 subtilem
1262 1597 1595 1691 comparationem

299 1766 304 1779 ·
336 1776 337 1779 u
422 1721 460 1793 et
486 1716 564 1789 vult
589 1714 749 1791 breviter
773 1714 896 1791 dicere
922 1715 1020 1810 quod
1047 1718 1158 1791 homo
1176 1715 1293 1791 iactus
1310 1726 1366 1793 est
1385 1715 1421 1789 in
1443 1716 1595 1810 mundo,

422 1835 517 1913 sicut
541 1836 601 1909 ille
627 1836 763 1911 vermis
788 1836 850 1931 qui
882 1836 965 1911 lacit
996 1837 1167 1911 soricum.
1206 1837 1301 1911 Talis
1329 1837 1425 1911 enim
1458 1836 1595 1912 vermis

423 1956 518 2031 lecte
545 1962 645 2032 veste
669 1976 756 2030 cum
771 1949 820 2049 (¹).
839 1956 954 2031 multo
981 1957 1106 2031 labore
1126 1978 1208 2050 suo,
1227 1958 1395 2051 moritur,
1413 1969 1451 2035 et
1476 1979 1522 2033 ex
1549 1978 1595 2035 eo

422 2076 498 2153 exit
521 2076 616 2149 elius
641 2075 777 2151 vermis
803 2076 941 2152 habens
965 2078 1042 2152 olas
1066 2078 1161 2151 sicut
1186 2076 1336 2173 popilio;
1363 2078 1412 2152 ite
1437 2099 1460 2151 o
1486 2078 1594 2152 simili

422 2201 543 2293 homo,
562 2200 662 2275 luctis
685 2199 957 2295 operationibus
983 2201 1069 2294 suis,
1088 2202 1341 2296 corrumpitur
1358 2208 1395 2277 et
1416 2203 1594 2297 moritur;
1634 2275 1642 2285 ,

421 2320 486 2395 sed
511 2320 633 2393 anima
655 2319 744 2393 levis
761 2319 845 2395 inde
861 2320 937 2395 exit
954 2328 991 2395 et
1007 2322 1139 2395 evolat.
1158 2321 1249 2395 llicit
1266 2342 1373 2417 ergo:
1399 2342 1471 2395 non
1494 2324 1594 2395 o'oe-

422 2448 559 2530 corpote
585 2442 653 2529 ooi,
686 2440 790 2533 quasi
816 2440 923 2533 dicet,
951 2441 1178 2535 perpendere
1194 2441 1353 2536 potestis,
1370 2440 1400 2515 si
1419 2463 1491 2515 oon
1508 2440 1594 2515 estis

422 2560 572 2635 omnino
603 2560 776 2637 obcaeceti
796 2551 846 2653 (¹),
878 2564 939 2633 clo
968 2563 1029 2635 noi
1059 2565 1148 2633 nom
1182 2565 1304 2652 mmm,
1336 2568 1516 2656 quantum
1546 2562 1593 2637 od

424 2699 570 2774 corpus,
602 2683 680 2753 noti
708 2700 731 2753 o
760 2684 905 2774 former
940 2684 1136 2771 l'anpelica
1164 2684 1329 2775 sorsollo,
1358 2681 1459 2776 idest,
1494 2682 1594 2777 papi-

423 2798 571 2892 lionem,
598 2818 663 2893 per
688 2819 799 2893 quem
827 2799 992 2896 inteiligit
1010 2800 1172 2874 animem
1193 2800 1419 2893 rationalem,
1438 2820 1522 2895 quae
1539 2801 1594 2875 ri·

424 2919 533 2995 detur
558 2920 603 2994 de
630 2927 762 2993 tratura
787 2920 951 3015 angelice
981 2921 1132 3013 coelesti,
1163 2920 1249 3014 quia
1281 2920 1508 3013 immortalis,
1537 2922 1594 2995 iu·

424 3040 678 3136 corruptibilis,
697 3040 786 3115 levis
812 3048 849 3117 et
874 3062 977 3135 pura.
1006 3042 1049 3115 Et
1066 3047 1153 3115 note
1169 3048 1351 3139 quantum
1369 3041 1594 3137 comparatio

424 3162 579 3237 istorum
603 3161 786 3235 vermium
813 3171 868 3237 est
895 3162 1108 3236 mirabiliter
1129 3161 1289 3256 proprio,
1306 3162 1405 3256 quio,
1422 3161 1517 3237 sicut
1536 3160 1593 3240 isti

338 3302 340 3307 ·
423 3302 580 3375 vermes,
609 3288 649 3355 ut
675 3281 900 3376 experientia
924 3281 1042 3373 docet,
1067 3281 1229 3377 indigent
1254 3280 1415 3355 maximo
1441 3302 1532 3355 cura
1556 3287 1594 3357 el

422 3402 598 3495 custodio,
624 3402 711 3497 quia
737 3408 822 3474 sunt
847 3402 1009 3475 maxime
1036 3401 1193 3495 delicati,
1218 3406 1255 3475 et
1284 3400 1502 3496 indignantis
1526 3421 1593 3476 na-

422 3527 517 3598 turae
543 3522 579 3595 in
605 3529 748 3595 tantum
781 3520 880 3614 quod
912 3520 1075 3597 modicus
1105 3528 1239 3595 ventus
1271 3520 1328 3595 vel
1361 3520 1594 3595 loetorloedit

423 3662 498 3737 eos,
524 3649 562 3717 et
586 3641 755 3717 facillime
780 3648 1072 3735 corrumpuntur
1097 3647 1136 3715 et
1163 3640 1391 3733 moriuntur;
1418 3639 1466 3713 ita
1494 3646 1594 3715 recte

422 3764 589 3839 homines
614 3752 732 3857 peril
760 3761 983 3837 nobilitatem
1017 3780 1095 3835 sue
1120 3760 1399 3855 complexionis:
1430 3768 1469 3835 et
1500 3760 1593 3835 sicut

423 3882 479 3957 isti
507 3902 652 3957 vermes
677 3886 763 3957 sunt
789 3881 1005 3956 naturaliter
1022 3881 1271 3973 industres,'et
1291 3880 1427 3956 iaciunt
1448 3880 1592 3955 subtilia

423 4022 555 4098 opere3
582 4003 629 4077 ita
658 4001 823 4079 homines
840 4001 904 4095 qui
921 4022 943 4076 a
963 4008 1094 4075 natura
1114 4002 1265 4077 vincunt
1281 4002 1406 4076 omnia
1422 4001 1593 4079 animalia

424 4121 559 4197 iaciunt
585 4141 698 4215 opera
724 4121 912 4195 mirabilia.
939 4122 984 4197 Et
1008 4128 1120 4215 certe,
1147 4122 1274 4214 lector,
1303 4120 1450 4216 quondo
1475 4121 1594 4196 consi-

422 4244 513 4319 dero
531 4250 702 4317 naturam
730 4241 833 4315 istius
858 4241 994 4316 vermis
1012 4242 1174 4317 incientis
1190 4243 1362 4337 sericum,
1380 4262 1493 4337 cogor
1510 4262 1593 4317 cre·
1636 4302 1678 4349 ss

423 4363 512 4439 dero
526 4362 612 4437 illud
626 4361 724 4454 quod
742 4360 917 4455 scriptum
936 4369 991 4435 est
1008 4360 1054 4435 de
1072 4362 1249 4456 phoenice,
1267 4382 1352 4456 quae
1369 4362 1538 4455 moritur,
1554 4368 1593 4437 et

423 4504 470 4559 ex
487 4502 528 4557 se
543 4470 791 4574 renasciturl⁴l
813 4480 959 4575 vermis,
978 4480 1039 4575 qui
1058 4480 1174 4555 induit
1190 4482 1267 4555 oles
1283 4488 1322 4557 et
1339 4489 1538 4557 renovatur
1555 4482 1591 4557 in

422 4624 543 4679 ovem.
571 4602 662 4676 Dicit
686 4620 795 4697 ergo:
818 4602 891 4691 clm,
913 4600 1014 4694 idest,
1039 4620 1123 4693 quae
1140 4604 1307 4694 surmio,
1333 4602 1434 4695 idest,
1456 4602 1591 4689 anima,

423 4726 504 4797 oola
517 4726 590 4798 aliu
602 4725 778 4813 piuslizio,
792 4720 894 4811 idest,
908 4720 1029 4794 stetim
1044 4731 1125 4815 post
1140 4728 1296 4797 mortem
1312 4722 1410 4795 vadit
1420 4713 1458 4814 (ὓ)
1471 4723 1518 4797 ad
1526 4725 1591 4819 ju-

482 4954 509 5013 (¹)
526 4951 555 5002 lt.
572 4918 632 5001 cum
649 4962 743 5014 magno
759 4950 856 5001 latore.
1042 4946 1071 5012 (¹)
1088 4950 1119 5001 Ε.
1136 4952 1234 5002 cecati.

482 5026 509 5089 Ρ)
527 5031 579 5086 117,
598 5032 703 5090 propter
720 5028 888 5077 nobilitatem.
1044 5024 1071 5090 (¹)
1088 5027 1119 5078 E.
1135 5029 1258 5081 nascitur.

482 5102 511 5167 (⁸)
528 5107 581 5162 1¹⁷,
599 5104 668 5154 volut
684 5103 864 5169 adjustitiam.
