4542 6842
734 956 807 1025 tes
1092 968 1299 1025 counururr
1323 967 1543 1024 ruuorronn

593 1129 598 1139 ·
733 1114 928 1211 plusquam
954 1112 1097 1207 debeat,
1124 1114 1183 1188 vel
1208 1114 1369 1189 amando
1393 1132 1584 1205 summum
1613 1112 1754 1187 bouum
1785 1112 1909 1187 minus

733 1256 847 1331 quarn
872 1232 1024 1327 debeat3
1050 1233 1149 1309 uude
1174 1233 1279 1309 dicit:
1304 1255 1416 1327 oper
1441 1241 1567 1325 troppo
1591 1234 1630 1307 di
1652 1236 1786 1325 vidore,
1811 1232 1907 1308 scili·

731 1362 801 1451 oet,
837 1354 943 1428 nimis
977 1353 1181 1449 appetendo
1211 1352 1442 1450 temporalia,
1471 1373 1495 1425 o
1524 1373 1592 1445 per
1619 1372 1725 1446 poco,
1758 1351 1905 1446 scilicet,

732 1478 830 1553 lente
854 1475 1013 1550 amando
1038 1474 1171 1568 Deum,
1204 1481 1243 1550 et
1273 1473 1486 1569 protelando
1521 1492 1654 1548 verum
1688 1474 1840 1548 bonum.
1855 1512 1906 1527 -

731 1602 875 1671 Mentre.
890 1596 955 1669 llic
967 1594 1140 1691 Virgilius
1151 1594 1315 1671 declarat
1327 1594 1427 1688 quod
1442 1592 1533 1667 dixit
1544 1592 1739 1668 ostendens
1756 1593 1904 1687 quando

731 1736 838 1793 amor
863 1720 1000 1810 peccat,
1017 1720 1055 1789 et
1079 1713 1229 1808 qrrando
1253 1735 1339 1807 non,
1360 1712 1504 1788 dicens:
1525 1720 1657 1787 morire
1673 1714 1816 1804 cu’epu,
1833 1711 1904 1787 sci-

730 1837 827 1930 licet,
852 1856 960 1909 amur
983 1834 1107 1927 animi,
1133 1830 1155 1909 e*
1177 1836 1302 1907 diretto
1332 1836 1391 1906 ml
1416 1836 1534 1926 primo
1565 1833 1643 1925 teu,
1669 1840 1757 1927 puta
1783 1834 1902 1907 lleum

730 1977 797 2053 per
823 1955 988 2049 virtutes,
1014 1974 1033 2027 e
1056 1974 1094 2027 se
1116 1960 1225 2027 sesso
1249 1956 1398 2046 ausura,
1424 1952 1624 2028 resecando
1646 1954 1844 2048 superflua,
1866 1959 1904 2027 et

731 2098 817 2153 cum
836 2075 946 2149 modo
963 2080 1001 2149 et
1017 2093 1194 2147 mensura
1208 2073 1368 2148 amando
1385 2072 1600 2168 temporalia
1618 2078 1800 2167 quantum
1817 2076 1903 2145 sont

730 2194 935 2271 necessaria
950 2188 986 2286 (¹)
1015 2194 1190 2268 humana
1219 2193 1314 2287 vitae,
1346 2196 1404 2267 nei
1431 2194 1586 2284 secundi,
1616 2192 1763 2286 scilicet,
1797 2191 1903 2267 bonu

729 2315 890 2392 externis
905 2306 941 2406 (²)
970 2314 1139 2409 fortuitis,
1158 2334 1242 2409 quae
1264 2320 1352 2388 sunt
1375 2314 1473 2388 bona
1497 2312 1714 2389 secundaria
1739 2319 1777 2388 et
1802 2311 1902 2387 ordi·

729 2442 865 2511 nentur
888 2434 936 2508 ad
961 2433 1185 2530 principalia,
1209 2455 1305 2507 esser
1328 2454 1402 2507 non
1422 2425 1495 2527 pud
1525 2436 1652 2525 copim
1685 2436 1725 2507 di
1748 2436 1824 2506 nml
1844 2434 1901 2506 di-

728 2560 819 2647 letto,
844 2555 948 2649 idest,
973 2554 1125 2650 peccati,
1152 2560 1190 2629 et
1214 2574 1289 2629 non
1314 2560 1433 2650 potest
1458 2573 1599 2648 errare,
1617 2554 1705 2648 quia
1720 2555 1808 2628 solae
1824 2553 1901 2627 vir-

572 2688 575 2693 '
729 2682 826 2751 tutes
857 2680 943 2749 sunt
971 2674 1106 2768 quibus
1137 2694 1212 2748 non
1241 2673 1418 2770 contingit
1452 2672 1550 2749 male
1584 2672 1647 2747 uti.
1678 2674 1723 2746 Et
1752 2672 1900 2767 quando

727 2796 839 2894 possit
864 2814 1018 2889 peccare
1043 2794 1200 2869 ostendit
1224 2794 1374 2869 dicens:
1407 2814 1467 2867 mo
1492 2796 1647 2889 quondo,
1681 2794 1759 2889 ipse
1791 2813 1898 2868 amor
2048 2815 2056 2825 ·

726 2915 851 3010 animi,
876 2918 908 2987 st
938 2922 1032 2987 torre
1056 2918 1096 2988 ol
1118 2917 1204 3007 mot,
1229 2912 1376 3007 scilieet,
1402 2914 1450 2990 ad
1474 2914 1615 2989 malum
1648 2914 1806 3010 proximi
1831 2933 1897 3008 per

727 3034 947 3130 superbiam,
974 3033 1160 3128 invidiam,
1185 3033 1292 3128 iram,
1313 3033 1412 3128 quod
1438 3040 1563 3109 umen
1582 3034 1650 3107 sihi
1667 3033 1812 3108 videtur
1829 3033 1896 3107 ho·

726 3176 829 3249 num,
855 3160 898 3227 ut
917 3154 996 3249 Jam
1022 3153 1161 3229 dictum
1188 3160 1295 3247 esto
1319 3175 1424 3227 corre
1447 3156 1506 3227 ml
1528 3156 1611 3227 tene
1635 3175 1702 3227 oon
1723 3150 1785 3247 pici
1809 3174 1898 3228 uuo

726 3278 785 3355 rue
809 3294 880 3347 uon
898 3276 971 3365 dee,
990 3272 1135 3368 scilicet,
1154 3273 1303 3367 quando
1318 3281 1375 3349 est
1391 3274 1499 3349 nimis
1514 3274 1677 3349 solicitus
1694 3273 1792 3350 circa
1812 3294 1897 3349 cor·

724 3396 862 3493 poralia
879 3384 915 3487 (³)
943 3415 1009 3489 per
1034 3394 1239 3489 avaritiam,
1264 3396 1405 3491 gulam,
1430 3394 1631 3491 luxuriam,
1656 3417 1680 3469 o
1704 3416 1771 3469 coo
1803 3415 1895 3484 men,

723 3518 826 3610 idest,
852 3523 889 3591 et
914 3513 1061 3609 quando
1085 3534 1192 3589 amor
1217 3514 1334 3589 currit
1359 3515 1397 3589 in
1421 3535 1612 3590 summum
1638 3516 1778 3590 bonum
1806 3536 1891 3590 cum

723 3637 857 3712 minori
874 3634 1100 3711 solicitudine
1119 3656 1233 3729 quam
1254 3634 1387 3710 debeat
1411 3656 1478 3731 per
1502 3635 1699 3731 accidiam;
1714 3642 1813 3729 tunc,
1829 3656 1896 3709 suo
1997 3660 2002 3666 ·

719 3762 869 3853 samua,
895 3754 1030 3831 scilicet
1061 3755 1175 3829 horno
1212 3761 1360 3831 creatus
1391 3777 1414 3831 a
1445 3756 1534 3851 Deo,
1566 3760 1706 3830 odoora
1734 3757 1845 3828 couu‘
1857 3757 1897 3827 ot

719 3882 862 3973 sattore,
888 3875 1023 3950 scilicet
1043 3875 1162 3949 Deum
1189 3880 1396 3950 creatorem
1422 3875 1485 3969 qui
1510 3885 1567 3953 est
1581 3874 1763 3950 amandus
1783 3894 1894 3970 super

722 3998 862 4091 omnia3
889 3995 994 4090 quasi
1019 3994 1131 4069 dicat:
1160 4000 1247 4070 tunc
1272 4001 1411 4090 peccat,
1429 3994 1517 4090 quia
1536 3996 1622 4071 iacit
1641 4002 1770 4071 contra
1787 4016 1894 4069 man-

720 4117 805 4192 data
831 4136 908 4190 sua.
936 4116 980 4188 Et
1005 4112 1199 4208 concludit,
1225 4113 1367 4190 dicens:
1393 4118 1515 4207 pondi
1542 4118 1773 4209 conprender
1793 4117 1891 4207 poet,

721 4237 825 4331 quasi
849 4236 963 4311 odeat:
989 4255 1036 4310 ex
1054 4233 1250 4329 praemissis
1266 4241 1372 4330 potes
1390 4234 1497 4311 facile
1512 4235 1696 4332 colligere,
1713 4238 1774 4309 cte
1788 4255 1893 4308 amor

720 4360 882 4431 concleae
905 4376 999 4429 mser
1023 4375 1200 4446 semema,
1225 4353 1316 4429 idest
1341 4374 1465 4449 causa,
1490 4357 1529 4428 in
1552 4358 1622 4448 vot,
1652 4355 1799 4449 scilicet,
1824 4356 1893 4429 ho·

719 4477 891 4570 minibus,
916 4478 951 4549 d’
964 4478 1049 4568 epol
1073 4478 1210 4567 virtute,
1236 4481 1336 4569 tunc,
1362 4473 1507 4570 scilieet,
1538 4494 1625 4551 cum
1652 4481 1708 4551 est
1732 4475 1893 4551 directus

719 4596 755 4671 in
782 4596 908 4691 primis
933 4596 1038 4671 bonis
1055 4601 1092 4670 et
1109 4600 1348 4670 mensuratur
1367 4593 1405 4668 in
1421 4594 1602 4691 secundis,
1621 4615 1642 4668 e
1665 4597 1796 4686 dopna·
1809 4616 1893 4687 ope-

717 4720 878 4809 rarione,
897 4714 1043 4811 scilieet,
1060 4715 1180 4809 mala,
1197 4715 1258 4787 cte
1275 4720 1389 4787 merto
1401 4734 1499 4807 perte.
1519 4714 1563 4788 Et
1586 4714 1639 4790 sic
1663 4714 1777 4789 habes
1793 4712 1892 4809 quod

718 4856 826 4911 arnor
850 4842 905 4911 cst
930 4835 1034 4910 radix
1059 4841 1097 4911 et
1121 4834 1227 4931 origo
1251 4832 1371 4908 omnis
1402 4832 1555 4907 aetionis
1585 4840 1661 4909 tam
1691 4832 1889 4908 meritoriae

780 5096 1013 5161 tennemonn·
1030 5098 1091 5149 huie
1108 5098 1175 5148 rite.
1252 5096 1282 5158 (¹)
1298 5096 1329 5147 Β.
1345 5096 1466 5147 nunus
1544 5094 1572 5159 (Ἴ
1589 5098 1643 5156 117,
1660 5095 1820 5159 temporalia.
