4542 6842
674 941 746 1009 ibt
1038 950 1243 1007 contumuit
1266 952 1484 1007 ruucrnonu

672 1096 800 1173 damas
825 1099 883 1173 vel
908 1116 1049 1193 cervos,
1067 1096 1130 1173 sed
1161 1118 1279 1193 ursos,
1303 1118 1413 1193 apros
1435 1103 1473 1173 et
1500 1096 1636 1190 leones,
1666 1102 1704 1171 et
1736 1116 1847 1171 erer-

673 1216 778 1293 cebat
803 1238 891 1292 eum
916 1216 954 1293 in
979 1216 1079 1292 omni
1104 1238 1244 1314 genere
1273 1236 1418 1314 pugnae.
1445 1215 1517 1293 Sed
1547 1215 1694 1291 domina
1725 1215 1847 1291 Thetis

673 1336 908 1431 parentiam
933 1336 1100 1413 Paridem
1128 1336 1237 1413 ivisse
1259 1338 1308 1413 ad
1335 1336 1545 1433 rapiendm
1571 1336 1760 1431 Helenam,
1782 1358 1848 1411 eu-

673 1455 814 1553 spicans
829 1452 866 1550 (¹)
881 1457 995 1533 lilium
1009 1458 1184 1533 Achillem
1200 1457 1423 1533 moriturum
1437 1456 1534 1552 apud
1547 1456 1708 1549 Troiam,
1718 1456 1844 1531 volens

673 1578 825 1654 obviare
841 1579 927 1673 lato,
944 1578 1109 1655 decrevit
1126 1578 1327 1655 transferre
1343 1598 1431 1653 eum
1448 1576 1496 1652 ad
1512 1576 1635 1651 locum
1655 1574 1842 1651 tutiorem.

673 1698 831 1775 Accessit
855 1720 946 1797 ergo
968 1700 1017 1775 ad
1042 1699 1195 1775 domum
1223 1698 1400 1793 Chironis,
1426 1704 1463 1773 et
1487 1717 1575 1773 ecce
1605 1696 1759 1772 Achilles
1783 1718 1846 1774 re·

673 1818 772 1893 dibat
784 1840 807 1893 a
820 1819 1014 1895 venatione
1033 1840 1119 1894 cum
1139 1818 1256 1895 multo
1273 1818 1410 1893 sudore
1425 1823 1464 1891 et
1481 1817 1645 1912 pulvere,
1663 1821 1701 1891 et
1722 1823 1846 1892 tamen
1876 1914 1881 1924 μ

675 1937 769 2013 inter
794 1938 938 2015 laborer
962 1945 1044 2015 erat
1068 1938 1183 2013 dulcis
1207 1944 1359 2033 aspectu
1387 1958 1475 2013 cum
1505 1936 1600 2012 lucie
1633 1935 1752 2030 nivea,
1782 1956 1848 2011 oo·

673 2056 752 2133 lore
777 2078 977 2153 purpureo,
994 2057 1129 2153 capillis
1146 2058 1260 2151 bavis,
1274 2048 1438 2150 oculisl²)
1458 2056 1696 2151 radiantibus,
1709 2076 1847 2151 appor-

674 2182 755 2251 tans
779 2198 907 2253 seeum
931 2177 1025 2253 duos
1050 2177 1192 2253 catulos
1217 2176 1393 2270 leoninos,
1419 2176 1554 2271 ouibus
1584 2176 1742 2252 acuebat
1775 2196 1847 2251 un·

674 2318 791 2394 gues3
817 2298 881 2373 sed
899 2298 975 2373 visa
993 2304 1125 2388 matre,
1137 2281 1289 2373 abiectis
1313 2298 1500 2393 leunculis,
1518 2297 1594 2371 ruit
1610 2296 1646 2371 in
1663 2296 1789 2371 oscula
1806 2303 1849 2373 et

673 2420 876 2514 amplexus.
896 2417 1056 2493 Audiens
1077 2438 1168 2514 ergo
1184 2418 1253 2492 dea
1271 2417 1404 2513 Thetis,
1422 2417 1520 2513 quod
1539 2438 1605 2491 rex
1622 2416 1863 2513 Lycomedes·

675 2537 853 2634 regnabat
880 2538 914 2613 in
941 2537 1059 2612 insula
1086 2538 1323 2633 Scyroque
1352 2544 1408 2613 est
1437 2557 1512 2611 una
1542 2536 1590 2613 de
1620 2536 1847 2632 Cycladibus,

675 2658 875 2753 asportavit
901 2658 1073 2733 Achillem
1089 2648 1127 2750 (³)
1148 2658 1299 2731 omnino
1315 2657 1474 2752 sopitum
1492 2656 1539 2731 ad
1558 2656 1671 2750 illam,
1691 2656 1753 2731 ubi
1772 2656 1849 2751 ipse

676 2778 852 2875 evigilans
876 2800 898 2853 a
925 2798 1054 2853 somno
1071 2777 1294 2871 stupefactos
1312 2776 1528 2871 respiciebat
1543 2797 1678 2851 novam
1697 2782 1847 2871 terram,

677 2917 811 2973 novam
837 2918 975 2993 aquam
1000 2905 1039 2973 et
1062 2898 1187 2973 omnia
1212 2918 1320 2991 nova,
1341 2896 1391 2972 ita
1407 2896 1506 2991 quod
1526 2896 1717 2971 dubitabat
1731 2918 1849 2995 agno-

677 3038 782 3093 scere
808 3026 977 3095 matrem.
1003 3018 1056 3093 lbi
1082 3028 1203 3095 mater
1227 3018 1344 3093 induit
1368 3038 1455 3093 eum
1475 3017 1537 3092 diu
1557 3025 1790 3093 recusantem
1811 3025 1849 3093 et

679 3138 990 3215 verecundantem
1017 3138 1183 3213 habitum
1209 3138 1437 3213 ioemineum.
1469 3138 1561 3211 Nam
1591 3144 1680 3212 tunc
1710 3159 1734 3213 a
1758 3159 1848 3213 casu

677 3254 759 3331 flliae
786 3256 882 3354 regis
909 3265 1086 3333 venerant
1110 3258 1157 3332 ad
1182 3258 1374 3353 Templum
1402 3256 1556 3333 Palladis
1580 3256 1679 3352 quod
1704 3266 1786 3335 erat
1808 3258 1848 3333 in

676 3378 782 3455 litote
820 3376 945 3474 maris,
983 3378 1047 3453 ubi
1083 3378 1341 3455 celebrabatur
1383 3379 1543 3473 lestum3
1578 3384 1687 3455 erant
1721 3385 1847 3455 aulem

677 3507 817 3595 septem
856 3521 1027 3593 numero,
1053 3520 1215 3594 quarum
1253 3500 1372 3575 maior
1409 3500 1612 3577 vocabatur
1649 3500 1848 3593 Deidamia,

677 3622 838 3697 *omnes
863 3620 1009 3695 erimiae
1033 3620 1164 3695 iormae
1189 3619 1224 3695 in
1246 3641 1322 3696 uno
1341 3620 1482 3716 babitu,
1498 3620 1562 3697 sed
1580 3608 1847 3712 Deidamia*l⁸)

678 3746 830 3816 celeras
856 3738 1099 3835 pulcritudine
1124 3740 1342 3835 excellebnt3
1368 3762 1444 3836 qua
1460 3741 1549 3835 visa,
1570 3741 1631 3816 ille
1655 3741 1794 3819 crudus
1807 3732 1848 3832 (⁸)

677 3882 771 3958 puer
795 3860 969 3937 continuo
995 3860 1178 3937 contraxit
1198 3882 1338 3935 norum
1356 3860 1482 3958 iguem
1499 3862 1637 3937 amoris
1656 3862 1693 3936 in
1709 3882 1792 3937 ossa
1812 3868 1850 3937 et

678 4002 815 4059 novum
834 3982 1009 4057 ruborem
1027 3980 1063 4054 in
1081 3980 1232 4075 iaciem3
1248 3988 1288 4057 et
1307 3981 1374 4055 nisi
1392 3981 1513 4076 pudor
1531 3992 1570 4059 et
1583 3972 1621 4074 (⁶)
1641 3982 1850 4058 reverentia

679 4102 806 4179 matris
830 4100 1053 4179 detenuisset
1066 4090 1104 4193 (⁷)
1122 4121 1223 4194 eum,
1240 4101 1424 4177 turbasset
1440 4101 1574 4177 sermm
1591 4122 1666 4177 non
1681 4102 1851 4181 obstante

679 4222 788 4297 turba
814 4242 949 4319 magna
975 4221 1226 4299 multitudinis
1253 4220 1312 4299 Sic
1342 4242 1433 4319 ergo
1464 4222 1617 4299 faciliter
1646 4224 1766 4299 iactus
1792 4231 1851 4301 est

680 4348 894 4417 mansuetus
910 4349 948 4417 et
968 4342 1133 4438 permisit
1149 4363 1190 4417 se
1206 4342 1329 4419 vestiri
1350 4350 1387 4419 et
1403 4343 1509 4438 poliri
1531 4364 1636 4420 more
1655 4345 1849 4441 immineam

678 4470 715 4539 et
732 4470 851 4539 mater
866 4462 1058 4541 admonuit
1076 4482 1177 4556 eum,
1195 4464 1355 4557 qualiter
1370 4464 1528 4541 debebat
1544 4486 1585 4541 se
1604 4486 1739 4562 gerere
1756 4466 1851 4542 inter

678 4584 862 4678 mulieres,
888 4590 926 4661 et
941 4574 977 4676 (⁸)
1005 4584 1152 4659 tradidit
1177 4584 1280 4659 illum
1307 4585 1386 4682 regi
1412 4586 1608 4681 Lycomedi
1629 4608 1851 4665 conservan-

739 4766 767 4829 ζ’)
784 4769 814 4820 Ε.
830 4774 988 4833 suspectam.
1288 4772 1317 4834 i')
1334 4772 1365 4822 lt.
1380 4777 1408 4822 ct
1423 4771 1514 4823 oculis.

740 4846 767 4911 Γ)
785 4850 838 4906 mr,
855 4846 990 4899 nullan
1004 4846 1065 4899 iden
1080 4846 1204 4911 rnpltun.

740 4921 766 4983 t't
783 4923 819 4973 be
835 4924 925 4987 pernis
939 4923 981 4977 [η
997 4925 1007 4976 ι
1023 4924 1073 4975 dur
1089 4926 1225 4977 muriunt
1239 4940 1287 4977 m
1300 4926 1413 4991 sappum
1428 4925 1498 4991 dard
1512 4926 1574 4979 altu
1588 4926 1685 4989 tadu

741 4998 768 5058 (Ἴ
786 5002 839 5059 tlt,
856 5000 927 5050 rudir
944 5014 1017 5065 puer.
1290 5003 1317 5065 Γ)
1334 5004 1365 5054 R.
1380 5010 1408 5054 et
1423 5006 1579 5057 verecundi·
1593 5006 1693 5059 nuic.

742 5072 769 5137 (Ἴ)
785 5073 810 5125 S.
828 5075 987 5129 detraxisset.
1291 5079 1319 5145 θ)
1334 5080 1360 5132 S.
1376 5086 1404 5132 et
1418 5082 1453 5132 tu
1469 5082 1539 5133 dedit
1555 5082 1640 5135 illum.
