4542 6842
723 972 793 1042 tot
1086 984 1290 1043 conburunt
1314 984 1533 1041 runonronu

719 1138 761 1205 ut
797 1130 903 1205 citius
941 1130 1078 1226 possim
1110 1132 1305 1229 pervenire
1335 1132 1381 1207 ad
1414 1132 1682 1229 purgatorium,
1711 1136 1749 1207 io
1778 1138 1889 1207 Fano.

716 1252 760 1328 Et
786 1252 846 1347 hie
864 1259 950 1327 nota
968 1252 1067 1347 quod
1083 1253 1228 1329 Fanum
1246 1260 1301 1329 est
1318 1252 1445 1327 civitas
1463 1254 1548 1329 satis
1568 1275 1715 1329 amoena
1734 1254 1771 1328 in
1788 1255 1895 1331 litore

717 1372 829 1448 maris
854 1372 997 1447 Adriaci
1022 1373 1059 1447 io
1084 1374 1236 1451 introitu
1262 1374 1431 1449 biarchiae
1455 1374 1624 1469 Anconae,
1651 1374 1778 1450 fertilis
1809 1376 1894 1450 vino

716 1500 755 1568 et
778 1495 872 1588 oleo,
899 1494 963 1569 sed
988 1514 1062 1569 non
1087 1494 1196 1569 hodie
1222 1494 1430 1569 hominibus
1450 1494 1637 1589 civilibus3
1656 1516 1741 1590 quae
1758 1495 1809 1570 sic
1826 1496 1892 1571 de-

717 1613 905 1689 nominata
939 1621 1005 1708 est,
1038 1614 1125 1709 quia
1161 1614 1287 1689 tanum
1317 1636 1453 1711 graece,
1487 1615 1599 1690 latine
1632 1614 1765 1691 dicitur
1796 1623 1891 1691 tem-

715 1735 830 1830 plum.
857 1734 908 1809 ibi
934 1734 1032 1809 enim
1064 1734 1131 1809 suit
1163 1735 1251 1809 olim
1283 1736 1460 1829 tempium
1493 1734 1675 1810 famosum
1706 1736 1889 1831 Fortuoae,

717 1874 802 1948 quae
827 1854 1012 1929 modicum
1038 1854 1126 1929 iavit
1151 1856 1208 1929 isti
1226 1876 1294 1930 suo
1315 1855 1384 1930 civi
1403 1876 1511 1931 nunc.
1529 1856 1677 1929 Falsum
1699 1876 1788 1953 ergo
1805 1855 1890 1931 dicit

716 1976 925 2051 Gotisredus
950 1976 1197 2064 viterbiensis,
1223 1976 1317 2051 sicut
1346 1984 1384 2051 et
1407 1976 1477 2051 alia
1503 1978 1631 2072 multa,
1657 1998 1742 2071 quae
1763 1976 1888 2051 scribit

716 2096 754 2170 in
780 2117 847 2171 suo
872 2097 976 2191 libro,
1004 2098 1066 2191 qui
1098 2096 1231 2171 dicitur
1262 2097 1462 2191 Pantheon,
1489 2096 1588 2191 quod
1620 2096 1716 2193 apud
1746 2096 1889 2171 Fanum

714 2216 782 2295 fuit
808 2218 895 2292 otim
922 2218 1100 2312 temptum
1125 2218 1191 2292 liei
1216 2218 1343 2311 Fauni,
1370 2216 1416 2291 ad
1441 2219 1540 2312 quod
1571 2217 1792 2295 visitandum
1823 2236 1889 2293 ve·

713 2338 863 2413 niebant
878 2339 965 2412 otim
979 2338 1164 2435 peregrini
1178 2338 1224 2413 de
1237 2338 1402 2433 partibus
1414 2338 1616 2413 Galliarum
1634 2346 1703 2414 etc.
1722 2338 1765 2413 tn
1782 2337 1888 2413 dicit:

711 2451 754 2551 si,
767 2461 827 2531 cte
843 2458 906 2531 beo
917 2481 987 2552 per
1003 2480 1058 2531 me
1074 2462 1102 2532 ε’
1116 2462 1236 2552 odori,
1254 2481 1328 2534 non
1345 2460 1514 2554 iortunae,
1525 2459 1592 2535 sed
1606 2460 1670 2534 uni
1690 2479 1778 2535 vero
1795 2460 1884 2553 Deo,

712 2578 750 2652 in
775 2578 881 2653 ouius
902 2600 1014 2653 manu
1033 2586 1088 2653 est
1104 2586 1238 2655 natura
1257 2585 1292 2654 et
1310 2579 1467 2674 fortuna,
1481 2582 1600 2673 percit
1613 2582 1648 2653 to
1667 2600 1778 2673 possa
1794 2600 1884 2671 pur-

712 2720 784 2791 oor
808 2704 840 2774 te
862 2703 969 2790 oravi
993 2705 1110 2793 offese,
1137 2700 1239 2795 idest,
1268 2706 1308 2774 ut
1339 2700 1473 2795 possim
1503 2700 1697 2795 pervenire
1726 2698 1773 2775 ad
1798 2722 1887 2796 pur-

712 2819 915 2917 gatorium,
954 2824 992 2893 et
1028 2840 1190 2916 purgare
1227 2830 1376 2915 peccata
1414 2840 1514 2914 mea,
1551 2820 1685 2914 quibus
1722 2820 1886 2917 graviter

713 2938 847 3014 offendi
881 2941 1010 3014 Deum
1030 2981 1080 2993 —
1102 2943 1239 3029 (tutudi.
1274 2940 1338 3016 Hic
1369 2940 1487 3015 dictus
1520 2941 1667 3036 spiritus
1703 2940 1886 3037 specificat

712 3059 836 3134 tooum
870 3079 949 3132 suae
981 3058 1141 3156 originis,
1168 3066 1205 3134 et
1229 3060 1398 3135 violenta
1423 3060 1563 3155 mortis,
1589 3061 1735 3136 dicens:
1758 3064 1813 3157 soi
1835 3064 1885 3154 io,

711 3178 815 3275 idest,
841 3179 887 3255 de
911 3179 1083 3274 praedicta
1108 3181 1255 3256 civitate
1286 3180 1445 3275 ienensi3
1474 3202 1532 3255 nto
1558 3184 1583 3255 a·
1604 3184 1775 3276 profundi
1795 3186 1882 3277 sori,

711 3297 813 3393 idest,
840 3299 1020 3375 foramina
1045 3307 1082 3375 et
1106 3301 1262 3375 vulnera
1289 3302 1405 3375 muita
1424 3300 1517 3375 sucta
1537 3300 1636 3394 mihi,
1654 3301 1884 3396 penetrantia

710 3426 829 3495 totum
856 3441 1000 3516 corpus,
1030 3424 1134 3512 orode,
1160 3420 1264 3516 idest,
1295 3442 1341 3496 ex
1372 3421 1506 3516 quibus
1536 3421 1786 3517 foraminibus,
1812 3415 1885 3496 osci

709 3542 904 3633 ilsooqoe,
934 3542 1037 3634 idest,
1065 3540 1219 3635 effluxit,
1245 3546 1282 3615 in
1312 3545 1368 3615 sut
1395 3544 1491 3635 quot,
1520 3542 1666 3637 seilicet,
1693 3542 1883 3639 sanguine,

709 3660 745 3734 io
769 3664 886 3753 sedeo,
911 3661 1013 3755 idest,
1040 3662 1223 3756 vivebam,
1240 3663 1327 3755 quia
1346 3662 1494 3757 sanguis
1520 3668 1574 3736 est
1600 3662 1704 3737 sedes
1729 3662 1881 3757 animae3

710 3780 809 3856 unde
837 3782 948 3875 aliqui
982 3782 1181 3877 philosophi
1217 3780 1351 3877 o'pinati
1382 3788 1479 3875 sunt,
1506 3782 1605 3876 quod
1635 3782 1757 3857 anima
1788 3788 1884 3857 esset

709 3902 870 3998 sanguis,
894 3905 975 3997 [otti
999 3905 1048 3975 nri
1068 3906 1153 3997 [nro
1178 3906 1216 3975 io
1240 3902 1384 3993 orendo
1409 3904 1484 3993 uoti
1508 3904 1688 3994 Antenori,
1714 3900 1817 3995 idest,
1844 3900 1880 3975 in

709 4023 895 4097 territorio
909 4023 1176 4118 paduanorum,
1191 4044 1283 4117 quos
1297 4021 1348 4097 sic
1361 4022 1571 4097 denominat
1582 4016 1620 4114 (⁴)
1629 4023 1677 4096 ab
1685 4022 1879 4098 Antenore.

709 4141 762 4216 hd
789 4142 887 4237 quod
913 4151 1010 4237 nota,
1029 4142 1128 4237 quod
1154 4142 1280 4219 civitas
1305 4142 1474 4236 paduana
1500 4148 1555 4216 est
1581 4142 1801 4216 nobilissima
1819 4162 1882 4216 ra-

709 4264 808 4339 tione
825 4264 1047 4358 antiquitatis
1073 4271 1110 4338 et
1133 4262 1316 4359 potentia,
1340 4262 1527 4357 quoniam,
1546 4263 1639 4337 sicut
1659 4262 1782 4337 scribit
1800 4262 1881 4335 Vir-

707 4384 816 4481 gilius
843 4385 963 4480 primo
979 4384 1145 4478 Eneidos,
1162 4386 1325 4457 Antenor
1342 4389 1422 4477 post
1442 4382 1624 4457 excidium
1646 4382 1798 4458 troianae
1816 4404 1881 4457 ur-

707 4506 762 4581 bis
787 4506 937 4581 veniens
956 4506 993 4579 in
1017 4504 1139 4579 sinum
1157 4504 1269 4579 maris
1286 4503 1440 4598 Adriaci,
1459 4502 1669 4600 subiugavit
1694 4523 1880 4599 euganeos
1929 4586 1930 4591 Ν

705 4626 859 4722 populos
875 4625 1079 4700 habitantes
1093 4624 1128 4697 in
1149 4624 1353 4719 montibus,
1374 4622 1479 4698 cuius
1498 4624 1550 4699 rei
1569 4622 1740 4699 indicium
1760 4624 1881 4698 adhuc

706 4752 761 4820 est
776 4736 825 4840 (¹),
849 4744 948 4840 quod
981 4744 1066 4820 vitia
1105 4763 1219 4839 prope
1250 4744 1412 4818 Paduam
1449 4764 1569 4838 usque
1599 4744 1634 4817 in
1664 4743 1877 4819 hodiernam

705 4866 802 4941 diem
819 4873 973 4941 vocatur
990 4864 1234 4961 Burgegania,
1250 4864 1336 4959 quia
1354 4886 1399 4939 ex
1419 4864 1668 4961 burgensibus
1684 4866 1880 4961 Euganeo-

770 5116 798 5181 ι’)
815 5122 869 5179 117,
884 5118 1066 5170 denominavit.
1254 5114 1281 5179 (Ἴ
1299 5118 1329 5167 Ε.
1347 5118 1432 5167 adhue
1447 5121 1487 5167 est
1497 5117 1602 5198 opinio:
1619 5114 1679 5179 quin
1696 5112 1766 5165 villa.
