4542 6842
698 931 770 1000 382
1060 941 1266 998 countruu
1288 943 1508 998 runaarurn

694 1087 770 1163 imo
795 1087 943 1182 mundi3
969 1086 1068 1162 unde
1092 1086 1209 1161 semel
1235 1086 1496 1183 interrogatus,
1516 1105 1637 1180 quarn
1652 1085 1789 1160 nantes
1805 1104 1873 1180 pu-

683 1215 820 1284 ¹suerat
853 1209 978 1304 plures
993 1199 1029 1300 (¹)
1066 1205 1282 1281 christianos
1316 1227 1430 1301 quam
1455 1226 1620 1302 paganos
1652 1205 1690 1278 in
1715 1205 1871 1300 interno,

694 1328 855 1403 brevitur
880 1326 1082 1422 respondit3
1113 1325 1203 1421 qnia
1232 1325 1366 1402 melius
1395 1332 1549 1402 noverat
1574 1325 1808 1418 christianos3
1834 1333 1873 1400 st

693 1447 818 1543 plures
842 1452 1018 1542 posuerat
1042 1446 1192 1541 italicus,
1219 1445 1307 1541 quia
1332 1453 1419 1520 sunt
1445 1445 1563 1543 magis
1587 1445 1687 1542 digni
1711 1445 1809 1520 lama
1834 1451 1873 1520 et

695 1567 903 1662 pravioras3
931 1575 968 1642 et
992 1567 1041 1642 ita
1067 1568 1193 1663 pluras
1218 1573 1353 1661 tuscos,
1370 1574 1409 1643 et
1432 1567 1483 1643 ita
1508 1567 1634 1662 pluras
1654 1566 1752 1642 cives
1771 1587 1871 1660 suus,

696 1688 783 1782 quia
809 1688 941 1763 melius
966 1695 1121 1764 noverat
1146 1708 1220 1763 aas.
1235 1691 1454 1762 -Dr'rcesn
1480 1687 1546 1763 Hic
1570 1693 1678 1783 poeta
1700 1686 1871 1763 doecriblt

695 1815 867 1902 quartam
892 1814 1057 1904 gentem,
1073 1829 1158 1903 quae
1183 1808 1313 1882 ultimo
1332 1807 1510 1882 inhabitat
1526 1807 1660 1882 vallum
1680 1806 1782 1903 Arni,
1799 1807 1872 1881 sci-

695 1926 779 2002 lieet
803 1927 959 2023 pisanos,
986 1947 1079 2022 quos
1104 1928 1281 2003 assimilat
1305 1927 1486 2023 vulpibus.
1504 1925 1607 2002 Sicut
1623 1927 1722 2002 enim
1741 1927 1871 2024 vulpes

695 2048 915 2124 naturaliter
939 2047 1173 2123 fraudulenta
1198 2047 1377 2124 d0l0·suo
1403 2047 1585 2123 ludificata
1609 2055 1666 2122 ast
1690 2067 1788 2143 saepe
1812 2048 1871 2122 lu-

695 2189 799 2264 pum,
819 2169 868 2244 ita
894 2169 1041 2264 pisanus
1065 2169 1316 2263 florentinum,
1333 2168 1428 2243 sicut
1439 2170 1518 2264 jam
1538 2168 1716 2265 seriptum
1734 2177 1791 2244 set
1809 2169 1871 2244 ln-

693 2289 786 2365 serni
811 2290 970 2394 capitulo
996 2290 1070 2364 llll.
1097 2290 1191 2363 Dicit
1216 2311 1327 2386 ergo:
1353 2296 1392 2365 et
1428 2289 1490 2364 illa
1516 2289 1630 2383 vallis,
1662 2290 1740 2366 sive
1773 2290 1870 2366 iussa

693 2409 793 2504 Arni,
816 2413 955 2484 disnesa
974 2413 1039 2503 poi
1059 2432 1126 2505 per
1147 2406 1211 2504 pu
1230 2413 1373 2503 uetanti
1395 2413 1487 2503 cupi,
1504 2409 1593 2505 quia
1618 2412 1754 2488 multos
1778 2432 1870 2509 gur·

670 2530 786 2627 ‚gilas
809 2529 894 2604 lacit
924 2529 1134 2625 profundos
1162 2531 1233 2625 vel,
1264 2529 1454 2605 moraliter
1482 2529 1679 2625 loquendo,
1705 2551 1773 2626 par
1803 2551 1869 2627 pa-
1941 2568 1944 2571 ·

692 2651 774 2747 laga
800 2671 895 2746 cupa
921 2652 1124 2748 intelligere
1148 2659 1252 2748 potes
1276 2671 1410 2727 avaros
1434 2650 1680 2746 profundos*
1709 2659 1814 2727 trouu
1839 2655 1871 2726 le

693 2773 788 2864 vulpi
809 2763 840 2844 si
859 2774 1017 2864 pimeni
1037 2775 1149 2866 [roda
1164 2774 1225 2846 obe
1247 2793 1320 2845 non
1336 2780 1473 2846 marono
1490 2775 1657 2863 inomao,
1677 2774 1738 2845 clla
1762 2776 1871 2846 leoc-

690 2886 781 2984 εὑρέ,
808 2891 893 2985 quia
920 2891 1055 2967 seilicet
1080 2913 1177 2988 saepe
1201 2891 1371 2968 vicerunt
1394 2892 1540 2990 ingania
1561 2893 1707 2967 subtilia
1732 2895 1870 2970 libren-

693 3011 867 3085 tinorum.
895 3011 967 3086 sm
991 3017 1093 3088 certe
1116 3011 1238 3087 omnis
1262 3012 1408 3106 astutia,
1426 3019 1464 3087 et
1484 3019 1560 3086 tnta
1585 3014 1747 3109 potentia
1772 3015 1893 3109 pisa*

693 3151 826 3204 norum
853 3131 1073 3208 annichilata
1098 3133 1255 3225 videtur,
1278 3132 1366 3225 quia
1391 3131 1518 3207 civitas
1537 3132 1606 3208 ista
1623 3134 1869 3210 vetustissima

692 3251 792 3325 velut
817 3250 1001 3346 decrepita
1027 3251 1173 3326 vidntur
1198 3251 1326 3326 fecisse
1348 3271 1502 3326 cursum
1520 3273 1643 3326 suum.
1664 3253 1766 3328 Unde
1785 3255 1870 3328 volo

692 3377 728 3446 te
753 3370 859 3465 scira,
889 3371 988 3465 quod
1020 3371 1057 3444 in
1083 3369 1334 3446 Mcuuxxxu
1359 3370 1487 3447 civitas
1517 3371 1684 3447 Pisanum
1721 3380 1801 3448 erat
1831 3372 1869 3446 ln

691 3489 947 3565 florentissimo
964 3496 1073 3585 statu,
1091 3491 1232 3566 babens
1248 3491 1456 3566 maximum
1473 3491 1587 3566 dacus
1607 3491 1783 3567 nobilium
1803 3512 1871 3588 pn-

690 3616 834 3685 tsnlum
860 3611 898 3684 in
922 3631 964 3686 se
997 3610 1093 3686 sorte
1125 3611 1321 3706 plusquam
1350 3618 1451 3686 terra
1480 3611 1602 3686 ltaliae.
1629 3612 1744 3686 Erant
1768 3613 1870 3688 anim

690 3729 739 3804 ibi
764 3731 863 3806 cives
883 3729 998 3824 judex
1016 3731 1132 3808 Ninus
1158 3730 1205 3807 de
1227 3729 1391 3824 Gallum,
1403 3729 1520 3826 judex
1537 3731 1726 3827 Arboreae,
1743 3717 1870 3808 comas

690 3851 877 3948 ugolinus,
899 3871 1023 3927 eomes
1047 3850 1183 3947 Funus,
1202 3871 1327 3926 nomas
1343 3851 1486 3947 Nerius,
1508 3871 1634 3926 nomas
1653 3852 1848 3928 buselmus
1858 3876 1869 3947 ;

679 3959 728 4048 'et
753 3971 886 4069 singuli
913 3973 1084 4048 tenebant
1109 3972 1253 4048 curiam
1280 3978 1530 4069 magnumst
1560 3973 1746 4048 habebant
1777 3993 1870 4048 eau-
1932 4066 1937 4074 ι

689 4091 969 4168 damnandam
996 4096 1033 4166 et
1058 4093 1269 4187 sequelam
1296 4098 1333 4167 et
1358 4111 1492 4168 sorum
1517 4091 1705 4168 nobilitate
1738 4099 1776 4168 et
1800 4113 1870 4189 pu·

690 4214 802 4291 tentia
828 4213 1112 4288 dominabantur
1137 4213 1267 4288 insuloe
1291 4212 1478 4308 Sanliniae,
1498 4213 1667 4306 Corsican,
1693 4220 1732 4289 et
1756 4214 1867 4307 bibe,

690 4355 737 4412 en
763 4335 897 4432 quibus
923 4334 1107 4410 habebant
1132 4334 1314 4410 maximos
1339 4333 1503 4409 redditus
1528 4334 1672 4430 publice
1688 4341 1727 4409 et
1743 4334 1869 4431 priva-

690 4456 767 4532 tim.
793 4457 838 4530 lit
862 4455 1146 4530 dominabantur
1165 4454 1260 4530 mari
1277 4475 1364 4530 aum
1385 4475 1517 4530 aurum
1536 4455 1690 4552 navigiis
1707 4462 1745 4531 st
1765 4475 1868 4530 msr-

689 4576 873 4670 aimoniis3
900 4581 936 4651 el
962 4577 1059 4652 ultra
1084 4595 1190 4652 mare
1216 4575 1252 4649 in
1278 4575 1542 4652 civitatenova
1562 4582 1668 4652 erant
1693 4575 1870 4672 potentis·

689 4695 789 4770 simi:
818 4696 865 4771 de
890 4716 964 4790 qua
990 4697 1213 4791 expulerunt
1232 4694 1434 4791 innuensm
1453 4695 1591 4770 vicium
1615 4717 1714 4792 suos,
1732 4717 1868 4775 sorum

690 4815 771 4892 vicu
796 4815 882 4912 igne
906 4821 1084 4907 cremato,
1102 4821 1140 4888 nt
1159 4835 1235 4888 una
1258 4814 1355 4888 turri
1380 4814 1418 4890 iu
1444 4815 1538 4890 mari
1557 4815 1671 4891 tiunta
1688 4816 1869 4914 sauguine

756 5039 786 5144 (t)
800 5082 826 5133 S.
843 5081 932 5145 plura
947 5083 1107 5147 obrirtlrnos,
1124 5090 1152 5136 at
1166 5085 1257 5149 plau
1272 5090 1395 5150 mni
1410 5099 1490 5150 quam
1504 5097 1624 5151 pagrum.
