4542 6842
702 964 772 1032 etta
989 1034 992 1040 ,
1059 976 1264 1033 conanruu
1289 978 1509 1034 runnnronu

700 1142 773 1197 non
798 1129 884 1196 sunt
909 1122 1099 1217 bomines3
1125 1122 1189 1197 sed
1216 1143 1319 1197 mens
1343 1123 1452 1197 dicit:
1478 1124 1553 1197 imo
1578 1131 1675 1197 sunt
1702 1124 1746 1196 Et
1770 1120 1871 1217 ponit

700 1242 971 1337 responsionem
999 1242 1136 1338 Virgilii
1154 1243 1220 1337 qui
1236 1243 1371 1339 detegit
1388 1243 1453 1317 sibi
1473 1244 1631 1317 lormam
1657 1243 1753 1337 iacti,
1771 1241 1870 1317 unde

697 1362 805 1436 dicit:
832 1370 866 1437 et
888 1364 944 1435 elli
964 1384 988 1435 α
1005 1383 1071 1454 nie,
1090 1363 1229 1457 supple,
1250 1362 1421 1460 Virgilius
1440 1362 1530 1437 dixit
1553 1363 1661 1437 milri:
1692 1365 1729 1435 la
1757 1383 1869 1454 prore

697 1484 900 1557 mndizione
917 1486 956 1557 di
971 1487 1027 1557 tor
1044 1491 1215 1557 tormento
1232 1504 1257 1555 a
1273 1491 1373 1556 terra
1389 1486 1440 1574 pti
1460 1485 1680 1574 renniccbie,
1697 1482 1789 1556 idest
1811 1482 1868 1555 in·

696 1609 840 1697 curvat,
861 1602 965 1696 quasi
983 1602 1096 1677 dicat:
1116 1602 1179 1695 qui
1196 1604 1361 1678 solebant
1382 1602 1583 1679 extendere
1603 1622 1646 1677 se
1661 1584 1699 1675 in
1716 1603 1866 1695 ooelum,

698 1743 796 1798 nunc
829 1724 1048 1797 contrahunt
1074 1742 1114 1797 se
1138 1721 1185 1797 ad
1219 1729 1376 1817 terram,
1402 1716 1433 1795 si
1460 1725 1522 1796 ebe
1549 1725 1564 1796 i
1592 1726 1670 1797 miei
1700 1726 1796 1795 occia·
1827 1726 1865 1796 in

692 1845 777 1935 pria
812 1844 960 1916 n'ebber
993 1846 1178 1936 terricum
1206 1843 1312 1936 quasi
1343 1843 1459 1917 dicat:
1494 1863 1565 1939 ego
1593 1844 1671 1938 jam
1702 1840 1866 1917 dubitavi

698 1964 813 2058 prima
840 1963 931 2039 facie
956 1964 1103 2057 quando
1118 1956 1157 2056 (¹)
1184 1965 1303 2059 primo
1329 1964 1412 2058 ridi,
1439 1965 1545 2059 quasi
1568 1964 1685 2039 dimi:
1711 1984 1786 2039 non
1810 1961 1865 2037 vi·

695 2084 829 2159 dentur
846 2084 893 2157 illi
914 2084 1010 2178 elati,
1037 2084 1099 2177 qui
1126 2084 1291 2186 solebant
1315 2084 1371 2159 ire
1395 2105 1481 2158 oum
1507 2084 1698 2179 capitella
1732 2085 1862 2159 levato

696 2205 739 2277 Et
768 2204 875 2279 docet
906 2203 1075 2300 Virgilius
1104 2191 1329 2299 cognoscere
1359 2225 1435 2298 eos,
1459 2204 1601 2280 dicens:
1634 2226 1694 2279 me
1722 2206 1866 2296 puerile
1922 2227 1925 2232 ’

692 2326 759 2415 fise
784 2313 833 2414 td,
859 2323 1062 2397 inclinando
1089 2331 1137 2417 te,
1163 2345 1182 2396 e
1206 2327 1429 2417 deaureata,
1445 2326 1549 2418 idest,
1567 2326 1723 2400 dissolve
1749 2332 1787 2399 et
1810 2324 1866 2398 di·

694 2464 834 2538 scerne,
860 2447 917 2518 col
940 2447 1014 2517 uiso
1039 2448 1118 2536 puel
1140 2447 1201 2517 ebe
1224 2448 1301 2519 trien
1323 2454 1413 2519 sotto
1434 2450 1512 2537 quei
1529 2451 1642 2539 sossi,·
1667 2445 1770 2539 idest,
1795 2444 1865 2519 sub

694 2566 855 2661 pondere
881 2586 1081 2659 saxorum3
1106 2559 1167 2657 piri
1196 2587 1354 2659 seorper,
1380 2567 1482 2659 idest,
1510 2566 1747 2663 perpendere,
1775 2568 1862 2659 proi

693 2708 789 2761 come
814 2688 954 2759 nasoon
979 2688 1178 2778 simoenta,
1205 2686 1307 2780 idest,
1335 2687 1491 2781 percutit
1515 2686 1581 2761 sibi
1607 2693 1735 2781 pectus
1758 2684 1863 2782 geni-

696 2808 764 2881 bus
790 2806 972 2902 graritate
990 2806 1160 2901 ponderis
1175 2814 1367 2901 premente
1380 2799 1417 2899 (¹)
1437 2828 1536 2882 eum.
1549 2849 1600 2863 -
1616 2812 1657 2882 0.
1675 2808 1739 2881 llic
1756 2813 1863 2901 poeta

693 2928 812 3024 gratia
838 2926 1093 3022 predictorum
1121 2928 1206 3003 iacit
1232 2950 1344 3002 unam
1371 2930 1535 3023 pulcram
1556 2936 1593 3003 et
1610 2930 1737 3004 utilem
1761 2929 1863 3003 inre-

693 3048 826 3123 ctivam
857 3055 984 3123 contra
1016 3068 1134 3145 genus
1164 3050 1422 3144 superborum,
1448 3051 1512 3143 qui
1545 3050 1760 3145 superbiunt
1793 3070 1860 3144 pro

694 3170 806 3243 rebus
831 3168 1045 3243 vanissimis.
1072 3169 1175 3245 Unde
1199 3170 1302 3244 dicit:
1325 3172 1511 3263 Osoperbi
1533 3174 1703 3259 eodeni,
1730 3178 1861 3244 notan-

694 3296 751 3364 ter
778 3288 863 3364 dicit
892 3289 1087 3383 christiani,
1114 3290 1200 3384 quia
1226 3290 1388 3365 infideles
1420 3291 1467 3365 ad
1497 3292 1751 3387 purgatorium
1788 3312 1861 3366 non

694 3408 864 3503 veniunt3
891 3412 1008 3482 rdseri
1031 3411 1129 3499 lassi,
1155 3410 1240 3503 quia
1255 3400 1293 3501 (³)
1313 3410 1526 3485 miserabilis
1542 3418 1598 3485 est
1614 3430 1761 3505 semper
1782 3410 1862 3485 linis

692 3528 963 3622 superborum,
993 3530 1064 3620 cle,
1097 3530 1189 3602 detta
1225 3534 1314 3602 rota
1342 3533 1435 3603 dello
1465 3538 1575 3604 mente
1604 3534 1757 3625 infermi,
1788 3550 1862 3605 nou

691 3654 883 3722 cernentes
921 3646 1169 3723 infirmitatem
1198 3651 1369 3723 bumanae
1400 3656 1557 3741 naturae,
1588 3654 1736 3743 sidonae
1766 3657 1863 3723 avete

688 3772 747 3841 nei
768 3770 891 3841 ritrosi
910 3772 1022 3860 possi,
1043 3768 1145 3861 idest,
1166 3768 1203 3841 in
1229 3768 1304 3841 istis
1330 3768 1499 3861 fortuitis,
1517 3788 1583 3863 per
1603 3790 1687 3863 quae
1712 3768 1860 3843 creditis

691 3888 841 3964 tendere
867 3889 902 3961 in
928 3890 1044 3962 altum
1071 3898 1108 3963 et
1135 3888 1337 3964 relabimini
1360 3890 1396 3962 in
1416 3890 1611 3965 miseriam.
1633 3891 1676 3963 et
1696 3890 1755 3963 bic
1773 3896 1859 3964 nota

687 4010 788 4103 quod
814 4015 920 4105 poeta
946 4010 1083 4104 optime
1107 4009 1211 4104 dioit3
1235 4030 1322 4084 cum
1350 4009 1486 4083 Plinius
1511 4031 1675 4107 paganus
1700 4010 1795 4083 dicat
1821 4010 1859 4084 in

690 4130 866 4224 septimo:
894 4132 1031 4203 roiseret
1062 4137 1095 4203 et
1124 4132 1227 4202 etiam
1246 4133 1356 4221 pudet
1384 4132 1556 4202 estmoe
1580 4149 1686 4221 poam
1715 4134 1761 4202 sit
1787 4133 1859 4223 sri-

689 4252 770 4323 oolo
794 4254 896 4342 oripo
921 4251 1156 4343 superbissimi
1180 4252 1397 4340 animalium,
1423 4270 1523 4341 quem
1546 4272 1639 4343 serpe
1669 4249 1855 4341 ereptioni

688 4379 855 4444 mosetto
876 4376 983 4465 soetor
1008 4372 1163 4444 candele
1180 4374 1339 4443 extincto
1358 4373 1540 4462 eetinpuit,
1566 4377 1599 4443 et
1621 4377 1742 4443 natum
1761 4390 1858 4443 mm

686 4512 746 4565 sus
778 4492 893 4563 coticis
920 4498 1032 4575 necat,
1062 4498 1095 4564 et
1118 4493 1197 4582 ipso
1229 4493 1298 4563 vito
1330 4498 1461 4584 quanto
1492 4492 1632 4580 limpor
1661 4498 1756 4564 tanto
1790 4492 1857 4567 mi-

687 4616 811 4687 serior.
850 4612 952 4686 Unde
977 4611 1124 4706 quidam
1152 4610 1425 4685 extimaverunt
1455 4630 1537 4684 esse
1566 4610 1746 4704 optimum
1782 4631 1855 4683 non

688 4734 797 4827 nasci,
823 4740 888 4807 ant
912 4732 1083 4807 citissime
1111 4731 1215 4805 mori.
1241 4730 1327 4805 ldeo
1351 4732 1446 4805 bene
1466 4730 1552 4803 dicit
1568 4730 1721 4803 Plinius:
1744 4734 1811 4818 Qui
1825 4737 1857 4803 te

687 4860 798 4927 mum
826 4855 940 4925 credis
971 4855 1091 4943 eliqua
1117 4854 1349 4943 prosperitate
1378 4850 1577 4941 superbiens
1608 4856 1680 4921 tem
1706 4852 1854 4942 feciliter

749 5036 776 5099 (¹)
793 5038 822 5086 Ε·
840 5037 942 5101 ‘tuendo
958 5050 1007 5099 epo
1024 5037 1116 5099 primo.
1288 5033 1316 5094 (¹)
1333 5034 1364 5082 li.
1381 5035 1520 5096 prementis
1535 5046 1606 5083 eum.

747 5112 774 5176 (¹)
792 5112 821 5162 li.
838 5114 897 5177 quia
914 5113 1073 5163 miserabiles
1089 5116 1158 5172 sunt,
1175 5116 1202 5161 et
1218 5110 1371 5161 miserabilis
1386 5115 1433 5160 est.
