4542 6842
648 961 720 1027 272
1008 969 1213 1026 compununt
1236 970 1457 1025 runcnronu

647 1116 755 1211 ricus,
769 1116 934 1191 Metellus
951 1114 1220 1210 macedonicus,
1238 1113 1357 1189 dictus
1382 1114 1479 1209 lelin,
1496 1115 1560 1209 qui
1580 1116 1710 1191 babuit
1725 1116 1819 1190 duos
1949 1101 1953 1117 ¹

596 1254 598 1259 ·
645 1234 747 1329 lilios,
773 1256 935 1329 quorum
962 1256 1058 1309 unus
1086 1242 1237 1311 vocatus
1261 1241 1318 1311 est
1347 1234 1564 1330 balearicus,
1589 1236 1683 1311 alter
1709 1236 1818 1311 creti-

645 1376 734 1431 cus:
753 1354 863 1430 modo
883 1354 997 1449 aliqui
1013 1354 1211 1450 opinantur
1231 1354 1331 1449 quod
1351 1355 1515 1429 Metellus
1532 1354 1691 1429 creticus
1707 1356 1819 1430 luerit

646 1474 714 1551 iste
738 1475 802 1569 qui
827 1473 1044 1549 contradixit
1068 1474 1214 1569 Caesari,
1237 1474 1324 1568 quia
1349 1473 1425 1570 ipse
1450 1473 1592 1569 primus
1618 1474 1703 1549 vicit
1727 1476 1818 1550 Cre-

646 1602 723 1670 tam
748 1594 796 1670 de
820 1615 894 1690 qua
919 1594 1170 1688 triumphavit,
1188 1599 1225 1668 et
1250 1614 1428 1690 magnum
1454 1596 1668 1670 thesaurum
1694 1595 1816 1689 posuit

645 1716 683 1791 in
708 1716 909 1810 aerarium3
933 1715 1015 1789 ideo
1040 1713 1127 1809 quia
1152 1714 1311 1789 babebat
1335 1714 1481 1788 labores
1505 1734 1592 1787 snos
1617 1713 1677 1805 ibi,
1699 1714 1814 1789 voluit

646 1836 841 1931 prohibere
877 1856 924 1911 ne
959 1834 1199 1929 spoliaretur3
1231 1833 1295 1908 sed
1327 1840 1429 1907 certe
1463 1832 1637 1927 quicquid
1670 1833 1815 1908 dicatur

645 1956 768 2050 credo,
782 1954 881 2050 quod
894 1954 1017 2029 nullus
1033 1954 1189 2028 istorum
1210 1952 1404 2027 illustrium
1423 1952 1544 2047 luerit,
1557 1952 1645 2047 quia
1662 1952 1731 2028 iste
1748 1953 1817 2028 luit

644 2075 969 2171 tribunusplebis,
1003 2080 1040 2149 et
1071 2073 1209 2149 tribuni
1241 2073 1355 2169 plebis
1385 2074 1632 2149 communiter
1670 2094 1817 2169 semper

644 2203 748 2271 erant
783 2194 900 2270 inlesti
933 2180 1133 2288 nobilibus3
1169 2193 1251 2268 ideo
1285 2204 1393 2271 vocat
1420 2215 1508 2271 eum
1543 2195 1696 2290 bonum,
1727 2194 1814 2289 quia

643 2337 757 2391 ausus
789 2320 844 2391 est
876 2314 1059 2391 contraire
1095 2314 1228 2389 Caesari
1258 2314 1426 2390 violatori
1457 2315 1655 2410 libertatis3
1690 2324 1814 2391 umen

643 2434 689 2511 de
705 2436 774 2511 isto
792 2436 939 2509 tribuno
953 2433 1039 2508 nibil
1060 2434 1146 2510 dicit
1157 2434 1274 2507 lulius
1286 2434 1412 2509 Celsus
1425 2427 1476 2529 (¹),
1493 2456 1567 2509 non
1583 2435 1725 2532 Florus,
1742 2429 1816 2511 non

645 2556 850 2651 Suetonius,
876 2576 943 2631 nec
975 2555 1067 2629 alius
1098 2574 1211 2649 quem
1242 2576 1312 2651 ego
1342 2554 1506 2631 viderim.
1538 2555 1658 2651 Aliqui
1690 2564 1815 2632 tamen

572 2661 606 2725 J
646 2683 768 2751 textus
787 2676 945 2751 babent:
971 2678 999 2749 il
1021 2676 1112 2747 buon
1137 2678 1288 2765 mutu,
1305 2673 1408 2770 idest,
1426 2696 1584 2772 magnus
1601 2679 1814 2772 thesaurum

644 2798 708 2873 scd
733 2797 833 2893 prior
857 2797 963 2872 litera
988 2804 1043 2871 est
1067 2795 1201 2871 verior.
1232 2798 1278 2869 Et
1307 2794 1415 2870 dicit:
1441 2791 1572 2889 percld
1594 2802 1657 2891 poi
1683 2801 1816 2873 mmosc
1853 2788 1858 2795 ’

645 2939 782 3009 mucro,
808 2916 909 3010 idest,
936 2936 1087 3012 pauper.
1113 2916 1158 2989 Et
1181 2915 1240 2990 bic
1266 2922 1362 3009 nota,
1387 2916 1486 3010 quod
1510 2917 1633 2991 Goesar
1656 2918 1721 3011 qui
1746 2918 1816 2992 luit

643 3035 838 3132 aliquando
851 3036 1011 3132 pontifex
1026 3035 1211 3109 maximus
1222 3036 1329 3111 aliter
1341 3036 1486 3131 aperuit
1497 3036 1685 3131 aerarium,
1700 3050 1813 3132 quam

642 3177 742 3232 nunc
767 3156 833 3230 iste
858 3154 1028 3231 sacerdos
1054 3174 1212 3251 magnus
1236 3154 1504 3251 purgatorium.
1530 3156 1622 3231 Nam
1650 3158 1704 3231 bis
1729 3178 1814 3253 spo-

642 3276 743 3352 liavit
757 3276 931 3351 aerarium
949 3275 1069 3372 primo
1086 3274 1339 3349 fraudulenter
1356 3297 1423 3370 pro
1440 3282 1564 3372 parte3
1582 3297 1668 3351 narn
1687 3278 1727 3353 in
1745 3300 1813 3353 suo

641 3397 760 3493 primo
785 3397 989 3490 consulatu,
1016 3400 1058 3468 ut
1083 3394 1208 3470 scribit
1240 3394 1445 3491 Suetonius,
1472 3397 1616 3472 iuratus
1648 3398 1715 3471 luit
1743 3396 1813 3471 tria

642 3518 752 3592 millia
786 3516 906 3612 pondo
937 3514 1032 3609 auri,
1058 3522 1096 3589 et
1124 3514 1246 3608 posuit
1275 3515 1324 3591 ibi
1354 3517 1569 3593 tantundem
1600 3518 1684 3593 auri
1713 3518 1811 3612 ficti,

641 3646 766 3734 postea
783 3636 948 3734 spoliavit
966 3634 1145 3710 violenter
1161 3642 1258 3730 toto;
1279 3636 1378 3711 unde
1394 3637 1598 3713 secundum
1616 3640 1812 3714 llorosium

641 3760 762 3835 Caesar
788 3756 947 3833 extraxit
973 3776 1071 3830 nunc
1101 3754 1148 3830 de
1176 3756 1310 3831 aerario
1335 3763 1496 3851 quatuor
1522 3758 1633 3833 millia
1658 3765 1809 3833 centum

641 3878 769 3975 viginti
793 3898 858 3953 sen
883 3876 1002 3972 pondo
1028 3874 1120 3969 auri,
1148 3882 1184 3950 et
1209 3876 1352 3971 argenti
1381 3875 1502 3971 pondo
1526 3898 1662 3952 norem
1688 3878 1811 3953 millia.

640 3998 706 4073 llic
731 3997 827 4073 enim
855 4001 961 4071 erant
989 3993 1152 4069 thesauri
1183 3994 1407 4091 Scipionum,
1432 3996 1625 4093 Campum,
1650 3998 1812 4074 Metello-

641 4139 725 4193 rum
753 4122 790 4193 et
815 4115 939 4213 magni
964 4114 1124 4210 Pompeii
1154 4120 1191 4189 et
1219 4114 1378 4189 aliorum
1408 4116 1547 4193 ducum
1573 4138 1809 4215 magnorum.

641 4239 683 4311 Et
709 4237 767 4313 bic
792 4236 922 4310 ultimo
947 4241 1044 4329 nota,
1066 4235 1194 4328 lector,
1210 4241 1392 4327 quantum
1414 4236 1483 4313 ista
1508 4237 1637 4312 nobilis
1661 4258 1813 4335 compa-

641 4357 734 4433 ratio
759 4356 1004 4453 propriissime
1029 4354 1113 4432 lacit
1137 4355 1182 4431 ad
1209 4356 1459 4451 propositum:
1480 4358 1576 4435 sicut
1599 4359 1699 4435 enim
1725 4361 1810 4435 illu·

639 4484 732 4553 stres
750 4476 905 4571 romani,
922 4475 1071 4551 devictis
1088 4474 1263 4570 hostibus,
1282 4475 1548 4572 triumphantes
1564 4479 1809 4555 ascendebant

641 4604 802 4673 montem
830 4596 1025 4694 Tarpeium
1051 4616 1138 4670 cum
1164 4595 1313 4671 canticis
1334 4617 1479 4694 magnae
1504 4598 1648 4695 laetitiae,
1674 4607 1713 4675 et
1737 4600 1811 4674 sol-

641 4718 774 4793 vebant
800 4724 886 4793 vota
906 4737 974 4791 sua
992 4715 1070 4791 lori
1087 4714 1226 4811 optimo
1244 4715 1420 4811 maximo,
1436 4724 1588 4815 agentes
1604 4718 1809 4815 gratiarum

641 4824 821 4931 actionem
846 4836 897 4911 ita
923 4842 1023 4911 recte
1047 4835 1116 4911 riri
1142 4835 1307 4931 virtuosi,
1333 4835 1483 4913 devictis
1506 4839 1682 4935 hostibus,
1709 4841 1812 4935 idest,

705 5103 732 5166 (¹)
747 5103 779 5154 Ε.
791 5066 879 5155 ἸΙιιΙΙιιι
893 5103 986 5157 Gerar.
