4542 6842
710 956 798 1045 'tet
1086 976 1537 1049 eomuuuumrumnromr

726 1372 892 1443 OANPUS
915 1372 1106 1443 DECIMUS
1130 1376 1283 1459 NONUS,
1312 1380 1369 1447 abt
1389 1385 1467 1463 past
1495 1378 1634 1461 aliquam
1654 1377 1805 1451 mmmm
1825 1394 1898 1442 mem

803 1483 937 1570 Virpslia
967 1485 1076 1571 aliaeu
1105 1491 1277 1571 receptavit
1297 1489 1431 1571 Doctae,
1454 1490 1569 1575 etlltoc
1592 1489 1687 1572 faeta,
1709 1488 1897 1553 taceremne

805 1618 921 1665 avaros
936 1598 994 1665 sub
1010 1599 1100 1665 titulo
1116 1601 1279 1667 metandam
1286 1623 1396 1685 papa,
1412 1608 1443 1669 et
1462 1603 1501 1669 de
1517 1602 1607 1667 moda
1614 1620 1720 1683 parra
1733 1601 1893 1680 aaronem

803 1715 833 1776 et
854 1711 936 1777 siml
956 1710 1010 1777 dle
1024 1732 1118 1795 papa
1140 1733 1211 1778 cum
1232 1712 1341 1780 Dante
1362 1713 1461 1780 multa
1482 1713 1661 1795 receptavit.

796 1981 1046 2150 Νῑιιόνα
1075 2080 1135 2151 clte
1159 2100 1232 2152 aaa
1256 2072 1328 2170 pud
1353 2082 1502 2153 ilcalor
1530 2083 1668 2154 marma.
1695 2078 1892 2169 Postquam

723 2194 760 2271 in
777 2195 936 2289 capitulo
954 2198 1173 2291 praecedenti
1194 2207 1302 2294 poeta
1322 2201 1491 2276 tractavit
1515 2207 1552 2274 et
1576 2195 1831 2274 determinavit
1846 2193 1893 2267 de

723 2314 810 2391 vitio
842 2316 1000 2409 accidia,
1028 2338 1126 2392 nnnc
1158 2327 1425 2413 consequenter
1455 2320 1492 2394 iu
1522 2320 1590 2393 isto
1615 2314 1891 2413 capitulatim,

722 2434 798 2531 agit
815 2441 852 2509 et
869 2442 1001 2511 tractat
1018 2437 1064 2512 de
1086 2437 1172 2512 vitio
1188 2439 1364 2530 avaritie,
1381 2459 1466 2533 qum
1486 2438 1637 2534 punitur
1656 2442 1694 2511 et
1713 2440 1893 2530 purgatur

722 2554 759 2629 in
786 2555 914 2649 quinto
940 2555 1090 2631 circulo.
1116 2558 1161 2631 Et
1185 2578 1346 2653 praesens
1369 2558 1571 2654 capitulum
1595 2562 1713 2653 potest
1729 2552 1836 2628 dividi
1854 2552 1891 2625 in

723 2680 885 2768 quatuor
902 2684 1025 2771 partes
1041 2677 1250 2773 generalem
1269 2679 1305 2751 in
1323 2700 1483 2773 quarum
1501 2679 1620 2775 prima
1632 2684 1739 2772 poeta
1755 2674 1892 2749 descri-

723 2794 776 2869 bit
800 2796 984 2869 somnium
1010 2818 1132 2871 suum.
1166 2800 1205 2872 ln
1235 2799 1395 2875 secunda
1412 2798 1600 2875 describit
1631 2795 1818 2870 introitum
1843 2792 1890 2867 ad

723 2915 893 3010 quintum
908 2916 1101 3010 circulum,
1116 2923 1153 2991 et
1167 2919 1429 3013 apparitionem
1447 2917 1567 3015 angeli
1586 2914 1651 3011 qui
1666 2912 1786 3009 dirigit
1802 2932 1889 2986 enm

722 3034 769 3108 ad
794 3034 892 3108 viam
918 3055 1037 3128 suam,
1064 3042 1100 3111 et
1124 3045 1257 3133 purgat
1274 3060 1296 3111 a
1315 3038 1401 3111 vitio
1418 3038 1575 3129 accidire,
1596 3035 1666 3109 ibi:
1688 3039 1728 3107 lo
1745 3022 1888 3123 antid).

721 3152 762 3241 lu
787 3153 895 3229 tertia
919 3153 1089 3231 describit
1114 3176 1262 3251 pmnam
1287 3165 1325 3231 et
1349 3157 1605 3253 purgationem
1631 3173 1831 3229 avarorum
1851 3150 1888 3223 in

722 3292 798 3347 uno
824 3274 951 3369 spiritu
979 3274 1157 3349 moderno
1182 3275 1396 3371 specialiter,
1422 3277 1490 3352 ibi:
1520 3278 1673 3349 Com'io.
1697 3274 1737 3346 ln
1758 3276 1887 3365 quarta

721 3401 757 3474 at
785 3394 912 3468 ultima
929 3395 1035 3469 solvit
1053 3417 1169 3469 unum
1188 3396 1341 3470 dubium
1363 3397 1460 3471 circa
1477 3395 1692 3491 praedictum
1711 3392 1889 3487 spiritum,

720 3514 789 3589 ibi:
816 3518 857 3587 Io
883 3518 1017 3588 m'era.
1044 3516 1096 3589 dd
1123 3516 1284 3611 primum
1311 3517 1461 3591 veniens
1480 3516 1562 3590 dioo
1581 3514 1681 3608 quod
1698 3518 1805 3607 poeta
1824 3511 1891 3585 de·

720 3634 844 3709 scribit
869 3636 1054 3709 somnium
1087 3657 1218 3710 sunm:
1245 3643 1282 3711 et
1313 3637 1401 3730 qnia
1432 3656 1579 3731 semper
1606 3633 1764 3709 somniat
1793 3630 1892 3705 circa

720 3774 898 3830 auroram
926 3755 1072 3848 quando
1091 3754 1182 3828 fiunt
1199 3756 1339 3829 somnia
1358 3776 1458 3849 vera,
1476 3754 1558 3829 ideo
1575 3754 1695 3847 primo
1720 3748 1891 3827 describit

721 3874 849 3947 boram
878 3875 1053 3970 temporis
1078 3874 1279 3969 dupliciter,
1305 3874 1450 3973 scilieet,
1469 3874 1650 3969 perviam
1670 3868 1890 3945 naturalem.

719 3992 774 4067 dd
798 3993 906 4068 cuius
932 3993 1206 4089 intelligentiam
1223 3993 1333 4068 debes
1350 3993 1469 4088 primo
1487 3993 1593 4085 scire,
1610 3991 1710 4085 quod
1731 3989 1784 4063 sol
1802 4008 1890 4061 cum

720 4118 775 4187 est
801 4112 837 4185 in
862 4118 987 4185 nostro
1005 4113 1224 4207 hemisperio
1241 4112 1422 4207 superiori
1439 4112 1654 4187 reverberat
1670 4116 1808 4183 terram
1830 4127 1894 4181 ra·

719 4231 786 4305 diis
812 4231 887 4305 suis
912 4238 950 4305 et
975 4230 1138 4306 calefacit
1163 4232 1277 4325 ipsam
1300 4238 1336 4305 et
1357 4230 1512 4305 vicinam
1531 4236 1673 4325 partem
1693 4227 1809 4321 aeris;
1828 4224 1894 4299 sed

720 4356 801 4445 post
818 4371 990 4425 occasum
1013 4351 1097 4423 solis
1118 4351 1206 4424 luna
1222 4349 1410 4445 frigebat,
1428 4348 1521 4422 sicut
1547 4349 1601 4423 sol
1623 4347 1808 4423 calefacit:
1827 4345 1894 4419 sed

719 4475 844 4543 tamen
870 4476 1018 4564 propter
1043 4470 1205 4543 calorem
1223 4469 1397 4542 diurnum
1416 4468 1683 4563 praecodentem
1707 4473 1808 4541 terra
1830 4486 1898 4539 ca-

719 4590 849 4663 leiacta
876 4588 1009 4663 resistit
1034 4609 1154 4681 usque
1178 4587 1225 4661 ad
1250 4587 1468 4680 diluculum3
1487 4593 1525 4662 et
1541 4588 1593 4662 sic
1609 4587 1710 4661 calor
1735 4584 1900 4658 diurnus

720 4708 780 4783 illa
807 4708 897 4782 bora
923 4707 1081 4781 vincitur
1106 4728 1127 4781 a
1153 4713 1254 4781 terra
1272 4729 1355 4801 quae
1373 4715 1428 4781 est
1445 4706 1573 4804 frigida
1593 4706 1756 4797 erstem,
1774 4709 1813 4778 et
1831 4704 1902 4778 ali-

719 4827 868 4921 quando
893 4848 915 4901 a
941 4826 1099 4901 Saturno
1124 4828 1268 4922 planeta
1286 4826 1427 4923 frigido,
1445 4827 1540 4901 sicco
1558 4832 1596 4900 et
1616 4831 1813 4899 nocturno.
1833 4824 1903 4896 Di-

782 5082 809 5146 (¹)
825 5082 856 5133 E.
872 5084 943 5133 vobi
959 5084 1049 5135 Tertio
1065 5083 1194 5134 describit.
