4542 6842
924 971 1064 1029 cunnus
1088 972 1219 1027 nonus.
1572 956 1654 1029 ,273

482 1116 587 1212 vitiis,
600 1115 801 1191 ascendunt
818 1123 982 1191 montem
1002 1116 1203 1215 purgatorii
1223 1137 1308 1190 cum
1323 1122 1432 1190 cantu
1453 1124 1490 1190 et
1507 1116 1653 1212 gaudio,

480 1241 517 1311 et
542 1236 689 1311 solvunt
713 1235 834 1312 dehita
859 1258 928 1311 suo
952 1236 1193 1333 omnipotenti
1226 1236 1305 1311 Jovi
1335 1236 1374 1309 in
1403 1237 1562 1312 Ecclesia
1593 1258 1654 1313 ro-

470 1360 729 1431 mana-lo.
755 1356 820 1431 llic
846 1357 975 1431 ultimo
1006 1364 1112 1453 poeta
1144 1356 1314 1441 describit
1343 1358 1522 1452 gaudium
1555 1380 1655 1436 nuuc

478 1473 617 1549 lactum
645 1496 712 1571 pro
737 1475 817 1551 eius
842 1476 1022 1572 ingressu,
1049 1483 1086 1553 et
1110 1477 1219 1552 dicit:
1241 1482 1288 1550 «Io
1312 1480 1361 1551 mi
1384 1480 1507 1551 rivotri
1525 1485 1654 1553 attento

471 1598 521 1669 ‚at
541 1599 657 1689 primo
682 1603 801 1686 lucum
818 1596 920 1691 idest,
938 1618 1029 1673 sono
1049 1597 1155 1672 dictae
1177 1604 1374 1692 opertere,
1395 1605 1433 1673 et
1452 1598 1576 1673 audivi
1593 1619 1654 1673 so-

482 1736 574 1790 uurn
599 1715 873 1792 devotissimum
900 1724 1052 1811 cantns3
1080 1717 1179 1792 uude
1200 1718 1305 1792 dicit:
1328 1722 1420 1791 e.mi
1440 1740 1557 1811 porea
1572 1722 1655 1793 udi

488 1843 533 1912 Te
558 1844 670 1911 Deum
694 1841 891 1929 Ιαειάαηιυε,
918 1846 949 1912 tc
974 1842 1163 1912 Domr'num
1182 1842 1395 1932 conflentur.
1413 1841 1457 1913 llt
1483 1840 1541 1913 lric
1567 1846 1654 1914 nota

482 1958 583 2053 quod
607 1960 717 2033 istum
745 1961 925 2055 hymnum
952 1959 1036 2035 lecit
1060 1960 1192 2035 beatus
1216 1960 1431 2034 Ambrosius
1460 1982 1546 2035 cum
1577 1966 1654 2035 tra-

483 2078 594 2153 xisset
610 2079 856 2175 Augustinum
874 2077 921 2155 de
937 2079 1042 2153 malis
1059 2079 1260 2175 erroribus,
1278 2080 1379 2154 velut
1397 2080 1560 2154 medicus
1581 2079 1654 2176 spi-

472 2197 633 2293 ‚ritualia
651 2199 716 2292 qni
741 2201 901 2294 hymnus
924 2200 1064 2275 cantari
1081 2200 1174 2275 solet
1190 2200 1312 2275 statim
1328 2206 1410 2295 post
1427 2199 1652 2275 creationem

478 2317 616 2393 summi
650 2316 842 2393 Pontificio.
876 2318 963 2395 Ideo
996 2319 1258 2394 convenienter
1290 2318 1395 2415 lingit
1423 2319 1482 2394 hic
1513 2319 1653 2399 canturi

480 2438 657 2532 murnum
688 2437 798 2511 istum
832 2445 911 2533 post
945 2439 1224 2513 conversionem
1254 2460 1361 2513 suam
1393 2440 1441 2513 ad
1471 2440 1653 2533 poeniten-

478 2555 578 2631 tiam.
601 2556 710 2631 -Sicut
741 2578 833 2653 ergo
862 2562 1011 2631 sanctus
1041 2557 1256 2631 Ambrosius
1290 2558 1460 2634 sacerdos
1492 2559 1653 2635 cantauit

477 2695 555 2771 prre
573 2674 730 2771 gaudio:
754 2682 800 2750 Tc
818 2681 930 2749 mum
951 2679 1150 2765 tondamus,
1169 2677 1322 2751 reducto
1342 2676 1547 2774 Augustino
1573 2678 1653 2753 viro

469 2796 677 2870 ¹acutissimi
707 2795 929 2893 ingeniine
959 2816 1058 2871 nunc
1087 2796 1156 2870 iste
1185 2802 1333 2871 sauctus
1364 2796 1536 2871 sacerdos
1566 2818 1652 2873 cum

470 2936 617 3011 ‚magno
654 2916 745 2991 lesio
783 2916 942 2991 cantavit
982 2916 1119 2991 dictum
1155 2916 1335 3012 hymnum
1371 2915 1579 2991 introducto
1609 2917 1654 2993 in

479 3036 737 3132 purgatorium
763 3036 881 3111 Dante
914 3035 992 3110 viro
1021 3034 1145 3133 magni
1177 3035 1332 3132 ingenii3
1358 3037 1418 3110 vel
1452 3037 1546 3111 lorte
1579 3057 1654 3115 nou

471 3157 600 3231 solum
627 3155 694 3231 iste
720 3176 817 3230 unus
840 3156 995 3252 angelus
1020 3156 1180 3231 cantavit
1208 3156 1272 3231 sed
1298 3158 1416 3231 multi.
1433 3158 1479 3232 Et
1498 3158 1654 3235 ostendit

471 3276 633 3351 ,modum
651 3275 753 3351 istius
770 3282 911 3370 cautus,
929 3276 1071 3351 dicens:
1090 3280 1127 3350 in
1143 3299 1226 3351 voce
1242 3282 1345 3353 mista
1361 3282 1401 3351 ut
1413 3282 1512 3353 dolce
1527 3300 1652 3353 suono.

471 3398 571 3473 .Nam
598 3396 775 3493 gaudium
803 3418 980 3494 magnum
1007 3396 1048 3469 lit
1073 3396 1109 3471 in
1135 3399 1231 3473 ooelo
1248 3418 1360 3493 super
1376 3397 1499 3472 animo
1524 3419 1654 3493 pecca·

363 3562 366 3567 1
478 3517 568 3593 toris
593 3517 845 3613 poenitentiam
870 3516 1031 3613 agentis3
1049 3522 1086 3592 et
1102 3515 1189 3593 dicit
1213 3539 1236 3593 a
1259 3517 1381 3612 simili,
1399 3517 1498 3613 quod
1520 3518 1653 3595 intelli·

479 3638 590 3734 gebat
614 3645 763 3713 cautum
791 3638 953 3731 contuse,
984 3637 1078 3711 sicut
1107 3643 1238 3713 cantus
1271 3638 1335 3733 qui
1360 3639 1401 3712 lit
1425 3639 1535 3715 simul
1565 3662 1651 3720 cum

479 3760 736 3856 sono'organi
767 3760 804 3833 iu
833 3779 909 3853 quo
938 3757 1061 3853 aliqua
1091 3758 1205 3835 verba
1237 3758 1503 3857 intelliguntur,
1528 3762 1652 3857 aliqua

480 3900 573 3971 non3
592 3878 691 3953 unde
707 3877 808 3953 dicit:
828 3872 882 3953 oid
899 3880 993 3953 clr'io
1009 3881 1117 3953 adico
1136 3882 1185 3953 mi
1203 3882 1336 3953 render
1352 3884 1404 3954 tol
1416 3885 1570 3973 intooinc
1586 3904 1653 3975 uo-

470 4008 599 4093 nunto,
625 3999 727 4094 idest,
755 4000 1041 4095 representabat
1063 3999 1151 4073 mihi
1178 3999 1286 4075 talem
1314 4000 1473 4097 liguram
1503 4000 1652 4096 directe,

476 4123 731 4213 mrolprender
750 4123 892 4194 creole
912 4122 1053 4211 quondo
1070 4111 1253 4215 sistendi,
1265 4121 1432 4195 stabatur
1458 4121 1652 4197 inmundo

480 4240 560 4335 isto,
591 4261 615 4312 a
647 4246 773 4314 aanor
802 4261 869 4314 coo
897 4244 1037 4332 ordeni.
1067 4240 1207 4314 Audisti
1231 4241 1310 4335 jam
1341 4260 1439 4335 saepe
1469 4248 1650 4335 quantum

480 4360 538 4437 hic
578 4359 706 4433 nobilis
742 4359 889 4438 animus
928 4380 1012 4433 cum
1053 4380 1200 4435 summa
1233 4359 1472 4437 delectatione
1508 4360 1650 4437 vacavit

481 4480 646 4557 mnibus
663 4486 699 4555 et
715 4480 812 4554 sonis
833 4480 981 4575 quando
1000 4480 1129 4575 potuit,
1146 4483 1198 4553 clr'
1210 4502 1255 4555 or
1270 4476 1301 4553 si
1317 4502 1362 4555 or
1381 4502 1429 4555 no
1447 4485 1652 4559 s'intendon

479 4605 524 4691 lc,
530 4604 668 4696 parole.
694 4602 738 4675 Et
761 4600 814 4677 sic
839 4600 933 4694 vide,
951 4601 1076 4695 lector,
1095 4606 1186 4695 quot
1202 4600 1341 4676 nobiles
1359 4598 1651 4697 comparationes

471 4728 585 4817 ,poeta
610 4720 807 4799 inculcavit
832 4720 868 4793 in
894 4719 962 4794 isto
987 4718 1182 4795 artificioso
1206 4720 1377 4816 capitulo,
1394 4720 1488 4797 sicut
1512 4721 1559 4797 de
1574 4723 1648 4799 Ga-

479 4842 646 4939 nymede,
672 4842 719 4916 de
744 4840 891 4935 Achille,
916 4840 964 4915 de
988 4839 1146 4935 organis.

542 5038 568 5105 (¹)
585 5040 617 5092 E.
632 5042 697 5091 idest
714 5041 838 5092 elabatur.

930 5146 1198 5161 Ἣ

612 5230 654 5276 111.
