4542 6842
694 930 766 998 tou
1052 941 1258 998 munerun
1281 941 1506 998 mauman

693 1087 829 1164 cultate
854 1109 940 1182 sua3
966 1087 1071 1182 quasi
1087 1080 1124 1180 (¹)
1149 1087 1247 1164 dicat
1271 1107 1348 1162 uuo
1373 1088 1511 1164 rubo:
1529 1093 1690 1182 utraque
1709 1107 1782 1163 vox
1797 1107 1870 1161 au·

692 1205 766 1282 dita
791 1207 900 1284 debet
924 1227 1005 1285 esse
1028 1208 1187 1282 lraernum
1215 1227 1394 1283 rovocans
1418 1207 1606 1284 homiuem
1637 1206 1689 1281 ab
1713 1205 1868 1301 invidia,

693 1327 757 1402 sed
782 1349 857 1402 non
881 1327 1030 1425 prodoet
1053 1327 1171 1402 nobie
1188 1327 1291 1403 Unde
1308 1327 1480 1424 Virgilius
1495 1326 1696 1422 alloquitur
1711 1327 1868 1402 maun

693 1453 885 1543 tamquam
911 1449 1070 1545 speciem
1097 1448 1251 1524 humani
1273 1448 1434 1546 generis,
1454 1446 1595 1524 dioeus:
1622 1469 1682 1521 nro
1707 1451 1777 1539 coi,
1796 1447 1870 1523 sci·

519 1605 529 1630 ·
694 1568 777 1645 licet
806 1570 994 1664 mortales,
1018 1571 1188 1664 prendete
1218 1571 1348 1660 coxa,
1376 1567 1480 1663 idest,
1511 1568 1723 1645 illecebram
1752 1569 1870 1643 buno-

695 1710 780 1763 mm
808 1691 1079 1788 temporalium,
1110 1691 1147 1765 in
1176 1711 1252 1786 qua
1281 1691 1369 1765 lutet
1400 1690 1545 1764 hamus
1575 1689 1678 1764 Unde
1702 1688 1807 1765 dicit:
1835 1681 1870 1763 sl

694 1811 756 1884 cte
780 1811 803 1884 ἴ
815 1831 898 1884 omo
923 1813 966 1885 de
989 1813 1142 1885 tactim
1164 1813 1389 1903 commoto,
1405 1809 1510 1905 idest,
1527 1809 1764 1884 frandulenta
1788 1816 1871 1884 teu-

696 1930 785 2006 tatio
809 1931 955 2026 diaboli,
980 1930 1044 2026 qui
1070 1931 1191 2025 primo
1219 1929 1346 2005 invidit
1374 1931 1453 2005 Deo
1477 1937 1627 2030 pnnptcr
1651 1929 1752 2025 quod
1782 1929 1869 2024 tuit,
1975 1947 1980 1960 ‘

651 2114 656 2123 .
695 2049 827 2125 deinde
851 2051 990 2126 homiui
1015 2072 1129 2146 quem
1162 2071 1290 2127 socrum
1317 2051 1429 2126 traxit
1459 2051 1497 2125 in
1530 2051 1691 2146 ruinam,
1721 2073 1747 2124 u
1774 2073 1814 2125 sc
1837 2055 1873 2126 ui

697 2170 782 2261 ltro,
808 2169 895 2264 quia
919 2171 1050 2245 suadet
1083 2191 1151 2246 vos
1174 2171 1329 2246 invideri
1357 2167 1462 2246 alteri
1489 2178 1640 2267 propter
1663 2171 1732 2246 ista
1755 2172 1871 2267 bonu,

695 2281 826 2382 eperd
847 2311 939 2384 poco
964 2295 1025 2366 vul
1045 2297 1151 2387 [reno
1179 2313 1203 2365 o
1235 2295 1419 2383 medianto,
1451 2293 1556 2387 quasi
1585 2293 1706 2368 dicat:
1736 2313 1871 2389 parum

696 2415 850 2506 prosunt
875 2411 978 2487 vobis
1003 2414 1173 2508 exempla
1197 2419 1236 2488 et
1260 2413 1423 2508 pericula
1442 2412 1636 2490 manifeste
1661 2413 1871 2489 revocantia

696 2551 773 2605 vos.
799 2532 844 2604 Et
862 2530 1047 2607 concludit
1063 2519 1192 2628 pulcro
1208 2533 1391 2631 Virgilius,
1409 2535 1509 2630 quod
1523 2555 1595 2611 noc
1611 2535 1722 2611 timor
1738 2554 1873 2631 poenae,

697 2669 766 2726 nec
794 2671 877 2745 spes
906 2651 1033 2748 glorie
1057 2660 1211 2748 possunt
1239 2673 1307 2728 nos
1334 2675 1507 2750 movere3
1533 2655 1632 2730 unde
1655 2655 1758 2752 ponit
1787 2675 1873 2732 seu-

697 2769 849 2845 tentiam
876 2771 1138 2847 nobilissimam
1154 2773 1395 2873 ,contendam
1420 2775 1534 2851 literis
1557 2775 1694 2871 aures
1722 2776 1871 2851 dicens:

698 2892 872 2965 chamavi
887 2895 916 2965 it
929 2895 1028 2984 cleto,
1044 2892 1091 2968 ad
1108 2892 1305 2989 premium
1322 2901 1494 2990 paratum
1512 2896 1628 2990 vobis,
1642 2917 1663 2971 e
1677 2899 1820 2971 totam
1836 2900 1873 2970 ot

697 3014 729 3086 si
752 3014 850 3104 poa,
877 3011 1039 3106 undique
1064 3033 1130 3088 vos
1155 3013 1331 3090 claudens
1354 3022 1394 3090 et
1416 3018 1675 3113 complectens,
1693 3025 1873 3092 mmm

698 3133 782 3205 dcvi
801 3135 832 3205 te
850 3153 911 3206 sue
936 3133 1084 3208 uutezze
1103 3141 1232 3226 ecem,
1248 3135 1386 3212 scilicet
1401 3136 1548 3234 sydera,
1569 3137 1873 3236 magnitudinum

698 3251 938 3347 dolositatem,
964 3254 1262 3349 pulcritudinem,
1279 3277 1299 3328 e
1316 3253 1465 3332 tocclto
1489 3265 1609 3332 como
1630 3280 1702 3353 pur
1725 3281 1751 3334 a
1775 3267 1874 3335 terro

700 3375 807 3464 mdo,
832 3372 934 3467 idest,
961 3373 1008 3450 ad
1035 3381 1183 3450 terrena
1214 3378 1452 3473 temporatim
1481 3385 1521 3455 et
1548 3380 1756 3456 concludit:
1781 3386 1875 3459 onde

701 3493 841 3568 uiduae
857 3495 912 3568 cti
927 3501 1010 3569 tutto
1028 3498 1200 3588 duem,
1216 3495 1319 3593 idest,
1336 3497 1419 3573 idco
1430 3499 1532 3594 justa
1555 3502 1661 3597 punit
1680 3523 1747 3578 vos
1762 3504 1873 3580 liene

762 3761 792 3825 (¹)
808 3762 839 3813 E.
854 3763 928 3828 quart
946 3761 1009 3816 velt
1024 3711 1132 3814 dicum..
