4542 6842
794 998 934 1056 cunnus
959 988 1162 1056 vrcusmus'.
1493 971 1563 1053 523

391 1140 678 1219 substentatione
704 1142 798 1237 ritae,
819 1142 963 1220 occulte
988 1144 1034 1221 dc
1060 1148 1168 1218 nocte
1193 1143 1345 1239 proiecit
1368 1153 1436 1239 per
1461 1140 1564 1217 leuc¹

391 1260 505 1339 stram
533 1277 691 1339 massam
718 1264 800 1339 auri
825 1260 1029 1340 involutam
1057 1264 1176 1360 pullio,
1203 1283 1250 1340 ex
1276 1274 1352 1359 quo
1377 1252 1564 1359 primoge-

277 1384 282 1397 '
391 1384 465 1469 nlla
492 1384 660 1460 maritata
686 1388 761 1479 est,
787 1390 867 1480 post
892 1393 1038 1481 tempus
1068 1386 1212 1479 iterato,
1246 1386 1283 1460 et
1314 1385 1421 1459 tertio
1447 1381 1565 1458 simile

391 1492 550 1597 locitas
577 1524 652 1599 quo
678 1505 830 1599 reliquae
857 1508 1080 1600 nupseruut3
1099 1511 1136 1580 et
1162 1504 1297 1579 inritus
1322 1504 1489 1602 cognitus
1509 1498 1566 1578 erl

390 1643 414 1699 u
439 1628 543 1721 patre
567 1612 763 1723 virginum.
792 1622 884 1700 Dicit
909 1646 1000 1721 ergo
1025 1632 1144 1721 poeta,
1167 1625 1267 1719 quod
1292 1625 1409 1700 iactus
1434 1623 1564 1699 auidus
1668 1675 1672 1680 .

391 1743 438 1821 ad
464 1745 576 1821 verba
601 1744 697 1820 illius
722 1745 879 1841 spiritus,
906 1742 989 1819 iecit
1011 1765 1054 1820 se
1079 1744 1342 1839 proximiorem
1368 1744 1438 1838 illi;
1466 1744 1564 1819 unde

391 1866 496 1941 dicit:
522 1872 635 1958 queste
657 1868 795 1959 parole,
821 1865 916 1940 dicta
945 1864 991 1940 de
1023 1886 1112 1940 vera
1139 1870 1354 1963 paupertate
1377 1866 1501 1940 Mariae
1526 1864 1565 1940 el

390 1986 556 2079 Fabricii,
582 1984 726 2058 m’cran
749 1978 780 2059 sl
800 1988 962 2079 modae,
984 1984 1070 2079 quia
1088 1990 1125 2061 et
1142 2006 1213 2082 ego
1230 2006 1371 2082 pauper
1395 2003 1499 2060 eram
1525 1988 1563 2061 ol
1645 2082 1649 2091 ¹

392 2104 551 2180 liberalis
583 2104 810 2180 considerata
836 2104 1019 2199 facultate,
1046 2106 1145 2179 ct'io
1174 2110 1224 2179 mi
1255 2108 1362 2180 unu
1385 2109 1474 2179 ultre
1496 2116 1563 2199 per

390 2244 477 2299 oum
502 2230 683 2318 concana,
709 2226 812 2321 idest,
839 2224 1120 2302 familiaritatem
1140 2231 1177 2301 et
1195 2226 1370 2322 notitiam,
1388 2226 1426 2300 dt
1450 2227 1562 2319 quello

388 2348 513 2438 spirtu,
538 2348 628 2419 curte
649 2368 791 2440 parcan
816 2351 948 2439 ccccc,
974 2366 1086 2441 quem
1120 2367 1193 2420 non
1225 2353 1391 2441 poteram
1424 2346 1560 2440 videre,

389 2464 476 2560 quia
502 2463 660 2541 habebat
685 2480 731 2541 'us
762 2465 808 2541 ad
841 2472 991 2542 terram.
1018 2466 1061 2538 Et
1086 2486 1175 2540 ecce
1200 2465 1287 2560 quid
1314 2466 1467 2540 ulterius
1492 2478 1563 2540 au⁸

390 2583 482 2659 diri:
509 2606 597 2676 csso,
624 2579 907 2683 scilicet,'liugo,
920 2586 1079 2679 pectavo
1100 2605 1214 2659 aecor
1237 2588 1329 2659 dello
1355 2588 1560 2679 taratauc,

390 2725 480 2781 vere
507 2706 583 2780 hec
608 2696 804 2781 liberalitas
828 2706 938 2803 digua
964 2706 1031 2781 luit
1056 2706 1131 2780 lam
1158 2706 1308 2803 egregio
1334 2706 1480 2801 spicum
1499 2706 1562 2781 lll-

391 2825 517 2901 eolaus
533 2826 630 2900 enim
652 2846 802 2922 gemma
820 2826 1066 2922 sacerdotum,
1083 2829 1170 2901 ante
1187 2826 1431 2902 sanctificatus
1449 2832 1561 2921 quum

309 2940 315 2952 “
391 2950 511 3041 uatus,
539 2950 579 3020 ut
603 2948 653 3021 ait
678 2942 904 3044 Polycratus,
921 2950 981 3022 cte
997 2952 1071 3043 [ccc
1095 2947 1255 3040 Nicolao,
1273 2968 1476 3022 consonum
1495 2966 1564 3021 uo*

391 3086 496 3161 men;
521 3066 690 3141 Nicolaus
716 3068 813 3142 enim
842 3067 986 3142 virtutis
1012 3068 1092 3142 laus
1117 3068 1176 3143 vel
1201 3066 1318 3164 gloria
1344 3068 1564 3162 interpreta-

390 3193 464 3281 tur,
490 3206 514 3259 a
539 3189 570 3259 lc
589 3190 746 3280 pulcette,
773 3176 940 3281 tribusl⁴l
969 3177 1182 3285 virginibus,
1208 3208 1274 3279 per
1306 3190 1483 3261 cundum
1512 3190 1563 3261 od

390 3321 482 3381 onor
507 3311 563 3381 lor
588 3312 809 3401 plociuczza,
835 3330 907 3383 non
935 3312 977 3381 ul
1003 3308 1182 3404 potiretur
1207 3307 1270 3382 eis.

469 3432 655 3503 Ocuimu.
682 3431 752 3504 lsta
778 3432 832 3505 est
857 3427 1017 3504 secunda
1043 3450 1128 3524 pars
1153 3427 1335 3524 generalis
1363 3427 1473 3501 huius
1499 3442 1563 3502 cas

390 3535 504 3645 pituli,
524 3550 560 3624 in
586 3570 659 3645 qua
685 3551 792 3646 poeta
810 3548 1007 3625 introducit
1023 3549 1216 3645 praefatum
1240 3548 1406 3643 spiritum
1425 3547 1471 3623 ad
1489 3548 1565 3623 col⁴

390 3668 557 3766 loquium
588 3690 726 3764 secum,
762 3670 823 3764 qui
856 3670 970 3743 multa
1008 3670 1102 3743 mala
1138 3671 1407 3743 commemorat
1438 3668 1495 3742 sul
1527 3664 1565 3744 el

391 3811 547 3865 suorum
572 3788 665 3865 lacta
699 3811 766 3885 per
798 3790 1002 3864 avaritiam.
1030 3788 1121 3864 Dicit
1145 3810 1257 3886 ergot
1287 3792 1385 3881 dtstt,
1416 3778 1563 3884 scillcet,

391 3931 462 4008 ego
488 3904 620 3986 Danles
646 3897 887 3986 exordiendo:
920 3914 1095 3985 occino
1118 3909 1180 3984 cte
1211 3914 1306 3984 teuto
1336 3907 1400 3983 deu
1422 3904 1562 4004 lucetis,

391 4012 437 4106 de
461 4036 677 4127 paupertate
706 4034 743 4107 et
774 4029 941 4127 largitate
974 4038 1100 4106 contra
1131 4030 1336 4124 avaritiam,
1362 4029 1484 4104 dimoti
1507 4025 1562 4103 ctt
1682 4065 1689 4075 ·

388 4151 481 4247 sesti,
506 4152 544 4225 ln
570 4152 687 4247 prima
714 4150 799 4246 vila,
817 4172 835 4225 e
850 4144 981 4244 percle*
993 4146 1084 4243 sola,
1102 4150 1139 4225 in
1161 4149 1261 4226 tauta
1280 4143 1561 4244 multitudinem
1679 4196 1691 4246 ‚·

391 4284 604 4367 avarorum,
623 4270 657 4346 tc
677 4272 855 4363 rinooetle,
878 4270 980 4365 idest,
1000 4291 1182 4363 renarras,
1200 4278 1314 4363 queste
1330 4262 1441 4362 depuc
1458 4267 1563 4345 tuder

391 4382 435 4467 dt
456 4389 510 4492 ,sic
535 4388 624 4488 petit
643 4393 737 4466 duo:
755 4396 792 4466 et
811 4396 851 4464 ut
867 4382 1006 4466 lucilius
1025 4393 1274 4484 consequatur
1288 4380 1327 4483 (³)
1345 4388 1443 4485 quod
1462 4379 1562 4485 petil,

391 4510 569 4608 promittit
593 4500 659 4585 sibl
684 4506 892 4607 praemium,
918 4510 1061 4585 dicens:
1087 4532 1161 4584 nou
1182 4509 1234 4605 lic
1258 4521 1367 4584 senza
1392 4508 1506 4585 merod
1528 4508 1565 4583 u

391 4628 451 4708 luc
462 4633 610 4727 paratu,
628 4632 715 4728 quia
732 4626 815 4707 licet
831 4618 990 4706 dimittas
1009 4632 1194 4706 modicum
1217 4625 1402 4727 planctum
1422 4637 1459 4705 et
1475 4641 1564 4705 cen-

390 4759 471 4827 tum
498 4762 647 4849 propter
673 4764 745 4847 me,
772 4744 910 4849 rogabo
937 4753 1053 4827 Derim
1081 4754 1292 4847 protere!
1312 4738 1408 4826 dabo
1428 4737 1564 4825 tiblias

454 4982 481 5041 l')
498 4980 528 5031 Ε.
544 4980 644 5031 scillcet
660 4982 751 5031 tribus.

454 5056 481 5117 (Ἴ
498 5056 528 5107 E.
544 5056 571 5105 ln
588 5061 657 5107 unta
673 5057 844 5108 multitudiuis
860 5070 998 5107 avarorum
1015 5056 1195 5107 amaritudine.

454 5118 551 5195 (llll,
569 5136 692 5197 sequatur
707 5133 772 5184 illud
789 5126 858 5199 quud
875 5130 947 5197 pelli,
964 5131 1092 5196 promittit
1107 5124 1164 5184 sliri.
