4542 6842
682 918 753 986 248
1041 928 1244 985 couenruu
1269 930 1491 985 ruauumau

682 1076 816 1170 scendi,
840 1078 878 1148 in
901 1096 942 1149 su
967 1076 1101 1167 t’erbu,
1125 1074 1229 1169 idest,
1250 1074 1287 1148 in
1313 1074 1374 1149 illo
1397 1077 1476 1149 solo
1492 1075 1661 1170 berbuso,
1680 1074 1744 1149 ubi
1770 1082 1851 1151 erat

681 1196 797 1271 lectus
822 1193 967 1269 illorum
995 1194 1217 1290 illustrium3
1243 1195 1343 1270 unde
1366 1194 1472 1269 dicit:
1498 1184 1535 1268 nl
1558 1198 1647 1269 doce
1671 1199 1748 1271 tutti
1778 1200 1853 1269 nn-

682 1336 746 1413 que
770 1317 966 1406 sedeuumo,
993 1313 1140 1408 scilicet,
1168 1314 1348 1411 Virgilius,
1377 1314 1455 1410 ipsc
1482 1315 1627 1411 Dentes,
1653 1316 1852 1411 Sordellus,

676 1436 792 1533 judex
817 1435 943 1530 Ninus,
973 1442 1011 1509 et
1040 1434 1205 1509 marchio
1238 1435 1432 1509 Corradus.
1465 1436 1510 1510 Et
1542 1436 1601 1512 bic
1636 1444 1721 1511 nota
1753 1436 1851 1531 quod

682 1559 815 1631 Dantes
840 1554 1009 1631 describit
1033 1574 1238 1651 congruam
1265 1556 1395 1629 boram
1421 1555 1478 1629 sui
1495 1556 1632 1650 somni3
1658 1577 1743 1632 uam
1760 1576 1848 1632 cum

683 1684 771 1753 tunc
795 1684 891 1752 esset
916 1686 1061 1771 tempus
1086 1676 1293 1769 aequinoctii
1319 1675 1395 1772 ipse
1414 1676 1472 1751 vir
1489 1675 1673 1751 studiosus
1689 1684 1770 1753 erat
1789 1698 1852 1753 so-

683 1798 767 1873 litus
793 1796 945 1893 vigilare
969 1816 1035 1891 per
1059 1802 1136 1870 tres
1158 1797 1267 1871 boras
1283 1788 1448 1888 noottsp)
1468 1804 1507 1871 et
1522 1795 1697 1894 evigilare
1721 1796 1758 1871 in
1782 1818 1852 1871 au·
1974 1818 1978 1824 ’

683 1938 769 1993 rora
794 1918 889 1992 sicut
913 1936 1012 1991 nunc
1030 1916 1124 1991 lecit.
1139 1956 1190 1971 -
1202 1919 1289 1991 Nelt'
1302 1938 1380 1989 ora.
1407 1918 1512 1991 Nunc
1531 1925 1650 2013 pocta,
1671 1918 1852 2014 descripta

685 2041 775 2113 bora
800 2036 975 2133 temporis
1007 2057 1081 2130 qua
1111 2036 1335 2131 obdormuit,
1364 2038 1502 2113 scilicet
1534 2059 1713 2113 auroram
1741 2039 1851 2135 luuae,
1916 2062 1928 2073 ·

681 2159 851 2235 describit
879 2148 1012 2232 ‘boram
1051 2178 1125 2251 qua
1159 2158 1343 2232 somnium
1376 2158 1472 2253 lecit,
1504 2159 1640 2235 scilicet
1670 2178 1848 2234 auroram

683 2281 790 2355 solis:
817 2284 853 2354 et
878 2277 1040 2353 breviter
1069 2279 1148 2352 vult
1179 2276 1313 2369 dicere,
1339 2277 1439 2372 quod
1468 2298 1554 2353 curn
1586 2278 1781 2353 dormisset
1805 2278 1852 2353 ad

682 2398 936 2475 sufficientiam
955 2397 1159 2473 secundum
1177 2418 1283 2471 suam
1304 2405 1475 2473 naturam
1494 2406 1535 2473 et·
1548 2398 1850 2473 consuetudinem

682 2519 810 2594 babuit
834 2538 947 2592 unam
974 2517 1152 2593 visionem
1178 2518 1275 2592 circa
1305 2538 1480 2593 auroram
1511 2518 1595 2612 diei,
1622 2519 1769 2612 quaudo
1793 2539 1853 2594 so-

683 2642 757 2717 lent
782 2641 863 2736 plus
889 2637 967 2713 lieri
993 2638 1134 2714 somnia
1160 2657 1260 2713 vera.
1286 2636 1384 2712 llisio
1409 2645 1535 2712 autem
1563 2647 1654 2733 erat,
1681 2639 1779 2733 quod
1796 2639 1853 2713 vi-

682 2762 839 2836 debatur
864 2757 930 2831 sibi
957 2756 1081 2832 videre
1107 2778 1221 2831 unam
1238 2757 1400 2852 aquilam
1418 2756 1456 2831 iu
1476 2759 1561 2853 alto,
1579 2778 1664 2853 quae
1683 2759 1853 2834 celeriter

683 2878 905 2956 descendens
931 2876 1095 2972 rapiebat
1120 2896 1209 2952 cum
1235 2883 1272 2951 et
1297 2876 1609 2973 portabat-usque
1633 2879 1680 2952 ad
1705 2898 1851 2973 speram

683 3001 787 3098 ignis,
813 2999 876 3073 ubi
901 3018 978 3095 prae
1002 2997 1115 3075 nimio
1140 2998 1263 3073 calore
1287 2998 1420 3073 ardens
1443 2997 1645 3095 cogebatur
1665 2999 1851 3096 evigilare.

682 3120 817 3195 Ordine
843 3139 941 3194 nunc
966 3118 1109 3193 literam
1137 3117 1210 3191 sic:
1237 3120 1274 3190 in
1297 3138 1422 3210 coquo,
1447 3117 1550 3212 idest,
1575 3118 1613 3191 in
1627 3110 1665 3210 (²)
1698 3118 1852 3214 somnio,

684 3244 731 3314 mi
751 3261 867 3334 porea
893 3240 997 3313 ceder
1019 3240 1078 3312 un’
1091 3240 1224 3330 uquttu,
1254 3236 1322 3311 ista
1353 3241 1434 3312 erat
1453 3237 1576 3331 Lucia,
1602 3236 1705 3332 idest,
1730 3237 1853 3315 diviua

682 3360 811 3459 gratia,
829 3360 875 3435 de
900 3380 974 3455 qua
990 3359 1129 3434 dictum
1149 3365 1205 3433 est
1220 3359 1327 3453 plene
1350 3357 1513 3433 secundo
1529 3358 1688 3454 capitulo
1704 3358 1850 3455 luterni,

682 3502 826 3575 sospena
850 3484 908 3555 net
930 3484 1006 3573 ciet,
1031 3480 1119 3574 quia
1143 3479 1275 3574 pendet
1303 3499 1327 3552 a
1357 3486 1481 3553 mente
1505 3478 1638 3572 divina,
1658 3501 1723 3553 con
1741 3500 1855 3573 penne

683 3604 810 3693 doro,
830 3602 876 3677 de
893 3599 1061 3676 nobiliori
1079 3598 1233 3675 materia
1251 3620 1324 3674 nou
1345 3597 1463 3693 potuit
1480 3598 1642 3674 formare
1657 3600 1734 3675 alas
1752 3600 1854 3676 istius

683 3725 829 3819 aquilae,
847 3721 1092 3817 quianullum
1111 3720 1303 3795 metallum
1322 3718 1528 3815 perfectius,
1543 3720 1630 3813 quia
1648 3742 1852 3815 numquam

684 3843 946 3938 corrumpitur,
977 3862 1181 3934 numquam
1213 3838 1441 3934 diminuitur,
1472 3860 1677 3934 numquam
1708 3840 1852 3935 delicit3

683 3966 765 4041 ideo
782 3964 877 4058 dicit,
895 3983 962 4036 con
978 3965 1063 4035 t’ult
1081 3968 1213 4053 operte,
1239 3960 1326 4054 quia
1350 3959 1550 4056 gratiabei
1568 3980 1715 4055 semper
1736 3960 1853 4057 aperit

684 4084 845 4179 brachia,
882 4089 920 4157 et
961 4082 1118 4157 libenter
1159 4080 1316 4183 admittit
1334 4070 1372 4172 (³)
1406 4099 1536 4155 omnes
1573 4078 1769 4155 redeuutes
1806 4080 1853 4154 ad

684 4226 784 4298 euru,
805 4204 904 4277 sicut
929 4222 1027 4277 nunc
1052 4206 1199 4296 metam
1219 4206 1409 4293 nostrum,
1427 4198 1526 4273 unde
1541 4198 1645 4274 dicit:
1663 4207 1697 4274 et
1710 4221 1735 4273 u
1750 4204 1854 4275 calor

683 4330 821 4418 tntcsu;
847 4324 949 4417 idest,
976 4322 1152 4397 intentam
1179 4330 1217 4395 et
1242 4328 1407 4415 paratam
1431 4320 1477 4393 ad
1495 4318 1788 4395 descendendum
1814 4321 1853 4395 in

684 4446 884 4521 subsidium
911 4442 1063 4519 autoris·
1088 4441 1302 4517 sicutenim
1319 4441 1386 4515 ista
1403 4440 1515 4515 Lucia
1534 4440 1718 4515 succurrit
1735 4448 1852 4535 poetae

684 4572 808 4641 nostro
834 4564 1015 4641 intraturo
1040 4563 1077 4637 in
1102 4562 1299 4655 internum,
1323 4560 1412 4635 dum
1438 4560 1688 4655 impederetur
1712 4560 1760 4636 ab
1785 4560 1853 4635 illis

684 4686 799 4761 tribus
825 4684 910 4759 lenis
935 4682 1099 4779 pessimis
1125 4680 1495 4778 impedientibussibi
1520 4698 1711 4755 ascensum
1745 4701 1853 4754 mon-

745 4914 772 4975 (¹)
788 4916 842 4970 117,
858 4912 950 4971 norbo,
963 4917 990 4961 et
1007 4911 1120 4975 vigilare.

746 4988 774 5049 (¹)
790 4986 820 5037 li.
837 4987 864 5037 ln
879 4988 1015 5037 insomnio.

746 5064 772 5125 (¹)
789 5064 819 5113 Ε.
836 5062 948 5113 admittit
962 5062 1149 5115 redeunten-
1161 5067 1214 5122 117,
1231 5062 1344 5113 admittit
1359 5062 1482 5113 deantes
1497 5062 1530 5113 etl
1544 5074 1616 5114 cum.
