4542 6842
722 902 861 957 CANTUs
885 902 1044 958 cccmus
1068 902 1251 958 scmus.
1499 892 1572 961 473

404 1045 592 1122 moderate
615 1046 837 1160 impetendo,
860 1050 1056 1141 sipiciaco,
1082 1046 1186 1138 idest,
1210 1046 1373 1143 punitur,
1399 1051 1438 1123 di
1460 1070 1572 1143 sopra
1703 1039 1707 1048 ’

401 1168 473 1256 noi,
499 1165 645 1261 respicit
677 1165 724 1239 ad
756 1166 879 1241 locum
910 1186 985 1241 non
1015 1166 1063 1241 ad
1092 1166 1240 1262 librum,
1262 1189 1330 1261 per
1363 1174 1416 1242 ire
1444 1170 1571 1259 cercii,

398 1284 503 1380 idest,
535 1285 573 1359 in
606 1285 722 1360 tribus
754 1285 898 1361 circulis
929 1286 1192 1382 superioribus,
1227 1287 1332 1381 quasi
1365 1287 1480 1363 dicat:
1515 1287 1573 1363 hic

401 1425 508 1482 amor
541 1405 636 1500 parit
666 1406 871 1499 avaritiam,
903 1407 1043 1503 gulam,
1075 1413 1113 1482 et
1144 1406 1343 1482 luxuriam.
1377 1408 1421 1481 Et
1452 1406 1574 1481 subdit

402 1524 576 1600 claudens
607 1525 799 1601 materiam
831 1532 868 1601 et
896 1526 1111 1621 capitulum,
1138 1525 1238 1620 quod
1263 1526 1435 1621 relinquit
1459 1527 1570 1603 istum

402 1665 570 1720 amorem
596 1646 682 1721 beni
707 1645 964 1721 indistinctum.
990 1646 1093 1721 Unde
1117 1646 1223 1721 dicit:
1241 1668 1301 1720 me
1322 1667 1419 1721 come
1439 1650 1575 1741 cipar-

403 1767 476 1857 cto,
501 1764 602 1860 idest,
629 1767 787 1861 qualiter
812 1766 888 1862 ipse
912 1787 1019 1842 amor
1048 1766 1136 1841 boni
1165 1766 1301 1841 divisus
1325 1765 1363 1840 in
1390 1773 1464 1843 tres
1489 1789 1574 1863 par·

403 1892 469 1981 tes,
494 1889 526 1959 ci
548 1889 717 1979 raptem,
744 1889 887 1961 tacciolc
912 1878 1008 1961 acc-zi
1033 1889 1092 1961 cie
1109 1894 1146 1961 tu
1160 1908 1230 1981 pc
1247 1894 1278 1961 te
1294 1909 1338 1961 nc
1356 1890 1479 1962 ccccii.
1499 1888 1575 1963 Hoc
1681 1913 1686 1921 ·

402 2004 499 2099 dicit,
525 2006 612 2101 quia
637 2006 674 2081 in
699 2006 938 2101 sequentibus
963 2016 1071 2103 poeta
1091 2006 1200 2082 [aciei
1216 2006 1410 2102 specialem
1440 2014 1575 2084 tracta-

403 2132 483 2199 tum
501 2125 547 2201 de
566 2146 791 2221 unoquoque
816 2126 928 2199 trium
954 2126 1127 2200 vitiorum
1145 2125 1423 2221 procedentium
1441 2126 1488 2199 ab
1505 2126 1574 2201 istc

403 2246 531 2342 triplici
556 2266 695 2321 amore.
721 2245 795 2321 Aut
819 2245 917 2321 enim
950 2246 1058 2321 nimis
1088 2266 1193 2321 amas
1224 2246 1320 2321 bona
1350 2245 1574 2341 divitiarum,

403 2372 440 2441 ct
464 2372 553 2441 ‘tunc
578 2366 736 2441 incurris
760 2365 973 2460 avaritiam3
990 2374 1057 2440 aut
1074 2365 1182 2441 nimis
1206 2372 1376 2461 amasio,
1396 2372 1433 2441 et
1449 2366 1575 2441 incur-

404 2486 453 2560 ris
478 2488 625 2583 guiam3
650 2494 716 2561 aut
742 2486 849 2560 nimis
872 2506 977 2561 amas
1002 2486 1161 2582 speciem
1180 2486 1395 2580 humanam,
1413 2491 1451 2560 et
1463 2477 1500 2578 (¹)
1523 2486 1575 2560 sic

403 2605 602 2681 luxuriam.

464 2858 491 2919 (¹)
506 2858 537 2909 Ε.
554 2864 581 2911 ei
595 2860 707 2911 incurris
724 2860 863 2911 luxuriem.
