4542 6842
690 945 761 1014 386
1048 953 1253 1009 nonnarum
1277 949 1497 1006 runcanonu

686 1106 735 1197 fei
759 1122 825 1176 con
846 1101 973 1196 prepli
997 1101 1113 1189 inula,
1140 1105 1181 1172 ut
1205 1096 1345 1172 facilius
1370 1097 1586 1170 obtinerem.
1605 1095 1649 1169 lit
1674 1095 1775 1191 ponit
1801 1114 1862 1169 re-

690 1220 920 1317 sponsionem
936 1213 972 1310 (⁴)
995 1217 1114 1312 unius,
1132 1217 1275 1292 dicens:
1294 1213 1424 1310 percit
1445 1219 1480 1289 lo
1504 1218 1616 1308 mato
1635 1217 1694 1289 cie
1718 1217 1757 1288 ali
1778 1216 1862 1307 pn'o

688 1344 857 1434 partomi,
882 1339 1017 1416 scilicet
1045 1337 1164 1412 Guido
1185 1337 1244 1413 del
1268 1330 1618 1430 Ducaricominca'o,
1642 1335 1779 1411 scilicet
1806 1334 1863 1409 di-

691 1480 788 1554 cere,
815 1460 902 1554 quia
927 1458 1095 1533 finiverat
1124 1459 1276 1555 longum
1309 1477 1520 1533 sermonem
1551 1477 1683 1550 suum;
1716 1465 1751 1530 tu
1783 1461 1865 1530 ouoi

693 1585 745 1656 cli'
758 1587 793 1655 io
818 1585 867 1657 mi
891 1585 1039 1671 deducu,
1057 1580 1159 1674 idest,
1177 1579 1347 1655 inclinem
1366 1599 1440 1672 me,
1456 1581 1515 1652 nel
1533 1581 1598 1672 sar
1621 1599 1647 1651 o
1671 1585 1702 1650 te
1725 1569 1779 1650 cio
1804 1579 1865 1650 cle

693 1709 728 1776 tu
741 1705 806 1796 sar
822 1723 894 1774 non
911 1703 1059 1794 ouo’mi,·
1072 1700 1159 1793 quia
1177 1699 1323 1774 noluisti
1342 1699 1430 1772 mihi
1449 1698 1572 1774 dicere
1589 1719 1725 1773 nomen
1740 1704 1862 1791 tuum,

693 1821 776 1896 ideo
803 1841 875 1895 non
901 1820 1074 1896 deberem
1101 1819 1165 1893 tibi
1188 1818 1312 1894 dicere
1337 1839 1463 1894 meum
1495 1819 1614 1915 gratia
1645 1819 1697 1891 tui
1730 1817 1865 1912 meriti,

694 1944 758 2018 sed
783 1943 914 2017 divinae
939 1941 1084 2038 gratiae3
1112 1939 1210 2014 unde
1234 1939 1336 2014 dicit:
1362 1959 1423 2013 mu
1446 1942 1496 2013 dn
1521 1941 1581 2013 cle
1604 1943 1674 2016 Dio
1701 1942 1784 2012 ouol
1805 1941 1867 2011 olle

693 2085 760 2137 suu
783 2067 913 2154 pruzia
945 2069 1041 2136 tanto
1072 2064 1210 2135 naiaco
1235 2063 1273 2132 in
1304 2067 1349 2151 te,
1374 2067 1511 2154 quanta
1537 2080 1741 2154 numquam
1776 2079 1866 2134 con-

695 2183 775 2280 tigit
799 2182 903 2257 alteri
930 2181 1076 2275 viventi,
1095 2187 1136 2252 ut
1157 2182 1235 2276 jam
1254 2180 1393 2255 dictum
1410 2185 1477 2273 est,
1494 2201 1564 2252 non
1582 2183 1609 2254 a·
1626 2172 1713 2253 soro
1728 2200 1867 2272 scurso,

695 2303 810 2378 immo
836 2304 979 2399 largus3
1001 2293 1092 2394 perri
1116 2303 1220 2392 sappi
1243 2301 1342 2372 ct'to
1366 2321 1430 2372 con
1460 2302 1573 2373 Guido
1598 2303 1656 2373 del
1679 2305 1794 2390 Duco,
1811 2301 1868 2373 vir

698 2422 828 2497 nobilis
854 2429 891 2497 et
914 2421 1072 2496 liberalis
1088 2420 1136 2495 dc
1152 2419 1378 2495 Brctenorio.
1392 2461 1442 2474 —
1452 2425 1516 2494 Fu.
1534 2421 1600 2494 llic
1615 2419 1734 2495 Guido
1751 2419 1870 2494 nomi·

697 2549 784 2618 nato
808 2564 849 2618 se
874 2542 1039 2617 nominat
1069 2539 1228 2636 culpam,
1260 2560 1335 2634 qua
1365 2540 1423 2615 llic
1453 2547 1647 2637 purgatur,
1674 2540 1871 2616 dioenszil

696 2684 829 2754 sonore
854 2666 937 2749 mio,
964 2662 1066 2756 idest,
1093 2682 1164 2758 ego
1189 2659 1316 2736 vivens
1344 2661 1382 2735 in
1407 2660 1492 2746 vita,
1519 2653 1719 2756 quandol²l
1745 2663 1869 2737 anima

698 2783 848 2858 sedebat
874 2783 910 2856 in
936 2782 1126 2879 sanguine,
1150 2786 1191 2877 su
1215 2774 1245 2855 si
1270 2803 1357 2854 arco
1387 2783 1581 2873 d'inoirlia,
1610 2783 1697 2876 quia
1725 2781 1870 2857 invidus

699 2902 832 2977 invidia
858 2902 1090 2978 comburitur
1124 2901 1223 2975 intus
1247 2907 1285 2977 et
1309 2909 1427 2996 entra,
1452 2905 1513 2974 cle
1539 2923 1578 2976 sc
1604 2905 1727 2976 oeduto
1751 2924 1871 2978 ncesse

699 3043 781 3096 uom
809 3026 904 3117 sarsi
938 3025 1028 3113 teto,
1055 3043 1100 3097 ex
1129 3023 1254 3116 aliqua
1283 3023 1647 3118 prosperitatem
1671 3027 1871 3117 m’oorcatt,
2002 3087 2007 3096 .

700 3141 803 3236 idest,
828 3141 953 3217 videre
969 3132 1004 3232 (³)
1037 3142 1227 3236 potuisses,
1259 3145 1297 3216 ct
1321 3146 1432 3216 liuore
1460 3165 1603 3235 sparso,
1628 3145 1720 3218 idest
1748 3144 1873 3220 colore

700 3261 809 3334 livido
837 3281 1046 3356 respersum
1066 3261 1101 3352 ip
1119 3262 1223 3356 facie,
1242 3263 1329 3357 quia
1345 3264 1466 3337 statim
1485 3263 1727 3358 pallescebam
1744 3264 1874 3341 dolore

696 3381 806 3475 juxta
832 3380 918 3455 illud
944 3381 1127 3456 Macrobii.
1154 3382 1197 3454 Et
1223 3383 1337 3480 tangit
1362 3403 1509 3477 poenam
1536 3405 1619 3477 quae
1641 3384 1808 3479 sequitur
1827 3385 1875 3460 ad

701 3500 862 3594 culpam,
879 3500 1021 3576 dicens:
1040 3505 1165 3575 dimin
1184 3509 1351 3593 coruum,
1368 3501 1515 3596 scilicet,
1533 3503 1678 3597 invidia,
1699 3509 1794 3578 cotol
1802 3527 1876 3598 po-

701 3623 775 3712 plio
792 3623 905 3713 mictu,
931 3621 1034 3716 idest,
1060 3642 1220 3716 poenam.
1238 3623 1284 3696 Et
1303 3631 1359 3697 est
1375 3623 1522 3718 propria
1540 3625 1769 3720 metaphora,
1785 3617 1876 3720 'quia

703 3741 814 3836 quale
838 3761 965 3816 semen
991 3743 1103 3816 homo
1129 3741 1297 3835 seminat,
1323 3743 1434 3818 talem
1459 3743 1595 3838 spicam
1622 3744 1772 3842 colligit3
1793 3747 1876 3821 ideo

704 3861 788 3936 lacit
814 3881 927 3936 unam
946 3861 1071 3936 utilem
1091 3862 1397 3938 exclamationem
1418 3870 1548 3938 contra
1564 3864 1715 3959 invidos,
1733 3847 1875 3941 dicens:

704 4002 726 4054 o
750 3986 849 4072 pente
873 4001 1019 4071 amaon,
1047 3980 1148 4075 idest,
1174 4002 1199 4055 o
1222 4001 1340 4078 genus
1365 3972 1618 4077 hominum(‘),
1639 3982 1768 4077 percle*
1791 3990 1878 4079 poni

703 4104 732 4174 il
749 4121 842 4192 core,
862 4099 1064 4196 invidendo,
1075 4093 1111 4176 at
1128 4100 1209 4178 orti
1223 4107 1361 4178 mester
1375 4106 1556 4180 dioiemdi
1572 4115 1760 4202 mnaorto;
1772 4109 1877 4203 quasi

708 4223 817 4317 dicat,
843 4222 878 4296 in
905 4223 1168 4317 temporalibus
1184 4223 1299 4319 honis,
1320 4244 1405 4318 quae
1420 4226 1530 4300 simul
1555 4247 1578 4300 a
1603 4227 1769 4322 pluribus
1794 4250 1878 4324 pos·

706 4341 815 4417 sideri
842 4362 914 4417 non
941 4349 1102 4438 possunt,
1122 4343 1221 4436 quod
1247 4364 1321 4418 non
1337 4343 1467 4418 accidit
1491 4345 1529 4419 in
1552 4347 1717 4440 eternis,
1738 4347 1828 4424 ideo·
1841 4349 1879 4422 in

707 4461 934 4558 possessione
959 4463 1219 4558 temporalium
1246 4471 1390 4559 oportet
1410 4484 1483 4539 non
1500 4466 1638 4542 habere
1658 4475 1879 4564 consortem,

707 4581 812 4674 idest,
838 4581 990 4657 socium.
1018 4583 1062 4656 Et
1087 4583 1253 4657 nominat
1276 4583 1417 4658 socium
1441 4605 1564 4679 suum,
1590 4585 1734 4662 dicens:
1760 4591 1880 4681 aaa,

708 4700 810 4796 idest,
837 4701 905 4776 iste
929 4703 1023 4778 alter
1043 4703 1154 4796 juxta
1181 4723 1253 4798 me,
1277 4700 1300 4777 c*
1320 4707 1466 4796 limet,
1491 4713 1529 4780 et
1561 4708 1691 4802 repetit
1716 4709 1754 4782 in
1778 4729 1882 4784 com-

710 4821 980 4897 mendationem
1002 4822 1099 4898 eius:
1119 4827 1229 4915 questi
1244 4819 1442 4917 e'ilprepio
1467 4847 1487 4899 e
1511 4829 1660 4900 tunore
1676 4830 1770 4902 dello
1789 4835 1882 4904 Gora

773 5010 799 5071 ι’)
815 5010 847 5060 E·
864 5011 999 5060 rollonem·
1331 5011 1407 5074 (tlt.
1423 5014 1527 5077 qurum
1542 5015 1751 5066 ωιιιωιυιιωι.

773 5085 800 5148 (“)
815 5085 846 5136 E·
862 5085 950 5138 videre
966 5099 1009 5138 me
1025 5089 1158 5152 potuim.
1330 5089 1361 5152 l‘l
1375 5089 1401 5140 S.
1416 5091 1569 5142 numanum.
