4542 6842
721 945 791 1012 llo
1082 950 1287 1006 counuruu
1310 948 1528 1004 eununmmr

721 1121 850 1178 curam
877 1098 1039 1195 corporis
1065 1118 1178 1192 quam
1204 1097 1348 1188 animm,
1373 1062 1417 1168 ut
1440 1093 1569 1190 pulcre
1593 1091 1890 1187 ostenditpbilo-

590 1273 593 1280 ·
721 1221 858 1316 sophus
881 1219 975 1293 libro
1000 1216 1249 1292 Politicorum.
1275 1215 1367 1290 Dicit
1391 1234 1506 1311 ergo:
1532 1218 1569 1288 et
1600 1212 1659 1286 illa
1692 1212 1828 1305 anima,
1853 1213 1892 1286 di

715 1343 843 1435 picciot
877 1339 973 1430 bene,
1010 1336 1103 1411 idest
1139 1335 1309 1428 sensibili,
1344 1333 1558 1426 delectabili,
1589 1335 1628 1406 tn
1650 1335 1735 1426 pria
1755 1333 1892 1424 prende

720 1480 862 1554 sopore,
888 1457 982 1532 sicut
1007 1459 1106 1532 clare
1131 1460 1243 1551 patet,
1260 1454 1348 1548 quia
1372 1451 1410 1527 in
1435 1453 1554 1548 primo
1572 1459 1656 1527 ortu
1677 1451 1799 1526 statim
1822 1450 1890 1524 mi·

720 1601 781 1655 ser
805 1580 917 1653 homo
935 1578 1084 1654 veniens
1109 1577 1147 1650 iu
1172 1577 1294 1651 lucem
1312 1594 1399 1648 eum
1417 1573 1544 1648 dolore
1561 1593 1607 1648 eu
1628 1575 1710 1647 loco
1727 1572 1890 1666 humido,

721 1700 837 1776 calido
858 1700 894 1772 iu
911 1719 1036 1774 aerem
1065 1695 1248 1793 trigidum,
1266 1695 1417 1787 siccum,
1434 1693 1557 1768 statim
1584 1692 1787 1768 delectatur
1804 1713 1889 1766 cum

721 1842 835 1916 opera
861 1818 1012 1895 nutricis
1038 1819 1184 1892 l'ovetur
1197 1807 1233 1908 (¹)
1262 1814 1299 1888 in
1323 1831 1421 1908 aqua
1451 1813 1584 1905 calida;
1601 1811 1731 1886 deinde
1755 1831 1891 1907 sugens

723 1942 778 2016 lac
797 1939 912 2037 magis
935 1937 1058 2032 incipit
1082 1935 1276 2028 deleourt3
1293 1932 1423 2009 deinde
1439 1938 1590 2028 propter
1606 1933 1724 2006 multa
1749 1931 1891 2007 incom-

723 2061 832 2137 moda
856 2057 992 2154 appetit
1016 2055 1158 2132 divitias
1182 2075 1267 2150 quae
1291 2060 1377 2128 suut
1402 2074 1514 2128 eausa
1532 2053 1744 2148 voluptatim
1761 2051 1892 2127 deinde

722 2182 808 2279 quia
835 2201 901 2276 per
926 2185 1096 2253 naturam
1131 2178 1243 2252 bomo
1260 2181 1315 2251 est
1334 2181 1508 2270 appetens
1529 2173 1678 2248 bononis
1698 2180 1736 2248 et
1751 2171 1890 2269 glorie,

648 2295 650 2304 ’
722 2301 817 2378 cadit
843 2298 879 2373 in
906 2297 1127 2393 superbiam,
1154 2295 1326 2371 invidiam
1345 2301 1414 2370 etc.
1433 2293 1519 2368 ldeo
1545 2293 1640 2368 bene
1663 2293 1768 2368 dicit:
1787 2295 1892 2384 pidet,

721 2422 759 2495 in
784 2420 852 2493 isto
886 2438 1001 2512 parvo
1015 2408 1052 2510 (²)
1085 2416 1195 2508 bone,
1223 2418 1437 2506 s'inpnnna,
1468 2413 1544 2508 ipsa
1566 2399 1604 2505 (³)
1636 2412 1772 2505 anima,
1805 2411 1892 2505 quia

722 2539 837 2616 credit
862 2538 982 2632 ipsum
1008 2557 1089 2610 esse
1116 2555 1293 2632 maguum
1319 2534 1481 2626 bonum3
1508 2538 1546 2606 et
1565 2532 1695 2626 ideo,e
1715 2533 1827 2606 dt'etro
1844 2533 1895 2604 ud

669 2694 671 2698 ¹
722 2681 799 2734 esso
831 2679 948 2748 corre,
974 2655 1060 2750 quia
1086 2654 1254 2749 sequitur
1285 2653 1406 2748 ipsum
1436 2652 1656 2747 appetendo:
1683 2659 1721 2727 et
1751 2651 1789 2725 in
1819 2652 1889 2726 boc

723 2777 890 2854 imminet
913 2774 1118 2871 periculum
1147 2794 1324 2868 magnum
1343 2773 1409 2846 uisi
1429 2772 1647 2848 adbibeatur
1671 2772 1892 2864 remedium,

722 2899 810 2994 quia
835 2903 923 2972 tuuc
948 2901 1036 2968 aetas
1062 2900 1190 2968 tenera
1208 2891 1332 2966 omnia
1348 2891 1445 2985 capit
1461 2897 1499 2966 et
1516 2891 1668 2986 retinet3
1686 2891 1768 2966 ideo
1784 2890 1888 2965 dicit:

722 3023 824 3094 salvo
848 3039 885 3092 se
907 3017 1030 3107 mrito,
1047 3013 1149 3107 idest,
1167 3019 1302 3108 pastor,
1320 3015 1475 3105 esrem,
1492 3012 1595 3107 idest,
1612 3013 1684 3105 lex,
1700 3033 1775 3086 reon
1795 3019 1891 3085 torce

723 3161 788 3214 suo
812 3158 948 3228 amore,
973 3134 1119 3228 scilicet,
1137 3133 1175 3207 in
1190 3121 1227 3225 (⁸)
1254 3153 1343 3208 vera
1367 3134 1483 3226 bona;
1509 3140 1546 3208 et
1571 3153 1660 3208 vere
1685 3153 1820 3229 magno
1835 3133 1890 3206 la-

724 3259 814 3334 bore
839 3262 895 3332 est
911 3276 1016 3350 opus,
1037 3254 1122 3348 quia
1142 3274 1215 3327 non
1235 3253 1370 3327 sufficit
1387 3261 1503 3348 pater,
1521 3273 1595 3328 non
1617 3253 1803 3349 magister,
1821 3273 1894 3326 uon

647 3469 650 3474 Ι
724 3377 945 3473 pedagogus,
964 3395 1037 3448 uon
1059 3381 1190 3449 rector.
1216 3374 1261 3447 Et
1285 3373 1334 3447 ob
1359 3375 1454 3449 banc
1478 3395 1642 3466 causam,
1659 3373 1782 3448 subdit
1797 3375 1892 3448 llar-

723 3519 801 3591 cus,
827 3498 895 3572 fuit
920 3497 1068 3570 inventa
1094 3496 1154 3570 lex
1179 3500 1217 3568 et
1241 3493 1347 3568 datus
1377 3501 1520 3588 pastor3
1548 3495 1646 3569 uude
1675 3493 1780 3569 dicit:
1806 3496 1897 3568 orde

722 3637 898 3692 conventre
922 3619 1031 3707 Ioppe,
1058 3615 1205 3708 scilicet,
1236 3614 1409 3707 divinam,
1431 3635 1498 3706 per
1524 3618 1608 3708 sreu
1632 3635 1758 3706 porro,
1791 3614 1893 3708 idest,

724 3757 862 3834 ponere
890 3736 937 3811 ad
969 3735 1215 3810 reiraenandas
1246 3734 1436 3808 bominum
1472 3735 1575 3828 vitas,
1605 3755 1782 3808 corceone
1811 3755 1895 3825 repe

724 3879 824 3948 aver,
841 3856 988 3950 scilicet,
1006 3854 1245 3950 spiritualem,
1266 3856 1327 3927 cte
1351 3857 1574 3942 discernente,
1600 3854 1704 3948 idest,
1728 3853 1894 3930 deelara-

727 3985 782 4054 ret
809 3977 945 4052 bomini
969 3997 1035 4072 per
1051 3975 1269 4067 doctrinam,
1285 3977 1378 4048 della
1395 3993 1481 4048 ocra
1497 3977 1634 4066 moade,
1652 3973 1798 4068 seilicet,
1815 3973 1892 4067 Dei,

724 4102 838 4174 almer
866 4102 903 4172 to
927 4104 1037 4188 torre,
1063 4095 1209 4189 scillcet,
1244 4115 1430 4168 summam
1462 4093 1682 4188 felicitatem,
1709 4093 1813 4188 quasi
1838 4093 1893 4169 di·

699 4228 801 4296 -catz
828 4225 972 4314 oportet
997 4217 1095 4312 quod
1121 4216 1251 4291 saltem
1268 4215 1305 4288 in
1322 4235 1460 4311 genere
1475 4215 1585 4290 detur
1602 4214 1751 4312 intelligi
1775 4213 1894 4288 bomi-

727 4340 845 4432 nibus,
871 4337 970 4432 quod
995 4342 1050 4411 est
1075 4336 1165 4410 dare
1190 4356 1307 4409 unum
1333 4334 1494 4430 primum
1522 4335 1740 4430 principium
1763 4334 1801 4408 in
1821 4354 1895 4428 quo

726 4460 820 4536 sicut
844 4459 882 4533 in
912 4458 985 4534 alta
1016 4457 1164 4552 specula
1196 4455 1357 4530 consistit
1388 4455 1577 4530 beatitudo
1609 4455 1897 4535 bominis..-m

726 4583 826 4674 tcppi.
852 4580 918 4654 Hic
943 4580 1097 4672 Marcus,
1116 4577 1203 4671 quia
1229 4576 1371 4651 dixerat
1397 4577 1497 4672 leges
1511 4568 1549 4669 (⁵)
1566 4597 1648 4652 esse
1672 4576 1896 4652 necessarias

725 4702 772 4778 ad
796 4695 1242 4797 dirigendum'bomiuem
1268 4697 1306 4770 iu
1330 4697 1483 4791 bonum,
1508 4717 1593 4791 qum
1618 4697 1781 4794 indigent
1810 4717 1898 4772 exe·

727 4828 868 4914 cutore,
894 4819 1057 4913 increpat
1083 4823 1249 4912 pastores
1275 4817 1337 4911 qui
1363 4823 1451 4890 sunt
1468 4815 1621 4891 ministri
1639 4816 1764 4912 legum
1783 4816 1896 4892 verbo

789 5008 817 5069 (¹)
832 5007 858 5058 S.
873 5007 960 5058 statim
977 5005 1089 5057 leretur.
1152 5001 1180 5066 (¹)
1196 5003 1228 5054 R
1245 5017 1325 5067 parvo
1339 5003 1399 5053 loco
1414 5001 1492 5054 buno
1554 4999 1582 5065 Γ)
1597 5001 1629 5052 ll.
1644 5001 1699 5064 ipsu
1714 5001 1896 5066 mturnquia.

789 5083 817 5146 [⁸1
832 5083 863 5134 B.
879 5085 906 5134 iu
921 5096 984 5134 reno
1000 5083 1077 5134 bono.
1155 5080 1182 5142 (⁸)
1197 5080 1229 5130 li.
1245 5080 1316 5144 leges
1330 5078 1389 5130 lore
1403 5080 1567 5131 neceam
