4542 6842
750 952 916 1021 caurus
940 966 1101 1020 runrrus.
1480 952 1526 1019 89

353 1111 401 1187 ad
422 1110 650 1208 patiendum,
677 1116 838 1185 tormenti
842 1139 859 1207 ;
884 1114 921 1187 in
946 1112 1120 1210 generali.
1140 1111 1286 1187 llodum
1308 1116 1527 1185 autemnon

353 1233 433 1306 vult
464 1252 546 1308 esse
579 1233 683 1307 nobis
717 1240 870 1328 notum3
908 1234 1006 1309 unde
1039 1233 1147 1307 dicit:
1186 1234 1263 1324 cle,
1294 1232 1401 1325 idest,
1442 1250 1527 1327 quae

259 1349 262 1353 ’
353 1352 471 1427 virtus
496 1352 629 1448 divina,
654 1374 727 1426 non
751 1356 834 1427 vuol
854 1357 943 1427 cd'o
966 1356 1082 1427 noisi
1112 1354 1210 1444 svalt,
1236 1351 1339 1445 idest,
1372 1351 1527 1427 manile-

354 1478 483 1567 stetur,
508 1494 605 1547 come
625 1476 681 1567 so,
706 1474 808 1570 idest,
835 1474 1021 1568 quomodo
1046 1472 1201 1568 disponit
1226 1473 1277 1547 sic
1302 1474 1454 1547 umbras
1479 1472 1524 1547 ad

353 1614 513 1690 poenam.
546 1596 591 1669 llt
626 1602 774 1690 propter
805 1596 875 1670 lroc
912 1596 996 1670 iacit
1030 1594 1204 1669 continuo
1240 1594 1417 1688 optimam
1454 1593 1527 1668 dis-

353 1714 563 1789 suasionem
588 1722 716 1789 contra
740 1716 938 1809 superbam
964 1713 1214 1788 curiositatem
1236 1712 1441 1805 hominum,
1461 1712 1524 1805 qui

354 1840 528 1929 quaerunt
556 1834 698 1909 ratione
730 1833 886 1909 naturali
920 1833 1141 1929 investigare
1175 1838 1315 1907 secreta
1350 1832 1427 1926 Dei,
1462 1832 1525 1925 qui

353 1961 577 2029 tamennon
609 1960 761 2050 possunt
790 1974 1014 2050 cognoscere
1045 1951 1336 2028 manifestissima
1368 1957 1524 2025 naturae.

353 2075 446 2150 Dicit
471 2096 586 2171 ergo:
612 2082 719 2147 molto
744 2070 765 2149 ἐ
787 2078 842 2148 cdi
864 2096 971 2167 spero
1001 2077 1062 2147 cle
1092 2081 1217 2147 nostro
1247 2077 1409 2163 ruptone,
1432 2070 1527 2146 scili·

353 2205 413 2273 cet
441 2195 630 2287 naturalis,
651 2217 762 2288 posco
796 2203 1027 2287 uaccorrcrc,
1062 2195 1254 2269 velocitate
1288 2192 1423 2289 ingenii
1453 2192 1526 2265 hu·

352 2314 465 2408 mani,
483 2318 519 2385 lo
536 2317 670 2405 infinita
688 2318 759 2407 otu,
776 2315 878 2409 idest,
897 2314 1310 2411 incomprehensibilem,
1328 2317 1401 2404 cde,
1421 2312 1524 2405 idest,

353 2454 466 2528 quam
486 2433 595 2527 viam,
613 2454 685 2507 unu
697 2439 879 2509 custumia
895 2439 932 2508 io
949 2443 1002 2509 tre
1013 2455 1178 2528 persone,
1196 2434 1299 2528 idest,
1317 2434 1415 2508 licus
1430 2452 1524 2506 unus

353 2561 391 2629 et
407 2554 536 2647 trinus,
554 2556 654 2645 tiene,
672 2554 806 2629 scilicet
826 2555 863 2627 in
880 2554 1063 2649 puniendo
1084 2553 1246 2629 animam
1268 2552 1523 2647 incorpoream

352 2675 439 2772 igne
471 2674 662 2769 corporali.
686 2714 736 2729 -
756 2680 859 2749 State.
889 2674 954 2749 Hic
988 2674 1160 2771 Virgilius
1191 2673 1274 2748 lacit
1304 2693 1410 2747 suam
1437 2692 1521 2747 sua·

353 2794 493 2869 sionem
519 2794 617 2869 circa
650 2796 819 2869 naturaie
850 2794 1071 2869 desiderium
1101 2793 1249 2889 sciendi,
1275 2800 1312 2868 et
1343 2794 1405 2867 dat
1430 2792 1525 2888 opti·

352 2936 458 2988 mum
484 2915 675 2989 consilium
692 2915 865 3011 gencrale
881 2915 1054 2989 omnibus
1071 2914 1290 3009 hominibus,
1309 2921 1352 2988 ut
1367 2914 1526 2989 debeant

353 3038 519 3111 animum
539 3037 724 3130 captivare
749 3036 785 3109 in
810 3036 1030 3130 obsequium
1049 3036 1145 3131 fidei,
1161 3036 1304 3111 dicens:
1330 3042 1417 3109 stote
1439 3054 1525 3107 con·

354 3160 448 3250 tend,
472 3178 605 3230 umonu
638 3163 749 3249 pente,
778 3157 880 3251 idest,
906 3178 930 3231 o
963 3178 1081 3254 genus
1114 3158 1333 3251 humanum,
1365 3160 1405 3231 ut
1428 3159 1524 3248 quio,

353 3277 458 3372 quasi
492 3277 611 3351 dicat:
650 3277 807 3351 sufficiat
844 3278 946 3351 vobis
983 3277 1136 3352 credere
1171 3276 1256 3370 quia
1294 3277 1345 3352 sic
1378 3284 1450 3370 est,
1488 3282 1525 3351 et

353 3418 427 3471 non
453 3417 624 3491 quaerere
648 3404 797 3493 propter
815 3398 901 3491 quid
928 3404 994 3494 est,
1020 3398 1057 3471 in
1076 3398 1130 3471 his
1151 3398 1348 3491 dequibus
1373 3420 1395 3471 a
1422 3395 1524 3470 nobis

353 3538 427 3591 non
442 3524 562 3612 potest
577 3518 684 3612 plene
700 3517 876 3613 assignari
895 3520 988 3593 ratio
1007 3518 1065 3593 vel
1081 3538 1211 3613 causa,
1226 3517 1404 3621 debemus
1424 3516 1522 3591 enim

352 3637 564 3732 simpliciter
588 3636 754 3711 conlitcri
780 3637 867 3730 quia
893 3639 977 3712 talia
1008 3644 1094 3711 sunt
1123 3637 1429 3733 supernaturalia,
1456 3656 1524 3712 nec

351 3757 476 3833 decis
502 3776 697 3852 possumus
722 3757 860 3831 habere
885 3757 1048 3832 notitiam
1076 3758 1143 3831 nisi
1164 3778 1231 3853 per
1248 3756 1523 3831 revelationem.

352 3877 406 3952 dd
431 3877 531 3970 quod
557 3885 642 3953 nota
667 3877 766 3970 quod
791 3877 994 3951 secundum
1019 3877 1274 3973 philosophum
1300 3875 1432 3971 duplex
1460 3896 1524 3950 co·

352 3998 479 4094 gnido,
504 3998 582 4071 sive
605 3997 867 4072 demonstratio
893 3998 1050 4071 habetur
1074 3997 1121 4071 de
1147 4018 1199 4091 re,
1221 3996 1357 4071 scilicet
1376 4002 1525 4091 propter

352 4116 441 4210 quid
465 4124 503 4191 ct
527 4117 624 4210 quia.
651 4117 920 4191 Demonstratio
944 4124 1094 4212 propter
1115 4116 1204 4211 quid
1222 4122 1277 4191 est
1294 4115 1442 4209 quando
1459 4116 1525 4191 de-

354 4244 581 4311 monstratur
594 4232 631 4330 (¹)
657 4244 695 4312 et
720 4239 898 4333 probatur
929 4237 1082 4312 ellectus
1106 4258 1173 4333 per
1198 4258 1347 4311 causam
1375 4258 1460 4333 quae
1485 4237 1524 4310 lit
1602 4249 1610 4271 ‘

351 4378 375 4431 a
400 4358 537 4453 priori3
562 4358 826 4433 demonstratio
852 4378 942 4431 vero
967 4358 1053 4452 quia
1075 4364 1134 4459 ,est
1166 4376 1250 4451 quae
1279 4356 1319 4431 lit
1350 4378 1372 4431 a
1402 4364 1525 4453 postc-

353 4478 452 4573 riori,
474 4479 610 4553 scilicet
635 4480 782 4574 quando
807 4478 1081 4553 demonstratur
1106 4498 1218 4552 causa
1245 4497 1310 4573 per
1336 4478 1523 4573 ellectum,

351 4598 447 4673 sicut
471 4600 590 4697 gratia
615 4599 773 4696 exempli
799 4599 917 4673 simile
943 4599 1109 4673 videmus
1141 4598 1178 4669 in
1210 4597 1320 4672 rebus
1347 4598 1524 4673 naturali-

351 4702 622 4817 bus3'magnes
646 4722 745 4795 cuim
770 4720 920 4795 attrahit
944 4720 991 4794 ad
1015 4720 1284 4813 selerrum,et
1305 4727 1522 4795 nontamen

350 4840 502 4913 attrahit
525 4860 651 4915 aerem
678 4841 745 4914 sibi
771 4840 983 4914 viciniorem
1002 4847 1040 4914 et
1059 4838 1258 4933 leviorem3
1277 4838 1340 4914 sed
1366 4838 1395 4913 si
1422 4840 1525 4914 adiri-

416 5090 443 5155 υ)
459 5092 490 5143 li.
507 5091 700 5144 demonstratur
715 5092 823 5144 allectus
838 5097 864 5143 et
881 5092 1006 5157 probatur
1022 5106 1069 5156 per
1085 5106 1198 5144 cauum.
