4542 6842
702 909 773 979 314
1064 922 1268 979 eounnnuxr
1292 924 1514 978 runexronu

700 1070 782 1141 tollo
806 1059 891 1158 cosi,
930 1067 1031 1162 idest,
1057 1068 1165 1143 simili
1201 1068 1321 1161 modo,
1348 1066 1443 1141 sicut
1471 1066 1615 1141 Giottus
1648 1065 1874 1159 florentinus,

699 1208 724 1260 α
749 1190 877 1262 tattro
907 1191 1032 1279 Gnido,
1049 1188 1096 1264 de
1113 1188 1322 1264 Guinicellis
1348 1187 1573 1281 bononiensi,
1590 1190 1627 1261 ta
1647 1190 1767 1279 pierio
1783 1189 1876 1261 delta

637 1382 640 1391 ,
698 1309 834 1397 linono,
860 1306 962 1401 idest,
994 1306 1136 1381 dicendi
1164 1307 1201 1380 in
1232 1306 1356 1402 lingua
1384 1311 1563 1381 materna.
1598 1307 1643 1379 Et
1681 1305 1739 1379 bic
1778 1311 1876 1399 nota,

700 1426 799 1520 quod
825 1425 894 1500 iste
918 1426 1048 1521 Guido,
1066 1427 1161 1501 sicut
1178 1432 1215 1500 et
1233 1427 1377 1520 Dentes,
1396 1426 1463 1499 luit
1482 1427 1594 1501 bomo
1614 1426 1774 1499 multum
1795 1444 1877 1520 spe·

700 1547 894 1640 culativus,
910 1547 1149 1641 tardiloquus,
1164 1546 1300 1622 iaciens
1312 1545 1457 1621 subtilia
1471 1552 1508 1620 et
1524 1545 1644 1619 subita
1660 1549 1874 1619 scommata.

592 1712 600 1725 «
700 1667 836 1742 decidit
861 1673 999 1764 autern,
1027 1668 1126 1763 quod
1151 1668 1266 1742 semel
1296 1667 1415 1742 Guido
1447 1666 1715 1763 cogitabundus
1748 1666 1876 1742 deam-

700 1787 852 1862 bulabat
882 1789 980 1862 solus
1012 1790 1120 1885 juxta
1161 1795 1329 1862 sanctum
1365 1788 1569 1862 Iohannem
1607 1787 1645 1862 in
1681 1788 1881 1882 Florentia,

701 1930 788 1987 cum
818 1901 854 2002 (⁴)
894 1908 1042 2004 quidam
1080 1909 1185 1983 miles
1226 1909 1440 1984 florentinus
1478 1908 1627 1983 nomine
1664 1908 1790 1982 Bettns
1830 1908 1877 1981 de

701 2029 955 2104 Burnelescbis
980 2030 1244 2124 superveniens
1269 2049 1355 2104 cum
1382 2030 1461 2104 aliis
1486 2029 1592 2103 sociis
1617 2028 1788 2103 clamavit
1813 2050 1877 2101 su·

701 2171 768 2248 per
794 2170 893 2245 eum,
919 2150 1062 2224 dicens:
1088 2152 1194 2244 Ecce,
1221 2149 1350 2245 Guido,
1368 2171 1455 2225 cum
1478 2156 1622 2224 tantum
1648 2150 1877 2247 cogitaveris,
1909 2139 1911 2142 ’

702 2270 801 2365 quod
826 2271 1008 2346 inveneris
1035 2272 1154 2346 Deum
1181 2293 1255 2345 non
1280 2292 1372 2365 esse,
1394 2271 1479 2367 quid
1499 2271 1654 2347 leceris?
1674 2271 1742 2346 Cui
1759 2270 1877 2347 Guido

703 2396 834 2487 praesto
853 2390 1054 2485 respondit:
1074 2391 1231 2484 Domini,
1249 2392 1397 2486 potestis
1413 2384 1585 2483 diceret²l
1598 2393 1706 2487 juxta
1723 2392 1876 2465 domurn

701 2519 863 2588 vestram
898 2511 1075 2607 quidquid
1108 2513 1235 2607 placet.
1266 2514 1311 2585 Et
1340 2514 1514 2587 continuo
1546 2512 1704 2589 evolavit
1731 2534 1755 2587 a
1787 2511 1879 2585 iacie

705 2652 849 2725 corum,
876 2630 961 2725 quia
988 2636 1068 2705 erat
1093 2632 1277 2729 agillimus
1303 2638 1345 2706 ut
1369 2634 1573 2727 capreolus.
1605 2633 1708 2706 Tunc
1738 2631 1785 2704 illi
1819 2650 1879 2705 re-

703 2751 894 2846 spicientes
922 2773 1017 2824 unus
1042 2753 1201 2826 alterurn
1238 2757 1431 2848 coeperunt
1461 2752 1595 2845 dicere,
1628 2750 1728 2844 quod
1760 2750 1878 2825 Guido

704 2877 784 2945 erat
817 2892 914 2944 unus
950 2870 1158 2965 immemor,
1182 2871 1281 2966 ¹quin
1317 2872 1353 2945 id
1385 2871 1485 2966 quod
1522 2870 1761 2966 responderat
1789 2868 1877 2943 nibil
2019 2930 2024 2937 .

703 2993 883 3087 portabat,
910 3011 997 3066 cunr
1024 3012 1097 3065 non
1124 2992 1302 3066 haberent
1328 2994 1409 3087 plus
1434 2992 1556 3067 iacere
1581 2992 1642 3085 ibi,
1666 3011 1778 3085 quarn
1806 3010 1879 3064 cae·
1917 3059 1919 3062 ,

703 3114 771 3190 ten
798 3113 907 3207 cives,
933 3132 1001 3186 nec
1026 3111 1145 3186 Guido
1170 3104 1357 3206 minusl³l
1384 3112 1524 3200 Quibus
1549 3112 1721 3187 dominus
1752 3110 1879 3184 Bettus

702 3232 812 3306 dixit:
840 3232 954 3305 irnnro
981 3252 1046 3305 vos
1072 3230 1157 3306 estis
1182 3230 1431 3325 immemores,
1458 3233 1520 3327 qui
1535 3220 1573 3325 (⁴)
1599 3253 1674 3306 non
1699 3230 1879 3306 intellexi·

703 3353 766 3427 stis
793 3374 891 3427 cum.
919 3353 999 3449 lpse
1023 3352 1112 3426 dixit
1143 3353 1246 3427 vobis
1279 3354 1430 3427 honeste
1462 3353 1664 3428 maximam
1697 3372 1877 3427 verecun-

702 3472 825 3566 diam3
853 3474 951 3567 quia,
977 3473 1006 3546 si
1033 3474 1127 3547 bene
1153 3473 1350 3567 adventitio,
1377 3493 1474 3565 arca}
1504 3479 1591 3547 sunt
1619 3472 1752 3547 domus
1778 3493 1879 3546 mor·

705 3600 869 3686 tuorum,
887 3614 980 3688 quas
998 3592 1082 3667 dicit
1099 3613 1181 3667 esse
1199 3599 1341 3667 nostras
1357 3585 1394 3685 (⁶)
1416 3593 1557 3688 domos,
1580 3595 1626 3669 ad
1651 3594 1880 3669 innuendum

705 3713 804 3808 quod
832 3735 897 3787 nos
922 3720 959 3789 et
984 3714 1043 3788 alii
1070 3714 1243 3809 vulgares
1269 3714 1479 3810 ignorantes
1499 3714 1545 3790 ad
1566 3716 1886 3811 comparationem

707 3833 981 3908 scientiatorum
1007 3854 1138 3906 sumus
1163 3833 1266 3927 peius
1287 3855 1400 3928 quarn
1422 3835 1588 3909 homines
1611 3835 1748 3910 mortui
1768 3840 1805 3909 et
1821 3854 1880 3908 se-

704 3954 818 4049 pulti3
845 3960 883 4027 et
910 3952 991 4028 ideo
1017 3974 1102 4027 curn
1130 3975 1260 4026 sumus
1294 3954 1365 4049 bic,
1391 3975 1521 4028 sumus
1554 3956 1602 4030 ad
1631 3955 1785 4029 domum
1812 3974 1879 4027 no-

668 4082 669 4085 ‘
707 4079 833 4147 stram.
860 4074 963 4147 Tunc
994 4072 1042 4146 illi
1075 4072 1316 4169 intelligentes
1345 4080 1563 4168 coopertum
1596 4096 1761 4151 scomma
1790 4073 1880 4149 Gui-

706 4193 810 4267 donis
829 4193 1073 4266 laudaverunt
1098 4199 1267 4267 autorem
1287 4198 1324 4267 et
1340 4192 1578 4289 interpretem
1591 4194 1681 4269 eius.
1699 4195 1744 4268 Et
1760 4194 1882 4267 subdit

705 4320 836 4409 poeta:
867 4334 886 4385 e
912 4317 1009 4407 [orso
1039 4308 1060 4386 e*
1086 4321 1183 4407 nato,
1209 4313 1355 4406 scilicet,
1389 4314 1521 4410 aliquis
1551 4315 1879 4389 excellentissimus

706 4435 899 4527 eloquens:
927 4438 964 4508 et
987 4424 1073 4508 dicit
1098 4432 1285 4530 signanter
1298 4438 1405 4528 sorte,
1422 4434 1509 4529 quia
1529 4435 1739 4509 verecunde
1760 4436 1881 4530 loqui-

705 4558 767 4627 tur·
792 4553 839 4628 de
863 4574 903 4629 se
935 4553 1035 4649 ipso:
1062 4557 1116 4627 rbi
1144 4557 1167 4628 ῐ
1181 4575 1250 4628 uno
1280 4576 1300 4627 e
1329 4558 1469 4645 t’attro,
1499 4553 1643 4649 scilicet,
1680 4560 1882 4650 utrumque

705 4674 921 4769 Guidonem,
948 4665 1093 4748 concord
1119 4678 1157 4748 di
1179 4678 1277 4767 nido,
1298 4674 1401 4769 idest,
1418 4676 1465 4750 de
1489 4675 1600 4750 domo
1626 4675 1745 4771 lamae,
1767 4698 1880 4771 quam

770 4890 798 4953 t't
817 4892 845 4941 Ε·
862 4897 888 4943 et
904 4894 1017 4955 quidam.
1471 4891 1499 4956 (¹)
1516 4894 1546 4944 Ε.
1562 4894 1649 4943 dicere
1665 4893 1729 4943 mins
1741 4894 1824 4958 jusu.

772 4965 797 5031 i'l
813 4968 843 5019 E.
859 4982 874 5018 e
892 4974 946 5028 117,
964 4970 1049 5019 minus
1065 4984 1143 5037 quarn
1160 4970 1217 5033 ipsi.
1233 4970 1340 5033 Quibus.
1471 4969 1498 5033 (⁸)
1515 4975 1569 5031 117,
1586 4970 1645 5035 qun
1661 4983 1723 5020 noo.

771 5045 798 5106 (¹)
814 5044 845 5095 E.
862 5058 878 5095 e
894 5049 949 5107 117,
965 5052 1063 5099 rostras
1079 5048 1180 5107 domos,
1197 5048 1229 5097 ad
1246 5048 1451 5112 intelligendum.
