<?xml version="1.0" encoding="UTF-8"?>
<!DOCTYPE html PUBLIC "-//W3C//DTD XHTML 1.0 Transitional//EN"
    "http://www.w3.org/TR/xhtml1/DTD/xhtml1-transitional.dtd">
<html xmlns="http://www.w3.org/1999/xhtml" xml:lang="en" lang="en">
 <head>
  <title>
</title>
<meta http-equiv="Content-Type" content="text/html;charset=utf-8" />
  <meta name='ocr-system' content='tesseract 3.04.00' />
  <meta name='ocr-capabilities' content='ocr_page ocr_carea ocr_par ocr_line ocrx_word'/>
</head>
<body>
  <div class='ocr_page' id='page_1' title='image "./comentumsuperda01unkngoog_0547.png"; bbox 0 0 4542 6842; ppageno 0'>
   <div class='ocr_carea' id='block_1_1' title="bbox 704 995 1527 1085">
    <p class='ocr_par' dir='ltr' id='par_1_1' title="bbox 704 995 1527 1085">
     <span class='ocr_line' id='line_1_1' title="bbox 704 995 1527 1085; baseline -0.01 -25"><span class='ocrx_word' id='word_1_1' title='bbox 704 1004 842 1060; x_wconf 76' lang='lat' dir='ltr'>cunnus</span> <span class='ocrx_word' id='word_1_2' title='bbox 866 1004 1023 1061; x_wconf 79' lang='lat' dir='ltr'>nmmos</span> <span class='ocrx_word' id='word_1_3' title='bbox 1047 1006 1176 1062; x_wconf 82' lang='lat' dir='ltr'>nouus.</span> <span class='ocrx_word' id='word_1_4' title='bbox 1215 1079 1219 1085; x_wconf 81' lang='lat'><em>.</em></span> <span class='ocrx_word' id='word_1_5' title='bbox 1455 995 1527 1064; x_wconf 73' lang='lat' dir='ltr'>soa</span> 
     </span>
    </p>
   </div>
   <div class='ocr_carea' id='block_1_2' title="bbox 354 1149 1539 4972">
    <p class='ocr_par' dir='ltr' id='par_1_2' title="bbox 354 1149 1531 1469">
     <span class='ocr_line' id='line_1_2' title="bbox 355 1149 1528 1247; baseline 0.003 -21"><span class='ocrx_word' id='word_1_6' title='bbox 355 1150 437 1226; x_wconf 87' lang='lat' dir='ltr'>eius</span> <span class='ocrx_word' id='word_1_7' title='bbox 460 1149 574 1245; x_wconf 74' lang='lat' dir='ltr'>tout,</span> <span class='ocrx_word' id='word_1_8' title='bbox 600 1170 710 1225; x_wconf 87' lang='lat' dir='ltr'>nares</span> <span class='ocrx_word' id='word_1_9' title='bbox 734 1150 865 1244; x_wconf 86' lang='lat' dir='ltr'>tiuuut,</span> <span class='ocrx_word' id='word_1_10' title='bbox 884 1150 981 1225; x_wconf 84' lang='lat' dir='ltr'>oculi</span> <span class='ocrx_word' id='word_1_11' title='bbox 1006 1150 1272 1247; x_wconf 78' lang='lat' dir='ltr'><strong>lacrymantur,</strong></span> <span class='ocrx_word' id='word_1_12' title='bbox 1289 1152 1365 1227; x_wconf 93' lang='lat' dir='ltr'>imo</span> <span class='ocrx_word' id='word_1_13' title='bbox 1389 1154 1528 1229; x_wconf 81' lang='lat' dir='ltr'>evomit</span> 
     </span>
     <span class='ocr_line' id='line_1_3' title="bbox 355 1270 1531 1365; baseline 0.006 -21"><span class='ocrx_word' id='word_1_14' title='bbox 355 1270 495 1365; x_wconf 90' lang='lat' dir='ltr'>vinum,</span> <span class='ocrx_word' id='word_1_15' title='bbox 521 1270 675 1347; x_wconf 79' lang='lat' dir='ltr'>effundit</span> <span class='ocrx_word' id='word_1_16' title='bbox 699 1290 895 1347; x_wconf 87' lang='lat' dir='ltr'>venenum.</span> <span class='ocrx_word' id='word_1_17' title='bbox 913 1270 1081 1359; x_wconf 85' lang='lat' dir='ltr'>Quantus</span> <span class='ocrx_word' id='word_1_18' title='bbox 1098 1272 1144 1345; x_wconf 89' lang='lat' dir='ltr'>sit</span> <span class='ocrx_word' id='word_1_19' title='bbox 1160 1273 1269 1347; x_wconf 85' lang='lat' dir='ltr'>ioetor</span> <span class='ocrx_word' id='word_1_20' title='bbox 1285 1274 1444 1349; x_wconf 82' lang='lat' dir='ltr'>luxuriae</span> <span class='ocrx_word' id='word_1_21' title='bbox 1461 1275 1531 1351; x_wconf 79' lang='lat' dir='ltr'>tm-</span> 
     </span>
     <span class='ocr_line' id='line_1_4' title="bbox 354 1391 683 1469; baseline -0.006 0"><span class='ocrx_word' id='word_1_22' title='bbox 354 1391 445 1469; x_wconf 90' lang='lat' dir='ltr'>dum</span> <span class='ocrx_word' id='word_1_23' title='bbox 471 1397 527 1467; x_wconf 65' lang='lat' dir='ltr'>ed</span> <span class='ocrx_word' id='word_1_24' title='bbox 551 1392 683 1467; x_wconf 78' lang='lat' dir='ltr'>dicere</span> 
     </span>
    </p>

    <p class='ocr_par' dir='ltr' id='par_1_3' title="bbox 354 1512 1539 4972">
     <span class='ocr_line' id='line_1_5' title="bbox 429 1512 1529 1613; baseline 0.005 -26"><span class='ocrx_word' id='word_1_25' title='bbox 429 1518 472 1587; x_wconf 82' lang='lat' dir='ltr'>Io</span> <span class='ocrx_word' id='word_1_26' title='bbox 497 1516 593 1587; x_wconf 80' lang='lat' dir='ltr'>notri.</span> <span class='ocrx_word' id='word_1_27' title='bbox 619 1513 691 1587; x_wconf 92' lang='lat' dir='ltr'>Ista</span> <span class='ocrx_word' id='word_1_28' title='bbox 709 1517 764 1587; x_wconf 88' lang='lat' dir='ltr'>est</span> <span class='ocrx_word' id='word_1_29' title='bbox 780 1513 941 1589; x_wconf 84' lang='lat' dir='ltr'>secunda</span> <span class='ocrx_word' id='word_1_30' title='bbox 959 1534 1043 1608; x_wconf 89' lang='lat' dir='ltr'>pars</span> <span class='ocrx_word' id='word_1_31' title='bbox 1062 1512 1256 1610; x_wconf 68' lang='lat' dir='ltr'>generatis</span> <span class='ocrx_word' id='word_1_32' title='bbox 1273 1514 1311 1588; x_wconf 91' lang='lat' dir='ltr'>iu</span> <span class='ocrx_word' id='word_1_33' title='bbox 1328 1536 1403 1609; x_wconf 90' lang='lat' dir='ltr'>qua</span> <span class='ocrx_word' id='word_1_34' title='bbox 1419 1525 1529 1613; x_wconf 85' lang='lat' dir='ltr'>poeta</span> 
     </span>
     <span class='ocr_line' id='line_1_6' title="bbox 355 1632 1530 1732; baseline 0.005 -23"><span class='ocrx_word' id='word_1_35' title='bbox 355 1639 488 1718; x_wconf 84' lang='lat' dir='ltr'>tractat</span> <span class='ocrx_word' id='word_1_36' title='bbox 511 1633 558 1708; x_wconf 86' lang='lat' dir='ltr'>de</span> <span class='ocrx_word' id='word_1_37' title='bbox 582 1632 732 1707; x_wconf 89' lang='lat' dir='ltr'>introitu</span> <span class='ocrx_word' id='word_1_38' title='bbox 757 1632 804 1707; x_wconf 92' lang='lat' dir='ltr'>ad</span> <span class='ocrx_word' id='word_1_39' title='bbox 829 1632 1001 1727; x_wconf 86' lang='lat' dir='ltr'>quintum</span> <span class='ocrx_word' id='word_1_40' title='bbox 1026 1632 1222 1726; x_wconf 87' lang='lat' dir='ltr'>circulum,</span> <span class='ocrx_word' id='word_1_41' title='bbox 1247 1641 1285 1709; x_wconf 88' lang='lat' dir='ltr'>et</span> <span class='ocrx_word' id='word_1_42' title='bbox 1309 1636 1530 1732; x_wconf 74' lang='lat' dir='ltr'>purgatione</span> 
     </span>
     <span class='ocr_line' id='line_1_7' title="bbox 355 1752 1529 1849; baseline 0.007 -24"><span class='ocrx_word' id='word_1_43' title='bbox 355 1773 424 1829; x_wconf 83' lang='lat' dir='ltr'>sua</span> <span class='ocrx_word' id='word_1_44' title='bbox 448 1752 543 1829; x_wconf 83' lang='lat' dir='ltr'>iacta</span> <span class='ocrx_word' id='word_1_45' title='bbox 568 1772 634 1849; x_wconf 85' lang='lat' dir='ltr'>por</span> <span class='ocrx_word' id='word_1_46' title='bbox 658 1753 844 1849; x_wconf 83' lang='lat' dir='ltr'><strong>angelum.</strong></span> <span class='ocrx_word' id='word_1_47' title='bbox 862 1753 906 1826; x_wconf 85' lang='lat' dir='ltr'>Et</span> <span class='ocrx_word' id='word_1_48' title='bbox 926 1752 1046 1849; x_wconf 88' lang='lat' dir='ltr'>primo</span> <span class='ocrx_word' id='word_1_49' title='bbox 1067 1753 1224 1829; x_wconf 81' lang='lat' dir='ltr'><strong>ostendit</strong></span> <span class='ocrx_word' id='word_1_50' title='bbox 1242 1756 1429 1848; x_wconf 85' lang='lat' dir='ltr'>quomodo</span> <span class='ocrx_word' id='word_1_51' title='bbox 1447 1758 1529 1833; x_wconf 88' lang='lat' dir='ltr'>Vir·</span> 
     </span>
     <span class='ocr_line' id='line_1_8' title="bbox 356 1868 1529 1983; baseline 0 -32"><span class='ocrx_word' id='word_1_52' title='bbox 356 1872 465 1971; x_wconf 81' lang='lat' dir='ltr'>gilius</span> <span class='ocrx_word' id='word_1_53' title='bbox 491 1872 654 1949; x_wconf 83' lang='lat' dir='ltr'>invitavit</span> <span class='ocrx_word' id='word_1_54' title='bbox 669 1868 706 1965; x_wconf 70' lang='lat'>(⁴)</span> <span class='ocrx_word' id='word_1_55' title='bbox 734 1892 822 1947; x_wconf 85' lang='lat' dir='ltr'>eum</span> <span class='ocrx_word' id='word_1_56' title='bbox 848 1872 895 1947; x_wconf 91' lang='lat' dir='ltr'>ad</span> <span class='ocrx_word' id='word_1_57' title='bbox 919 1872 1193 1983; x_wconf 66' lang='lat' dir='ltr'>propedendum</span> <span class='ocrx_word' id='word_1_58' title='bbox 1219 1873 1256 1947; x_wconf 95' lang='lat' dir='ltr'>in</span> <span class='ocrx_word' id='word_1_59' title='bbox 1282 1874 1340 1949; x_wconf 82' lang='lat' dir='ltr'>via</span> <span class='ocrx_word' id='word_1_60' title='bbox 1365 1897 1446 1972; x_wconf 87' lang='lat' dir='ltr'>sua,</span> <span class='ocrx_word' id='word_1_61' title='bbox 1471 1876 1529 1951; x_wconf 87' lang='lat' dir='ltr'>di·</span> 
     </span>
     <span class='ocr_line' id='line_1_9' title="bbox 356 1994 1528 2089; baseline -0.001 -18"><span class='ocrx_word' id='word_1_62' title='bbox 356 2016 461 2071; x_wconf 88' lang='lat' dir='ltr'>cens:</span> <span class='ocrx_word' id='word_1_63' title='bbox 488 1999 529 2069; x_wconf 87' lang='lat' dir='ltr'>Io</span> <span class='ocrx_word' id='word_1_64' title='bbox 554 1996 896 2085; x_wconf 63' lang='lat' dir='ltr'>montanitae</span> <span class='ocrx_word' id='word_1_65' title='bbox 920 1994 1012 2069; x_wconf 82' lang='lat' dir='ltr'>buon</span> <span class='ocrx_word' id='word_1_66' title='bbox 1035 2001 1188 2067; x_wconf 82' lang='lat' dir='ltr'>maestro</span> <span class='ocrx_word' id='word_1_67' title='bbox 1198 2022 1214 2089; x_wconf 81' lang='lat'>,-</span> <span class='ocrx_word' id='word_1_68' title='bbox 1242 2016 1287 2071; x_wconf 84' lang='lat' dir='ltr'>ac</span> <span class='ocrx_word' id='word_1_69' title='bbox 1311 1996 1342 2070; x_wconf 91' lang='lat' dir='ltr'>si</span> <span class='ocrx_word' id='word_1_70' title='bbox 1367 1996 1528 2073; x_wconf 83' lang='lat' dir='ltr'>diceret:</span> 
     </span>
     <span class='ocr_line' id='line_1_10' title="bbox 356 2112 1529 2211; baseline 0.002 -20"><span class='ocrx_word' id='word_1_71' title='bbox 356 2115 444 2210; x_wconf 84' lang='lat' dir='ltr'>quid</span> <span class='ocrx_word' id='word_1_72' title='bbox 462 2120 582 2211; x_wconf 83' lang='lat' dir='ltr'>restat</span> <span class='ocrx_word' id='word_1_73' title='bbox 606 2112 815 2211; x_wconf 74' lang='lat' dir='ltr'>agendum?</span> <span class='ocrx_word' id='word_1_74' title='bbox 839 2136 858 2187; x_wconf 84' lang='lat' dir='ltr'>e</span> <span class='ocrx_word' id='word_1_75' title='bbox 882 2121 1026 2205; x_wconf 68' lang='lat' dir='ltr'>muron</span> <span class='ocrx_word' id='word_1_76' title='bbox 1044 2113 1147 2208; x_wconf 83' lang='lat' dir='ltr'>idest,</span> <span class='ocrx_word' id='word_1_77' title='bbox 1165 2115 1311 2191; x_wconf 89' lang='lat' dir='ltr'>interim</span> <span class='ocrx_word' id='word_1_78' title='bbox 1334 2139 1422 2191; x_wconf 89' lang='lat' dir='ltr'>cum</span> <span class='ocrx_word' id='word_1_79' title='bbox 1449 2120 1529 2193; x_wconf 86' lang='lat' dir='ltr'>vot·</span> 
     </span>
     <span class='ocr_line' id='line_1_11' title="bbox 356 2232 1530 2331; baseline 0.003 -23"><span class='ocrx_word' id='word_1_80' title='bbox 356 2255 484 2309; x_wconf 82' lang='lat' dir='ltr'>rerem</span> <span class='ocrx_word' id='word_1_81' title='bbox 510 2233 647 2329; x_wconf 84' lang='lat' dir='ltr'>oeulos,</span> <span class='ocrx_word' id='word_1_82' title='bbox 673 2254 768 2325; x_wconf 76' lang='lat' dir='ltr'>uoce,</span> <span class='ocrx_word' id='word_1_83' title='bbox 794 2233 929 2309; x_wconf 82' lang='lat' dir='ltr'>seilicet</span> <span class='ocrx_word' id='word_1_84' title='bbox 953 2232 1103 2330; x_wconf 81' lang='lat' dir='ltr'>Virgilii,</span> <span class='ocrx_word' id='word_1_85' title='bbox 1128 2234 1229 2309; x_wconf 84' lang='lat' dir='ltr'>venit</span> <span class='ocrx_word' id='word_1_86' title='bbox 1261 2235 1308 2310; x_wconf 87' lang='lat' dir='ltr'>ud</span> <span class='ocrx_word' id='word_1_87' title='bbox 1335 2258 1407 2331; x_wconf 87' lang='lat' dir='ltr'>me,</span> <span class='ocrx_word' id='word_1_88' title='bbox 1432 2260 1530 2312; x_wconf 83' lang='lat' dir='ltr'>corne</span> 
     </span>
     <span class='ocr_line' id='line_1_12' title="bbox 354 2353 1526 2453; baseline 0.003 -24"><span class='ocrx_word' id='word_1_89' title='bbox 354 2356 502 2429; x_wconf 62' lang='lat' dir='ltr'>nesse.-</span> <span class='ocrx_word' id='word_1_90' title='bbox 519 2357 632 2445; x_wconf 75' lang='lat' dir='ltr'>sorni,</span> <span class='ocrx_word' id='word_1_91' title='bbox 649 2354 735 2447; x_wconf 88' lang='lat' dir='ltr'>quia</span> <span class='ocrx_word' id='word_1_92' title='bbox 760 2354 847 2429; x_wconf 86' lang='lat' dir='ltr'>satis</span> <span class='ocrx_word' id='word_1_93' title='bbox 870 2353 1047 2448; x_wconf 80' lang='lat' dir='ltr'><strong>dormisti,</strong></span> <span class='ocrx_word' id='word_1_94' title='bbox 1066 2360 1103 2428; x_wconf 89' lang='lat' dir='ltr'>et</span> <span class='ocrx_word' id='word_1_95' title='bbox 1120 2356 1365 2451; x_wconf 84' lang='lat' dir='ltr'>phantasiasti‚</span> <span class='ocrx_word' id='word_1_96' title='bbox 1385 2380 1404 2431; x_wconf 88' lang='lat' dir='ltr'>e</span> <span class='ocrx_word' id='word_1_97' title='bbox 1424 2362 1526 2453; x_wconf 80' lang='lat' dir='ltr'>nient,</span> 
     </span>
     <span class='ocr_line' id='line_1_13' title="bbox 355 2474 1530 2569; baseline 0.003 -19"><span class='ocrx_word' id='word_1_98' title='bbox 355 2479 506 2551; x_wconf 74' lang='lat' dir='ltr'>aonam</span> <span class='ocrx_word' id='word_1_99' title='bbox 531 2478 568 2550; x_wconf 85' lang='lat' dir='ltr'>tu</span> <span class='ocrx_word' id='word_1_100' title='bbox 587 2482 710 2569; x_wconf 86' lang='lat' dir='ltr'>porta,</span> <span class='ocrx_word' id='word_1_101' title='bbox 736 2475 821 2551; x_wconf 82' lang='lat' dir='ltr'>novi</span> <span class='ocrx_word' id='word_1_102' title='bbox 846 2474 985 2569; x_wconf 84' lang='lat' dir='ltr'>circuli,</span> <span class='ocrx_word' id='word_1_103' title='bbox 1005 2496 1073 2568; x_wconf 84' lang='lat' dir='ltr'>per</span> <span class='ocrx_word' id='word_1_104' title='bbox 1101 2478 1138 2549; x_wconf 86' lang='lat' dir='ltr'>ta</span> <span class='ocrx_word' id='word_1_105' title='bbox 1170 2480 1256 2568; x_wconf 79' lang='lat' dir='ltr'>quat</span> <span class='ocrx_word' id='word_1_106' title='bbox 1286 2485 1322 2551; x_wconf 84' lang='lat' dir='ltr'>tu</span> <span class='ocrx_word' id='word_1_107' title='bbox 1351 2486 1459 2552; x_wconf 81' lang='lat' dir='ltr'>entre.</span> <span class='ocrx_word' id='word_1_108' title='bbox 1485 2480 1530 2553; x_wconf 77' lang='lat' dir='ltr'>lit</span> 
     </span>
     <span class='ocr_line' id='line_1_14' title="bbox 357 2593 1530 2693; baseline 0.002 -23"><span class='ocrx_word' id='word_1_109' title='bbox 357 2595 532 2671; x_wconf 90' lang='lat' dir='ltr'>ooutinuo</span> <span class='ocrx_word' id='word_1_110' title='bbox 548 2594 663 2691; x_wconf 83' lang='lat' dir='ltr'>tangit</span> <span class='ocrx_word' id='word_1_111' title='bbox 680 2614 787 2669; x_wconf 91' lang='lat' dir='ltr'>suam</span> <span class='ocrx_word' id='word_1_112' title='bbox 805 2593 1049 2670; x_wconf 73' lang='lat' dir='ltr'>obedientiam</span> <span class='ocrx_word' id='word_1_113' title='bbox 1071 2615 1158 2670; x_wconf 90' lang='lat' dir='ltr'>cum</span> <span class='ocrx_word' id='word_1_114' title='bbox 1175 2595 1417 2693; x_wconf 79' lang='lat' dir='ltr'>descriptione</span> <span class='ocrx_word' id='word_1_115' title='bbox 1434 2605 1530 2673; x_wconf 86' lang='lat' dir='ltr'>tom-</span> 
     </span>
     <span class='ocr_line' id='line_1_15' title="bbox 359 2716 1530 2813; baseline 0.002 -24"><span class='ocrx_word' id='word_1_116' title='bbox 359 2716 468 2813; x_wconf 84' lang='lat' dir='ltr'>poris,</span> <span class='ocrx_word' id='word_1_117' title='bbox 493 2716 636 2791; x_wconf 88' lang='lat' dir='ltr'>dicens:</span> <span class='ocrx_word' id='word_1_118' title='bbox 661 2736 703 2789; x_wconf 81' lang='lat' dir='ltr'>su</span> <span class='ocrx_word' id='word_1_119' title='bbox 727 2716 775 2787; x_wconf 83' lang='lat' dir='ltr'>mi</span> <span class='ocrx_word' id='word_1_120' title='bbox 800 2716 902 2806; x_wconf 69' lang='lat' dir='ltr'>kuni,</span> <span class='ocrx_word' id='word_1_121' title='bbox 928 2718 957 2787; x_wconf 71' lang='grc' dir='ltr'>ε’</span> <span class='ocrx_word' id='word_1_122' title='bbox 969 2718 1077 2807; x_wconf 78' lang='lat' dir='ltr'>pirou</span> <span class='ocrx_word' id='word_1_123' title='bbox 1106 2719 1150 2789; x_wconf 83' lang='lat' dir='ltr'>cte</span> <span class='ocrx_word' id='word_1_124' title='bbox 1181 2719 1203 2789; x_wconf 87' lang='lat' dir='ltr'>t&#39;</span> <span class='ocrx_word' id='word_1_125' title='bbox 1215 2720 1288 2791; x_wconf 83' lang='lat' dir='ltr'>atto</span> <span class='ocrx_word' id='word_1_126' title='bbox 1313 2725 1440 2810; x_wconf 84' lang='lat' dir='ltr'>monte,</span> <span class='ocrx_word' id='word_1_127' title='bbox 1466 2719 1530 2812; x_wconf 91' lang='lat' dir='ltr'>qui</span> 
     </span>
     <span class='ocr_line' id='line_1_16' title="bbox 361 2826 1532 2932; baseline 0.001 -19"><span class='ocrx_word' id='word_1_128' title='bbox 361 2836 474 2913; x_wconf 88' lang='lat' dir='ltr'>tendit</span> <span class='ocrx_word' id='word_1_129' title='bbox 499 2856 619 2932; x_wconf 89' lang='lat' dir='ltr'>usque</span> <span class='ocrx_word' id='word_1_130' title='bbox 643 2836 690 2910; x_wconf 94' lang='lat' dir='ltr'>ad</span> <span class='ocrx_word' id='word_1_131' title='bbox 714 2836 865 2930; x_wconf 84' lang='lat' dir='ltr'>eoelum,</span> <span class='ocrx_word' id='word_1_132' title='bbox 882 2857 971 2909; x_wconf 71' lang='lat' dir='ltr'>mun</span> <span class='ocrx_word' id='word_1_133' title='bbox 994 2826 1056 2927; x_wconf 68' lang='lat' dir='ltr'>pud</span> <span class='ocrx_word' id='word_1_134' title='bbox 1074 2840 1169 2929; x_wconf 81' lang='lat' dir='ltr'>pieni</span> <span class='ocrx_word' id='word_1_135' title='bbox 1184 2839 1370 2911; x_wconf 79' lang='lat' dir='ltr'>dett’uttro</span> <span class='ocrx_word' id='word_1_136' title='bbox 1394 2831 1443 2931; x_wconf 83' lang='lat' dir='ltr'>di,</span> <span class='ocrx_word' id='word_1_137' title='bbox 1461 2840 1532 2915; x_wconf 83' lang='lat' dir='ltr'>sei-</span> 
     </span>
     <span class='ocr_line' id='line_1_17' title="bbox 360 2937 1529 3052; baseline 0.001 -21"><span class='ocrx_word' id='word_1_138' title='bbox 360 2937 444 3033; x_wconf 84' lang='lat' dir='ltr'>licet</span> <span class='ocrx_word' id='word_1_139' title='bbox 469 2958 588 3051; x_wconf 85' lang='lat' dir='ltr'>tertio,</span> <span class='ocrx_word' id='word_1_140' title='bbox 614 2955 718 3050; x_wconf 85' lang='lat' dir='ltr'>quasi</span> <span class='ocrx_word' id='word_1_141' title='bbox 743 2955 857 3030; x_wconf 90' lang='lat' dir='ltr'>dicat:</span> <span class='ocrx_word' id='word_1_142' title='bbox 884 2974 1013 3029; x_wconf 89' lang='lat' dir='ltr'>omnes</span> <span class='ocrx_word' id='word_1_143' title='bbox 1038 2955 1165 3029; x_wconf 86' lang='lat' dir='ltr'>circuli</span> <span class='ocrx_word' id='word_1_144' title='bbox 1193 2958 1398 3052; x_wconf 82' lang='lat' dir='ltr'>purgatorii</span> <span class='ocrx_word' id='word_1_145' title='bbox 1422 2966 1529 3033; x_wconf 90' lang='lat' dir='ltr'>erant</span> 
     </span>
     <span class='ocr_line' id='line_1_18' title="bbox 356 3075 1532 3173; baseline -0.001 -20"><span class='ocrx_word' id='word_1_146' title='bbox 356 3078 436 3173; x_wconf 86' lang='lat' dir='ltr'>jam</span> <span class='ocrx_word' id='word_1_147' title='bbox 461 3076 651 3153; x_wconf 91' lang='lat' dir='ltr'>illuminati</span> <span class='ocrx_word' id='word_1_148' title='bbox 677 3096 774 3151; x_wconf 89' lang='lat' dir='ltr'>novo</span> <span class='ocrx_word' id='word_1_149' title='bbox 798 3076 885 3151; x_wconf 87' lang='lat' dir='ltr'>soie.</span> <span class='ocrx_word' id='word_1_150' title='bbox 913 3075 1014 3149; x_wconf 89' lang='lat' dir='ltr'>Unde</span> <span class='ocrx_word' id='word_1_151' title='bbox 1031 3075 1133 3150; x_wconf 85' lang='lat' dir='ltr'>dicit:</span> <span class='ocrx_word' id='word_1_152' title='bbox 1153 3084 1186 3149; x_wconf 89' lang='lat' dir='ltr'>et</span> <span class='ocrx_word' id='word_1_153' title='bbox 1201 3080 1382 3151; x_wconf 78' lang='lat' dir='ltr'>andanem</span> <span class='ocrx_word' id='word_1_154' title='bbox 1402 3081 1459 3151; x_wconf 85' lang='lat' dir='ltr'>cot</span> <span class='ocrx_word' id='word_1_155' title='bbox 1476 3082 1532 3152; x_wconf 85' lang='lat' dir='ltr'>sot</span> 
     </span>
     <span class='ocr_line' id='line_1_19' title="bbox 359 3196 1530 3294; baseline 0.001 -21"><span class='ocrx_word' id='word_1_156' title='bbox 359 3218 476 3273; x_wconf 86' lang='lat' dir='ltr'>nuovo</span> <span class='ocrx_word' id='word_1_157' title='bbox 500 3200 568 3271; x_wconf 81' lang='lat' dir='ltr'>aue</span> <span class='ocrx_word' id='word_1_158' title='bbox 590 3198 682 3289; x_wconf 83' lang='lat' dir='ltr'>reni,</span> <span class='ocrx_word' id='word_1_159' title='bbox 699 3196 786 3291; x_wconf 85' lang='lat' dir='ltr'>quia</span> <span class='ocrx_word' id='word_1_160' title='bbox 807 3204 894 3271; x_wconf 86' lang='lat' dir='ltr'>tuno</span> <span class='ocrx_word' id='word_1_161' title='bbox 912 3203 1018 3271; x_wconf 88' lang='lat' dir='ltr'>erant</span> <span class='ocrx_word' id='word_1_162' title='bbox 1034 3197 1201 3272; x_wconf 85' lang='lat' dir='ltr'>conversi</span> <span class='ocrx_word' id='word_1_163' title='bbox 1219 3198 1266 3272; x_wconf 92' lang='lat' dir='ltr'>ad</span> <span class='ocrx_word' id='word_1_164' title='bbox 1283 3198 1530 3294; x_wconf 85' lang='lat' dir='ltr'>occidentem3</span> 
     </span>
     <span class='ocr_line' id='line_1_20' title="bbox 360 3316 1527 3415; baseline -0.002 -20"><span class='ocrx_word' id='word_1_165' title='bbox 360 3324 397 3395; x_wconf 89' lang='lat' dir='ltr'>et</span> <span class='ocrx_word' id='word_1_166' title='bbox 414 3318 493 3393; x_wconf 81' lang='lat' dir='ltr'>haeo</span> <span class='ocrx_word' id='word_1_167' title='bbox 509 3324 563 3391; x_wconf 77' lang='lat' dir='ltr'>ost</span> <span class='ocrx_word' id='word_1_168' title='bbox 580 3317 687 3393; x_wconf 89' lang='lat' dir='ltr'>tertia</span> <span class='ocrx_word' id='word_1_169' title='bbox 704 3317 781 3393; x_wconf 89' lang='lat' dir='ltr'>dies</span> <span class='ocrx_word' id='word_1_170' title='bbox 796 3323 992 3412; x_wconf 88' lang='lat' dir='ltr'>postquam</span> <span class='ocrx_word' id='word_1_171' title='bbox 1010 3316 1242 3392; x_wconf 89' lang='lat' dir='ltr'>intraverunt</span> <span class='ocrx_word' id='word_1_172' title='bbox 1258 3320 1527 3415; x_wconf 84' lang='lat' dir='ltr'>purgatorium.</span> 
     </span>
     <span class='ocr_line' id='line_1_21' title="bbox 358 3436 1533 3533; baseline -0.002 -20"><span class='ocrx_word' id='word_1_173' title='bbox 358 3438 403 3513; x_wconf 80' lang='lat' dir='ltr'>ut</span> <span class='ocrx_word' id='word_1_174' title='bbox 428 3436 549 3511; x_wconf 81' lang='lat' dir='ltr'>subdit</span> <span class='ocrx_word' id='word_1_175' title='bbox 573 3457 681 3510; x_wconf 90' lang='lat' dir='ltr'>suam</span> <span class='ocrx_word' id='word_1_176' title='bbox 707 3436 977 3531; x_wconf 90' lang='lat' dir='ltr'>dispositionem</span> <span class='ocrx_word' id='word_1_177' title='bbox 995 3437 1032 3510; x_wconf 94' lang='lat' dir='ltr'>in</span> <span class='ocrx_word' id='word_1_178' title='bbox 1050 3436 1118 3511; x_wconf 85' lang='lat' dir='ltr'>ista</span> <span class='ocrx_word' id='word_1_179' title='bbox 1135 3437 1193 3512; x_wconf 86' lang='lat' dir='ltr'>via</span> <span class='ocrx_word' id='word_1_180' title='bbox 1213 3456 1280 3533; x_wconf 87' lang='lat' dir='ltr'>per</span> <span class='ocrx_word' id='word_1_181' title='bbox 1298 3458 1411 3511; x_wconf 92' lang='lat' dir='ltr'>unam</span> <span class='ocrx_word' id='word_1_182' title='bbox 1429 3460 1533 3513; x_wconf 85' lang='lat' dir='ltr'>oom-</span> 
     </span>
     <span class='ocr_line' id='line_1_22' title="bbox 359 3556 1533 3655; baseline 0.001 -23"><span class='ocrx_word' id='word_1_183' title='bbox 359 3558 586 3655; x_wconf 85' lang='lat' dir='ltr'>parationem</span> <span class='ocrx_word' id='word_1_184' title='bbox 608 3556 847 3631; x_wconf 84' lang='lat' dir='ltr'>domesticam</span> <span class='ocrx_word' id='word_1_185' title='bbox 873 3563 910 3632; x_wconf 92' lang='lat' dir='ltr'>et</span> <span class='ocrx_word' id='word_1_186' title='bbox 935 3556 1085 3652; x_wconf 84' lang='lat' dir='ltr'>claram,</span> <span class='ocrx_word' id='word_1_187' title='bbox 1102 3558 1245 3633; x_wconf 86' lang='lat' dir='ltr'>dicens:</span> <span class='ocrx_word' id='word_1_188' title='bbox 1272 3562 1447 3650; x_wconf 66' lang='lat' dir='ltr'>sequendo</span> <span class='ocrx_word' id='word_1_189' title='bbox 1472 3562 1533 3653; x_wconf 70' lang='lat' dir='ltr'>dd,</span> 
     </span>
     <span class='ocr_line' id='line_1_23' title="bbox 360 3677 1534 3773; baseline -0.001 -18"><span class='ocrx_word' id='word_1_190' title='bbox 360 3680 499 3755; x_wconf 90' lang='lat' dir='ltr'>honum</span> <span class='ocrx_word' id='word_1_191' title='bbox 533 3677 679 3773; x_wconf 89' lang='lat' dir='ltr'>ducem,</span> <span class='ocrx_word' id='word_1_192' title='bbox 704 3684 861 3771; x_wconf 75' lang='lat' dir='ltr'>portatu</span> <span class='ocrx_word' id='word_1_193' title='bbox 897 3680 933 3750; x_wconf 85' lang='lat' dir='ltr'>tu</span> <span class='ocrx_word' id='word_1_194' title='bbox 971 3680 1043 3750; x_wconf 85' lang='lat' dir='ltr'>mia</span> <span class='ocrx_word' id='word_1_195' title='bbox 1073 3681 1204 3771; x_wconf 75' lang='lat' dir='ltr'>fronte,</span> <span class='ocrx_word' id='word_1_196' title='bbox 1234 3677 1451 3752; x_wconf 85' lang='lat' dir='ltr'>incurvatus</span> <span class='ocrx_word' id='word_1_197' title='bbox 1486 3679 1534 3754; x_wconf 89' lang='lat' dir='ltr'>ad</span> 
     </span>
     <span class='ocr_line' id='line_1_24' title="bbox 362 3798 1535 3895; baseline -0.002 -20"><span class='ocrx_word' id='word_1_198' title='bbox 362 3810 513 3892; x_wconf 84' lang='lat' dir='ltr'>terram,</span> <span class='ocrx_word' id='word_1_199' title='bbox 538 3818 634 3871; x_wconf 78' lang='lat' dir='ltr'>come</span> <span class='ocrx_word' id='word_1_200' title='bbox 662 3799 753 3871; x_wconf 79' lang='lat' dir='ltr'>uolui</span> <span class='ocrx_word' id='word_1_201' title='bbox 783 3799 843 3870; x_wconf 81' lang='lat' dir='ltr'>cde</span> <span class='ocrx_word' id='word_1_202' title='bbox 873 3798 957 3869; x_wconf 71' lang='lat' dir='ltr'>idn</span> <span class='ocrx_word' id='word_1_203' title='bbox 988 3800 1026 3870; x_wconf 83' lang='lat' dir='ltr'>cti</span> <span class='ocrx_word' id='word_1_204' title='bbox 1057 3800 1199 3889; x_wconf 83' lang='lat' dir='ltr'>pensier</span> <span class='ocrx_word' id='word_1_205' title='bbox 1232 3818 1361 3891; x_wconf 63' lang='lat' dir='ltr'>curem·</span> <span class='ocrx_word' id='word_1_206' title='bbox 1399 3818 1535 3895; x_wconf 83' lang='lat' dir='ltr'>magna</span> 
     </span>
     <span class='ocr_line' id='line_1_25' title="bbox 362 3915 1535 4013; baseline -0.003 -18"><span class='ocrx_word' id='word_1_207' title='bbox 362 3919 460 3995; x_wconf 91' lang='lat' dir='ltr'>enim</span> <span class='ocrx_word' id='word_1_208' title='bbox 495 3923 533 3993; x_wconf 90' lang='lat' dir='ltr'>et</span> <span class='ocrx_word' id='word_1_209' title='bbox 565 3917 668 3992; x_wconf 84' lang='lat' dir='ltr'>tortis</span> <span class='ocrx_word' id='word_1_210' title='bbox 706 3937 797 3991; x_wconf 86' lang='lat' dir='ltr'>eura</span> <span class='ocrx_word' id='word_1_211' title='bbox 834 3915 1012 4011; x_wconf 84' lang='lat' dir='ltr'>gravabat</span> <span class='ocrx_word' id='word_1_212' title='bbox 1049 3923 1213 3991; x_wconf 86' lang='lat' dir='ltr'>mentem</span> <span class='ocrx_word' id='word_1_213' title='bbox 1251 3938 1358 3991; x_wconf 88' lang='lat' dir='ltr'>suam</span> <span class='ocrx_word' id='word_1_214' title='bbox 1385 3924 1535 4013; x_wconf 90' lang='lat' dir='ltr'>propter</span> 
     </span>
     <span class='ocr_line' id='line_1_26' title="bbox 363 4036 1535 4131; baseline -0.002 -18"><span class='ocrx_word' id='word_1_215' title='bbox 363 4040 460 4117; x_wconf 88' lang='lat' dir='ltr'>iilam</span> <span class='ocrx_word' id='word_1_216' title='bbox 489 4037 694 4113; x_wconf 86' lang='lat' dir='ltr'>mirabilem</span> <span class='ocrx_word' id='word_1_217' title='bbox 720 4037 919 4131; x_wconf 84' lang='lat' dir='ltr'>visionem3</span> <span class='ocrx_word' id='word_1_218' title='bbox 947 4036 1028 4111; x_wconf 87' lang='lat' dir='ltr'>ideo</span> <span class='ocrx_word' id='word_1_219' title='bbox 1057 4036 1161 4111; x_wconf 88' lang='lat' dir='ltr'>dicit:</span> <span class='ocrx_word' id='word_1_220' title='bbox 1193 4040 1254 4110; x_wconf 80' lang='lat' dir='ltr'>cte</span> <span class='ocrx_word' id='word_1_221' title='bbox 1277 4039 1320 4130; x_wconf 81' lang='lat' dir='ltr'>sn</span> <span class='ocrx_word' id='word_1_222' title='bbox 1351 4039 1390 4111; x_wconf 80' lang='lat' dir='ltr'>di</span> <span class='ocrx_word' id='word_1_223' title='bbox 1420 4059 1457 4110; x_wconf 83' lang='lat' dir='ltr'>se</span> <span class='ocrx_word' id='word_1_224' title='bbox 1486 4060 1535 4111; x_wconf 85' lang='lat' dir='ltr'>un</span> 
     </span>
     <span class='ocr_line' id='line_1_27' title="bbox 363 4147 1534 4255; baseline -0.003 -20"><span class='ocrx_word' id='word_1_225' title='bbox 363 4182 485 4235; x_wconf 80' lang='lat' dir='ltr'>mezzo</span> <span class='ocrx_word' id='word_1_226' title='bbox 510 4179 596 4233; x_wconf 84' lang='lat' dir='ltr'>arco</span> <span class='ocrx_word' id='word_1_227' title='bbox 621 4160 660 4231; x_wconf 83' lang='lat' dir='ltr'>di</span> <span class='ocrx_word' id='word_1_228' title='bbox 679 4166 797 4255; x_wconf 82' lang='lat' dir='ltr'>ponte,</span> <span class='ocrx_word' id='word_1_229' title='bbox 822 4157 885 4251; x_wconf 87' lang='lat' dir='ltr'>qui</span> <span class='ocrx_word' id='word_1_230' title='bbox 900 4148 936 4249; x_wconf 77' lang='lat'>(²)</span> <span class='ocrx_word' id='word_1_231' title='bbox 957 4157 1125 4231; x_wconf 84' lang='lat' dir='ltr'>incurvat</span> <span class='ocrx_word' id='word_1_232' title='bbox 1150 4178 1190 4233; x_wconf 90' lang='lat' dir='ltr'>se</span> <span class='ocrx_word' id='word_1_233' title='bbox 1204 4147 1241 4250; x_wconf 77' lang='lat'>(³)</span> <span class='ocrx_word' id='word_1_234' title='bbox 1260 4178 1305 4233; x_wconf 90' lang='lat' dir='ltr'>eo</span> <span class='ocrx_word' id='word_1_235' title='bbox 1323 4158 1433 4232; x_wconf 93' lang='lat' dir='ltr'>modo</span> <span class='ocrx_word' id='word_1_236' title='bbox 1458 4178 1534 4252; x_wconf 88' lang='lat' dir='ltr'>quo</span> 
     </span>
     <span class='ocr_line' id='line_1_28' title="bbox 363 4276 1534 4374; baseline -0.008 -15"><span class='ocrx_word' id='word_1_237' title='bbox 363 4283 566 4359; x_wconf 79' lang='lat' dir='ltr'>semiannus</span> <span class='ocrx_word' id='word_1_238' title='bbox 591 4279 668 4353; x_wconf 88' lang='lat' dir='ltr'>sive</span> <span class='ocrx_word' id='word_1_239' title='bbox 692 4278 883 4353; x_wconf 85' lang='lat' dir='ltr'>semivolta</span> <span class='ocrx_word' id='word_1_240' title='bbox 909 4278 1026 4372; x_wconf 87' lang='lat' dir='ltr'>pontis</span> <span class='ocrx_word' id='word_1_241' title='bbox 1042 4276 1171 4373; x_wconf 90' lang='lat' dir='ltr'>lapidei</span> <span class='ocrx_word' id='word_1_242' title='bbox 1192 4298 1303 4374; x_wconf 89' lang='lat' dir='ltr'>supra</span> <span class='ocrx_word' id='word_1_243' title='bbox 1321 4279 1469 4353; x_wconf 80' lang='lat' dir='ltr'>flumen.</span> <span class='ocrx_word' id='word_1_244' title='bbox 1484 4318 1534 4333; x_wconf 92' lang='lat'><em>-</em></span> 
     </span>
     <span class='ocr_line' id='line_1_29' title="bbox 368 4396 1533 4494; baseline 0.002 -23"><span class='ocrx_word' id='word_1_245' title='bbox 368 4403 526 4491; x_wconf 76' lang='lat' dir='ltr'>Qrtmtdo.</span> <span class='ocrx_word' id='word_1_246' title='bbox 553 4397 619 4472; x_wconf 87' lang='lat' dir='ltr'>Hie</span> <span class='ocrx_word' id='word_1_247' title='bbox 643 4405 750 4494; x_wconf 87' lang='lat' dir='ltr'>poeta</span> <span class='ocrx_word' id='word_1_248' title='bbox 767 4398 868 4492; x_wconf 92' lang='lat' dir='ltr'>ponit</span> <span class='ocrx_word' id='word_1_249' title='bbox 888 4396 1074 4490; x_wconf 90' lang='lat' dir='ltr'>quomodo</span> <span class='ocrx_word' id='word_1_250' title='bbox 1095 4398 1206 4473; x_wconf 83' lang='lat' dir='ltr'>suerit</span> <span class='ocrx_word' id='word_1_251' title='bbox 1221 4398 1382 4473; x_wconf 88' lang='lat' dir='ltr'>directus</span> <span class='ocrx_word' id='word_1_252' title='bbox 1398 4400 1447 4473; x_wconf 89' lang='lat' dir='ltr'>ab</span> <span class='ocrx_word' id='word_1_253' title='bbox 1466 4421 1533 4474; x_wconf 84' lang='lat' dir='ltr'>an-</span> 
     </span>
     <span class='ocr_line' id='line_1_30' title="bbox 364 4515 1534 4617; baseline -0.001 -24"><span class='ocrx_word' id='word_1_254' title='bbox 364 4521 459 4617; x_wconf 80' lang='lat' dir='ltr'>geio,</span> <span class='ocrx_word' id='word_1_255' title='bbox 483 4517 623 4593; x_wconf 88' lang='lat' dir='ltr'>dicens:</span> <span class='ocrx_word' id='word_1_256' title='bbox 651 4516 701 4591; x_wconf 89' lang='lat' dir='ltr'>sic</span> <span class='ocrx_word' id='word_1_257' title='bbox 727 4536 818 4613; x_wconf 82' lang='lat' dir='ltr'>ergo</span> <span class='ocrx_word' id='word_1_258' title='bbox 842 4515 952 4610; x_wconf 90' lang='lat' dir='ltr'>ibam,</span> <span class='ocrx_word' id='word_1_259' title='bbox 976 4520 1105 4608; x_wconf 75' lang='lat' dir='ltr'>quand</span> <span class='ocrx_word' id='word_1_260' title='bbox 1118 4520 1154 4589; x_wconf 83' lang='lat' dir='ltr'>io</span> <span class='ocrx_word' id='word_1_261' title='bbox 1173 4520 1416 4609; x_wconf 79' lang='lat' dir='ltr'>udt’purtnre,</span> <span class='ocrx_word' id='word_1_262' title='bbox 1437 4518 1534 4592; x_wconf 87' lang='lat' dir='ltr'>scili-</span> 
     </span>
     <span class='ocr_line' id='line_1_31' title="bbox 365 4636 1535 4734; baseline -0.001 -22"><span class='ocrx_word' id='word_1_263' title='bbox 365 4646 434 4733; x_wconf 84' lang='lat' dir='ltr'>oot,</span> <span class='ocrx_word' id='word_1_264' title='bbox 460 4638 507 4713; x_wconf 90' lang='lat' dir='ltr'>ab</span> <span class='ocrx_word' id='word_1_265' title='bbox 531 4636 945 4734; x_wconf 58' lang='lat' dir='ltr'>augaunensium</span> <span class='ocrx_word' id='word_1_266' title='bbox 969 4656 1092 4727; x_wconf 77' lang='lat' dir='ltr'>aaron,</span> <span class='ocrx_word' id='word_1_267' title='bbox 1114 4636 1216 4732; x_wconf 73' lang='lat' dir='ltr'>idest</span> <span class='ocrx_word' id='word_1_268' title='bbox 1243 4638 1301 4713; x_wconf 85' lang='lat' dir='ltr'>hie</span> <span class='ocrx_word' id='word_1_269' title='bbox 1327 4645 1383 4713; x_wconf 90' lang='lat' dir='ltr'>est</span> <span class='ocrx_word' id='word_1_270' title='bbox 1407 4658 1535 4733; x_wconf 89' lang='lat' dir='ltr'>passus</span> 
     </span>
     <span class='ocr_line' id='line_1_32' title="bbox 364 4758 1537 4853; baseline -0.002 -18"><span class='ocrx_word' id='word_1_271' title='bbox 364 4760 411 4835; x_wconf 87' lang='lat' dir='ltr'>nd</span> <span class='ocrx_word' id='word_1_272' title='bbox 427 4759 540 4835; x_wconf 84' lang='lat' dir='ltr'>atium</span> <span class='ocrx_word' id='word_1_273' title='bbox 558 4758 750 4851; x_wconf 87' lang='lat' dir='ltr'>circutum,</span> <span class='ocrx_word' id='word_1_274' title='bbox 763 4760 801 4830; x_wconf 84' lang='lat' dir='ltr'>in</span> <span class='ocrx_word' id='word_1_275' title='bbox 817 4758 923 4829; x_wconf 85' lang='lat' dir='ltr'>modo</span> <span class='ocrx_word' id='word_1_276' title='bbox 939 4778 1046 4831; x_wconf 75' lang='lat' dir='ltr'>sonos</span> <span class='ocrx_word' id='word_1_277' title='bbox 1062 4779 1081 4831; x_wconf 86' lang='lat' dir='ltr'>e</span> <span class='ocrx_word' id='word_1_278' title='bbox 1097 4758 1260 4850; x_wconf 68' lang='lat' dir='ltr'>deniquo,</span> <span class='ocrx_word' id='word_1_279' title='bbox 1273 4759 1360 4853; x_wconf 90' lang='lat' dir='ltr'>quia</span> <span class='ocrx_word' id='word_1_280' title='bbox 1374 4779 1445 4833; x_wconf 83' lang='lat' dir='ltr'>vox</span> <span class='ocrx_word' id='word_1_281' title='bbox 1464 4780 1537 4833; x_wconf 91' lang='lat' dir='ltr'>nou</span> 
     </span>
     <span class='ocr_line' id='line_1_33' title="bbox 366 4876 1539 4972; baseline -0.005 -15"><span class='ocrx_word' id='word_1_282' title='bbox 366 4886 446 4957; x_wconf 89' lang='lat' dir='ltr'>erat</span> <span class='ocrx_word' id='word_1_283' title='bbox 471 4880 646 4971; x_wconf 85' lang='lat' dir='ltr'>humana,</span> <span class='ocrx_word' id='word_1_284' title='bbox 663 4878 745 4951; x_wconf 86' lang='lat' dir='ltr'>ideo</span> <span class='ocrx_word' id='word_1_285' title='bbox 761 4876 865 4951; x_wconf 89' lang='lat' dir='ltr'>dicit:</span> <span class='ocrx_word' id='word_1_286' title='bbox 884 4880 972 4970; x_wconf 79' lang='lat' dir='ltr'>pout</span> <span class='ocrx_word' id='word_1_287' title='bbox 984 4898 1056 4951; x_wconf 73' lang='lat' dir='ltr'>non</span> <span class='ocrx_word' id='word_1_288' title='bbox 1080 4880 1112 4951; x_wconf 86' lang='lat' dir='ltr'>si</span> <span class='ocrx_word' id='word_1_289' title='bbox 1134 4888 1228 4953; x_wconf 84' lang='lat' dir='ltr'>sente</span> <span class='ocrx_word' id='word_1_290' title='bbox 1247 4883 1285 4953; x_wconf 86' lang='lat' dir='ltr'>in</span> <span class='ocrx_word' id='word_1_291' title='bbox 1303 4885 1424 4972; x_wconf 78' lang='lat' dir='ltr'>questa</span> <span class='ocrx_word' id='word_1_292' title='bbox 1441 4900 1539 4951; x_wconf 85' lang='lat' dir='ltr'>rnor-</span> 
     </span>
    </p>
   </div>
   <div class='ocr_carea' id='block_1_3' title="bbox 361 5056 1288 5205">
    <p class='ocr_par' dir='ltr' id='par_1_4' title="bbox 361 5056 1288 5205">
     <span class='ocr_line' id='line_1_34' title="bbox 361 5056 1288 5129; baseline -0.014 0"><span class='ocrx_word' id='word_1_293' title='bbox 361 5056 362 5059; x_wconf 16' lang='lat'>¹</span> <span class='ocrx_word' id='word_1_294' title='bbox 429 5066 456 5128; x_wconf 81' lang='lat'>(¹)</span> <span class='ocrx_word' id='word_1_295' title='bbox 472 5064 503 5113; x_wconf 80' lang='grc' dir='ltr'>Ε·</span> <span class='ocrx_word' id='word_1_296' title='bbox 519 5064 665 5115; x_wconf 69' lang='grc' dir='ltr'>ῙΙΠΙῑΙῖθῐΙί</span> <span class='ocrx_word' id='word_1_297' title='bbox 679 5077 750 5115; x_wconf 69' lang='lat' dir='ltr'>eum·</span> <span class='ocrx_word' id='word_1_298' title='bbox 992 5062 1020 5127; x_wconf 65' lang='grc' dir='ltr'>ζ’)</span> <span class='ocrx_word' id='word_1_299' title='bbox 1035 5064 1066 5116; x_wconf 86' lang='grc' dir='ltr'>Ε.</span> <span class='ocrx_word' id='word_1_300' title='bbox 1082 5066 1144 5129; x_wconf 83' lang='lat' dir='ltr'>quia</span> <span class='ocrx_word' id='word_1_301' title='bbox 1160 5066 1288 5117; x_wconf 77' lang='lat' dir='ltr'>incurrat.</span> 
     </span>
     <span class='ocr_line' id='line_1_35' title="bbox 431 5142 882 5205; baseline -0.002 -12"><span class='ocrx_word' id='word_1_302' title='bbox 431 5142 456 5205; x_wconf 77' lang='lat'>(⁸)</span> <span class='ocrx_word' id='word_1_303' title='bbox 474 5146 529 5203; x_wconf 82' lang='grc'><strong>117,</strong></span> <span class='ocrx_word' id='word_1_304' title='bbox 545 5154 572 5191; x_wconf 82' lang='lat' dir='ltr'>se</span> <span class='ocrx_word' id='word_1_305' title='bbox 588 5142 719 5205; x_wconf 65' lang='lat' dir='ltr'>momodo</span> <span class='ocrx_word' id='word_1_306' title='bbox 735 5142 882 5193; x_wconf 69' lang='lat' dir='ltr'>semineus.</span> 
     </span>
    </p>
   </div>
   <div class='ocr_carea' id='block_1_4' title="bbox 0 0 2294 6836">
    <p class='ocr_par' dir='ltr' id='par_1_5' title="bbox 0 0 2294 6836">
     <span class='ocr_line' id='line_1_36' title="bbox 0 0 2294 6836; baseline 0 0"><span class='ocrx_word' id='word_1_307' title='bbox 0 0 2294 6836; x_wconf 95' lang='lat' dir='ltr'> </span> 
     </span>
    </p>
   </div>
  </div>
 </body>
</html>
