4542 6842
752 864 758 902 i

740 924 879 1018 c'aurus
903 964 1060 1019 orciuos
1085 962 1228 1018 narnus.
1267 993 1271 998 -
1495 948 1567 1016 319

394 1095 449 1187 ea.
468 1112 553 1187 tdeo
571 1111 628 1185 bic
646 1110 795 1183 damnat
812 1109 1008 1204 superbam
1027 1110 1184 1206 gloriam
1208 1115 1245 1183 et
1270 1108 1414 1203 merito,
1434 1100 1567 1201 quiad)

395 1233 453 1308 bic
481 1231 593 1307 tendit
619 1231 663 1305 ad
689 1230 951 1326 poenitentiam.
966 1234 1072 1303 -Et
1094 1233 1140 1302 io.
1167 1229 1232 1303 Hic
1249 1234 1355 1323 poeta
1374 1228 1498 1301 laudat
1514 1226 1570 1301 di-

394 1359 495 1427 ctum
521 1350 688 1444 onerist,
713 1355 750 1425 et
776 1349 863 1444 petit
888 1349 935 1424 de
958 1348 1131 1445 predicto
1157 1348 1297 1443 spiritu,
1324 1348 1466 1423 dicens:
1484 1354 1517 1420 et
1534 1350 1570 1419 to

395 1496 419 1547 o
444 1476 503 1564 lui,
530 1472 670 1566 supple,
695 1469 768 1543 dixi
801 1470 849 1543 iili
874 1469 1059 1544 odorisio:
1082 1476 1141 1543 tuo
1166 1491 1228 1543 ver
1258 1472 1316 1543 dir
1347 1457 1569 1558 m'iucuoro,

396 1592 498 1686 idest,
529 1591 630 1687 ponit
661 1589 747 1663 mibi
778 1590 814 1663 in
844 1590 966 1683 corde,
997 1589 1113 1663 buono
1143 1579 1335 1680 umilitd‚e
1368 1590 1571 1681 m'uppiom

395 1734 490 1805 prun
515 1720 643 1801 tumor,
675 1711 776 1804 idest,
808 1709 951 1805 mitigas
981 1710 1018 1783 in
1053 1730 1114 1785 me
1141 1731 1312 1805 magnam
1346 1709 1568 1783 inflationem

396 1837 558 1907 ventosae
583 1831 721 1929 gloriar.
748 1830 825 1903 Hoc
849 1829 944 1923 dicit,
972 1830 1058 1923 qnia
1086 1830 1162 1925 ipse
1186 1829 1383 1923 aliquando
1409 1831 1568 1903 muttum

396 1952 534 2027 amavit
559 1951 736 2049 gloriam3
763 1956 800 2024 et
826 1949 933 2043 petit:
959 1971 1018 2023 mu
1043 1952 1098 2023 cti
1121 1947 1143 2023 e*
1165 1954 1256 2024 colui
1280 1953 1396 2023 dicut
1421 1958 1456 2024 tu
1477 1972 1571 2043 por-

398 2074 469 2147 tuor'
485 2078 579 2146 ora?
604 2072 706 2165 idest,
728 2071 788 2145 ilie
812 2070 974 2145 famosus
997 2077 1133 2165 tuscus,
1152 2070 1199 2145 de
1216 2092 1290 2165 qno
1317 2071 1463 2146 dicebas
1480 2070 1568 2145 mibi

398 2197 522 2268 nunc?
539 2193 583 2265 Et
599 2191 700 2287 ponit
726 2190 999 2285 responsionem
1021 2190 1173 2264 Odorisii
1192 2190 1255 2284 qui
1277 2191 1483 2265 manifestat
1503 2212 1570 2266 uo-

398 2332 483 2387 men
508 2318 545 2386 et
570 2312 715 2405 culpam
742 2310 835 2384 iliius
862 2309 1027 2405 spiritus3
1048 2310 1144 2384 unde
1165 2309 1267 2383 dicit:
1289 2313 1416 2403 puepb',
1434 2310 1570 2385 scilieet

397 2432 593 2527 odorisius,
618 2436 770 2524 rbpose:
788 2436 1000 2503 Prooeuzou
1017 2433 1164 2503 Sutnant
1180 2428 1201 2503 ἐ
1215 2434 1286 2521 qui,
1309 2430 1344 2503 in
1371 2431 1437 2504 ista
1463 2430 1567 2528 gravi

397 2574 524 2649 poena3
552 2558 589 2626 et
615 2570 701 2626 occe
727 2570 890 2643 causam,
917 2542 1007 2643 perd
1032 2551 1092 2622 cte
1114 2554 1155 2643 su
1184 2557 1430 2642 presuutuoso,
1454 2557 1571 2625 teme·

399 2674 486 2747 ritas
513 2678 567 2747 est
595 2694 667 2747 una
692 2672 739 2746 de
770 2672 913 2745 filiabus
948 2670 1140 2766 superbiae,
1167 2692 1191 2743 o
1215 2692 1321 2743 recor
1351 2675 1457 2744 Stena
1486 2678 1571 2746 tutto

400 2796 468 2868 otte
487 2814 547 2866 sue
568 2794 677 2884 moui,
695 2792 797 2885 idest,
814 2791 860 2865 ad
879 2790 1130 2865 reducendum
1155 2796 1269 2864 totam
1288 2790 1442 2886 patriam
1463 2814 1568 2866 suam

401 2915 438 2988 in
465 2934 569 2987 snam
598 2917 834 3008 potestatem:
861 2910 929 2984 suit
954 2910 1051 2985 euim
1070 2910 1232 2985 senensis
1247 2910 1429 3007 gloriosus
1448 2917 1486 2987 et
1506 2933 1574 2986 va-

399 3056 480 3109 nno.
507 3036 551 3108 Et
576 3032 690 3129 tangit
714 3031 989 3105 diuturnitatem
1016 3051 1133 3126 poenae
1155 3032 1251 3106 ultra
1267 3032 1499 3129 gravitatem,
1517 3032 1574 3106 di·

400 3176 510 3230 ceus:
536 3157 583 3228 ito
617 3146 638 3227 e*
668 3144 783 3225 cosio
814 3173 860 3224 oo
884 3172 993 3224 senza
1026 3154 1147 3244 riposo
1177 3156 1240 3245 pot
1276 3156 1335 3226 cte
1365 3146 1470 3246 mori,
1492 3154 1571 3249 jam

400 3274 526 3371 viginti
551 3293 683 3347 novem
710 3271 834 3365 annis;
860 3278 897 3344 et
921 3271 1077 3346 ostendit
1101 3272 1200 3365 quod
1224 3293 1332 3368 poeua
1355 3294 1574 3369 correspon-

401 3396 461 3470 det
494 3396 622 3489 cntpae,
656 3392 803 3467 dicens:
829 3394 883 3464 obt
907 3387 928 3465 e*
952 3398 1077 3484 troppo
1109 3413 1184 3481 oso,
1211 3392 1314 3486 idest,
1345 3393 1574 3487 quicumque

400 3521 455 3591 est
481 3514 588 3588 nimis
613 3511 746 3606 andan,
783 3511 868 3604 quia
904 3512 1096 3606 superbire
1128 3517 1286 3585 nonest
1317 3512 1429 3607 alind,
1460 3536 1573 3607 quam

400 3656 511 3731 super
537 3634 626 3709 alios
651 3634 745 3707 veile
763 3632 830 3726 ire,
848 3636 886 3706 di
901 3623 950 3723 td,
972 3631 1118 3726 scilicet,
1136 3632 1173 3704 in
1200 3632 1338 3707 mundo
1361 3634 1575 3729 viventium,

400 3758 509 3829 rende
533 3755 626 3827 ootut
649 3760 799 3843 moneta,
834 3751 934 3845 idest,
968 3751 1035 3826 luit
1065 3772 1212 3846 poenam
1244 3757 1320 3826 tarn
1359 3754 1576 3851 dignamur

401 3880 570 3971 sodissnr,
596 3874 698 3967 idest,
715 3874 761 3947 ad
787 3872 1080 3947 satisfaciendum
1100 3872 1231 3946 divinae
1243 3874 1514 3969 institim—Et
1527 3882 1573 3951 io.

402 3997 467 4071 Hic
492 4000 598 4091 poeta
624 3999 750 4067 movet
775 4014 887 4067 unam
906 3992 1168 4068 dubitationem
1187 3993 1283 4068 circa
1305 3996 1441 4069 dietum
1470 3997 1577 4093 spiri·

401 4123 495 4209 tum,
521 4118 558 4189 et
583 4114 744 4187 breviter
769 4113 857 4208 petit
882 4112 1068 4206 quomodo
1088 4113 1156 4186 iste
1180 4116 1390 4209 pervenerit
1415 4115 1461 4189 ad
1487 4138 1577 4211 pur-

403 4234 600 4333 gatorium,
618 4233 683 4327 qui
699 4232 850 4307 deberet
868 4253 948 4307 esse
974 4237 1090 4328 extra,
1112 4232 1199 4328 quia
1218 4234 1374 4308 tardavit
1395 4235 1577 4331 poeniten·

403 4356 490 4429 tiam
519 4372 637 4448 usque
662 4353 709 4427 ad
734 4358 903 4428 mortem.
932 4352 1034 4427 Unde
1060 4360 1229 4449 repetens
1254 4354 1353 4450 illud,
1375 4357 1473 4451 qnod
1494 4358 1573 4453 jam

403 4476 535 4549 totiens
561 4474 699 4549 dictum
726 4480 791 4568 est,
817 4473 925 4547 dicit:
952 4481 985 4547 et
1007 4478 1055 4565 to,
1082 4477 1210 4570 supple
1234 4475 1308 4549 dixi
1333 4477 1515 4552 Odorisio:
1540 4500 1578 4553 se

406 4598 517 4689 quello
552 4597 674 4687 spirito
709 4596 762 4667 cb'
775 4596 923 4685 attende,
960 4592 1064 4688 idest,
1097 4601 1276 4691 expectat,
1311 4599 1438 4688 t’orto,
1473 4597 1576 4694 idest,

406 4715 691 4805 extremitatem,
724 4717 816 4788 detto
855 4717 925 4787 otto
953 4717 1041 4807 prio
1071 4717 1131 4789 cde
1166 4718 1344 4809 siponto,
1370 4720 1510 4791 dimora
1542 4708 1579 4793 ld

404 4830 477 4929 piri,
505 4836 601 4910 inter
626 4835 716 4909 atios
743 4835 934 4931 relegatos,
960 4856 979 4908 e
1002 4856 1074 4907 nou
1103 4839 1252 4909 ascende
1271 4832 1411 4932 quassu,
1445 4838 1492 4912 ad
1514 4858 1578 4913 ve-

469 5103 498 5165 t't
513 5102 543 5153 E.
559 5102 619 5167 quta
636 5104 686 5154 boc
703 5104 793 5155 tendit.
