4542 6842
707 970 784 1041 216
1065 984 1268 1041 conburunt
1293 983 1515 1041 runosrunn

706 1130 839 1205 bebat:
865 1128 1036 1204 describit
1062 1150 1153 1226 ergo
1178 1149 1354 1204 auroram
1373 1130 1470 1203 iunae
1486 1128 1639 1225 poetice,
1660 1127 1803 1204 dicens:
1827 1135 1879 1204 Lu

705 1250 897 1323 cmmdtoa
921 1253 958 1323 di
988 1254 1104 1323 Titone
1128 1252 1254 1323 antico
1279 1249 1350 1325 Sed
1375 1249 1527 1323 adverte
1552 1249 1651 1342 quod
1677 1248 1744 1325 ista
1771 1250 1876 1326 litera

706 1368 851 1446 videtur
877 1372 1035 1445 muitum
1062 1370 1216 1445 ditiiciiis
1240 1375 1278 1445 et
1301 1368 1519 1463 dubitabriis‚
1538 1369 1629 1463 quia
1641 1377 1749 1465 poeta
1775 1371 1878 1447 vide-

707 1496 767 1564 tur
792 1490 915 1566 dicere
942 1511 1059 1564 unum
1085 1491 1184 1585 quod
1208 1510 1417 1584 numquam
1432 1488 1500 1563 iuit
1515 1488 1653 1564 dictum
1672 1492 1731 1565 vei
1749 1490 1875 1566 iictum

705 1633 771 1709 per
796 1613 909 1688 alium
935 1618 1095 1708 poetam,
1115 1610 1251 1687 sciticet
1271 1610 1370 1706 quod
1386 1632 1523 1686 aurora
1545 1610 1643 1685 iunae
1668 1611 1713 1686 sit
1738 1632 1877 1687 concu-

705 1732 789 1809 bina
814 1734 972 1827 Titonis;
999 1733 1081 1807 ideo
1106 1731 1219 1827 aliqui
1245 1733 1418 1807 dixerunt
1443 1732 1540 1827 quod
1569 1739 1679 1807 autor
1704 1733 1876 1807 describit

705 1853 763 1929 bic
788 1874 964 1928 auroram
989 1852 1085 1947 solis,
1111 1852 1175 1927 sed
1201 1854 1270 1927 boc
1295 1859 1351 1925 est
1376 1852 1508 1926 iaisum
1539 1858 1576 1927 et
1601 1851 1821 1947 impossibiie
1844 1853 1874 1925 si

704 1974 787 2069 quis
811 1974 906 2049 bene
930 1973 1135 2049 consideret
1158 1972 1301 2047 iiteram
1319 1972 1438 2046 istam.
1457 1972 1545 2056 Dico
1562 1992 1652 2069 ergo
1670 1972 1770 2066 quod
1787 1973 1875 2047 sim·

704 2093 844 2188 pliciter
860 2093 1031 2167 describit
1046 2113 1222 2169 auroram
1241 2092 1353 2185 iunae3
1371 2091 1436 2167 sed
1452 2112 1540 2166 cum
1554 2099 1662 2167 vocat
1679 2090 1763 2167 eam
1785 2114 1875 2167 con-

703 2213 874 2289 cubinam
900 2213 1045 2307 ibonis,
1072 2212 1153 2287 dico
1183 2218 1220 2287 et
1250 2212 1372 2306 credo,
1405 2212 1504 2306 quod
1535 2218 1641 2307 poeta
1673 2219 1798 2287 noster
1829 2211 1877 2287 de

703 2353 799 2409 novo
817 2336 886 2409 boc
904 2332 1017 2431 fingit,
1035 2332 1129 2407 sicut
1149 2354 1257 2428 saepe,
1275 2333 1350 2406 imo
1367 2332 1472 2427 quasi
1490 2352 1637 2427 semper
1656 2332 1744 2407 iacit
1760 2354 1874 2409 novas

702 2454 864 2531 fictiones
884 2456 921 2528 in
938 2454 1038 2529 omni
1057 2453 1221 2529 materia.
1243 2450 1494 2529 considerant
1509 2452 1608 2527 enim
1628 2454 1730 2548 qued
1745 2474 1877 2530 omnes

702 2582 820 2671 poetae
845 2575 931 2649 dant
956 2593 1132 2649 auroram
1160 2572 1245 2648 sotis
1269 2573 1306 2647 in
1333 2593 1488 2649 uxorem
1521 2571 1662 2668 titoni3
1688 2572 1771 2649 ideo
1797 2574 1874 2671 ipse

701 2695 763 2770 dat
787 2696 835 2769 iiii
861 2694 1031 2789 amicam,
1056 2694 1192 2769 scilicet
1216 2713 1392 2769 auroram
1423 2694 1533 2787 lune,
1559 2694 1645 2788 quia
1676 2715 1773 2769 uror
1802 2701 1875 2771 stat

589 2856 594 2867 ·
701 2828 815 2913 prope
846 2816 981 2909 virum,
1005 2813 1144 2891 amasia
1173 2834 1263 2890 vero
1293 2835 1316 2889 a
1346 2812 1466 2910 ionga.
1500 2811 1586 2887 tuit
1614 2834 1706 2913 argu
1737 2814 1872 2911 dicere,

701 2936 801 3031 quod
826 2941 906 3011 erat
930 2934 1037 3010 tertia
1063 2936 1153 3009 bora
1179 2934 1294 3009 noetis
1318 2932 1460 3028 primm,
1486 2930 1572 3028 quia
1603 2954 1741 3008 aurora
1772 2935 1877 3009 iunae

695 3058 773 3154 jam
801 3056 986 3155 surgebat,
1012 3076 1096 3150 quae
1122 3061 1177 3131 est
1202 3054 1407 3129 concubina
1435 3052 1581 3128 Titonis.
1608 3054 1662 3128 Ad
1688 3054 1794 3129 cuius
1815 3054 1876 3129 in·

701 3176 937 3273 teiligentiam
965 3177 1076 3251 debes
1101 3175 1207 3270 scire,
1233 3174 1333 3269 quod
1357 3174 1461 3249 iiton
1493 3174 1589 3247 titius
1614 3174 1871 3250 Laomedontis

700 3298 797 3395 regis
824 3297 953 3373 troiani
985 3318 1058 3371 non
1085 3297 1184 3393 jure,
1210 3296 1274 3371 sed
1305 3295 1446 3370 viribus
1477 3302 1516 3369 et
1546 3294 1683 3370 auxilio
1714 3296 1873 3370 fortunar

698 3415 890 3513 acquisivit
915 3424 1053 3492 certam
1082 3424 1219 3492 terram
1246 3416 1284 3490 in
1309 3421 1479 3490 extremo
1498 3412 1659 3509 orientis,
1677 3414 1783 3489 cuius
1803 3416 1877 3491 iuit

699 3557 784 3611 rer:
811 3536 894 3612 ideo
913 3542 1030 3632 poetae
1056 3536 1245 3611 tinxerunt
1267 3534 1372 3631 quod
1383 3534 1488 3609 'liton
1511 3542 1606 3609 esset
1623 3536 1779 3610 maritus
1797 3537 1873 3612 Au·

698 3678 806 3749 rorae,
831 3657 917 3751 quia
943 3656 1070 3731 babuit
1099 3657 1376 3750 tenremonde
1407 3655 1507 3731 venit
1537 3676 1714 3730 aumram
1747 3658 1878 3733 subic-

697 3783 793 3851 otam
820 3776 898 3871 sibi,
925 3774 1019 3850 sicut
1044 3776 1100 3850 vir
1126 3776 1237 3852 babet
1262 3796 1432 3871 uxorem,
1457 3782 1494 3850 et
1519 3797 1567 3851 ex
1593 3797 1637 3851 ca
1662 3778 1872 3873 procrearit

697 3896 812 3971 iillum
832 3896 982 3971 nomine
998 3898 1241 3991 Memnonem,
1260 3897 1324 3991 qui
1341 3898 1380 3969 in
1403 3896 1582 3972 auxilium
1610 3897 1706 3993 regis
1732 3898 1867 3973 Priami

685 4018 796 4093 ¹venit
820 4016 865 4092 ad
891 4016 1036 4092 Troiam
1063 4018 1154 4091 dum
1178 4016 1410 4092 obsideretur
1439 4037 1462 4092 a
1492 4017 1633 4114 graus,
1661 4028 1698 4091 et
1728 4017 1795 4091 ibit
1819 4018 1869 4092 ibi

694 4136 863 4213 bellando
897 4144 1121 4238 peremptus,
1149 4138 1242 4211 sicut
1266 4137 1391 4211 scribit
1422 4136 1603 4234 Virgilius.
1638 4136 1732 4212 bicit
1764 4158 1871 4236 ergo,

695 4258 794 4353 quod
819 4258 1022 4333 concubina
1048 4257 1184 4333 Timnis
1207 4256 1359 4351 antiqui,
1387 4256 1481 4332 idest
1502 4278 1639 4333 aurora
1666 4259 1775 4353 tunae,
1806 4248 1874 4351 pu

597 4416 599 4420 ·
692 4378 972 4467 s'imbiurwuuo,
997 4378 1100 4473 idest,
1127 4376 1303 4475 surgebat
1317 4368 1354 4471 (¹)
1379 4384 1418 4453 et
1441 4377 1642 4473 apparebat
1666 4379 1760 4471 alba,
1779 4377 1866 4473 quia

693 4518 830 4573 aurora
849 4498 944 4571 iunae
963 4504 1017 4573 est
1034 4498 1128 4593 alba,
1148 4496 1210 4572 ubi
1227 4517 1364 4572 aurora
1381 4497 1466 4572 solis
1483 4504 1539 4573 est
1560 4496 1689 4591 rubea,
1707 4501 1746 4570 ot
1760 4498 1867 4571 boizo

694 4620 884 4710 dommo,
910 4618 1013 4713 idest,
1037 4638 1060 4693 a
1087 4618 1244 4693 ieuestra
1271 4616 1433 4711 orientis,
1459 4616 1553 4692 sieut
1578 4616 1712 4692 muiier
1735 4619 1863 4712 puicra

693 4738 776 4814 alba
801 4758 957 4835 surgens
982 4737 1028 4813 de
1054 4737 1149 4813 iectu
1175 4736 1258 4811 iacit
1283 4758 1324 4813 se
1348 4737 1396 4812 ad
1417 4736 1636 4831 fenestram3
1656 4736 1737 4812 ideo
1758 4734 1873 4813 uicit:

689 4862 777 4953 sutor
801 4860 888 4933 delle
913 4860 1068 4951 boemo,
1087 4858 1173 4954 quia
1201 4858 1348 4934 videtur
1365 4858 1526 4955 iacuisse
1550 4860 1588 4933 in
1612 4860 1774 4934 thaiamo
1794 4880 1864 4933 au·

754 5114 783 5179 (¹)
801 5120 854 5177 tit,
868 5117 923 5181 iarn
938 5118 1068 5183 turpabat.
