4542 6842
734 939 874 996 caurus
900 939 1059 996 nunnus
1084 939 1247 994 ursanus.
1505 928 1577 999 355

402 1095 537 1166 rerunt
561 1087 621 1180 ibi,
648 1094 686 1162 et
711 1085 777 1161 luit
802 1085 890 1160 illud
917 1087 1074 1161 verbum
1093 1083 1193 1180 quud
1217 1084 1309 1162 dixit
1333 1085 1441 1160 beata
1471 1086 1576 1184 virge

401 1207 438 1284 iu
468 1207 602 1302 nuptiis
635 1205 793 1282 Galilaeae
813 1227 898 1281 eum
924 1205 1097 1282 deficeret
1123 1205 1250 1279 vinum
1277 1205 1556 1281 convivantibus
1563 1231 1575 1306 5

400 1327 486 1403 dicit
511 1347 618 1424 ergo:
645 1331 697 1400 La
718 1329 839 1420 pttma
863 1347 946 1400 uoce
969 1329 1030 1400 tlte
1048 1317 1160 1420 parad
1185 1327 1351 1416 volando,
1377 1346 1452 1400 nou
1470 1326 1576 1424 iutel-

401 1446 492 1544 ligas
512 1447 617 1544 ‚quud
643 1446 701 1522 hic
726 1453 821 1540 esset
846 1446 994 1542 spiritus
1021 1444 1128 1520 realis
1158 1445 1222 1539 qui
1253 1446 1481 1542 loqueretur,
1511 1445 1576 1522 sed

402 1565 549 1662 spiritus
576 1567 709 1657 vocalis
735 1566 894 1642 insonuit
918 1565 1073 1660 auribus
1099 1563 1232 1639 mentis
1257 1585 1346 1658 suae,
1367 1569 1459 1640 dure
1482 1571 1575 1641 altc-

402 1693 524 1778 mente,
552 1694 594 1761 ut
626 1687 722 1762 hene
746 1687 959 1786 perveniret
987 1684 1034 1759 ad
1062 1683 1230 1760 auditum
1256 1685 1420 1758 autoris:
1455 1690 1576 1760 Vinum

402 1826 473 1880 aon
497 1800 653 1900 ludud5'
681 1813 719 1881 et
745 1813 786 1878 ut
816 1805 911 1880 bene
943 1804 1221 1900 imprimeretur
1256 1805 1368 1879 menti
1398 1805 1479 1881 eius
1508 1807 1577 1880 ista

402 1927 551 2022 optima,
564 1947 649 2020 ven,
674 1926 815 2002 dicitze
840 1917 971 1999 l'andd
997 1927 1212 2016 reiterando,
1238 1925 1342 2020 idest,
1365 1926 1575 2022 repetendo,

401 2048 513 2122 dietro
537 2068 562 2120 α
586 2049 648 2119 not
657 2072 671 2138 ;
697 2045 783 2141 quia
801 2045 901 2120 euim
919 2065 991 2120 vox
1009 2043 1181 2120 veniebat
1196 2065 1326 2119 versus
1343 2053 1489 2142 poetam
1509 2068 1577 2122 vu-

401 2166 509 2242 laudu
534 2164 774 2258 velocissime,
799 2170 836 2242 et
861 2165 938 2260 ipse
963 2165 1038 2238 ibat
1070 2163 1364 2260 prumptissime3
1390 2166 1472 2242 ideo
1503 2167 1575 2244 cite

402 2286 621 2362 transiverat
646 2305 734 2360 eurn
760 2292 798 2360 et
822 2285 1042 2360 audiebatur
1063 2291 1145 2380 post
1170 2292 1319 2382 tergum
1345 2287 1436 2361 eius.
1463 2287 1508 2360 Et
1533 2295 1576 2361 ut
1673 2305 1677 2310 ·

402 2406 524 2482 rideas
549 2414 731 2502 quantum
757 2405 826 2480 ista
852 2426 923 2480 vux
951 2405 1058 2480 iaciat
1074 2405 1122 2480 ad
1147 2405 1374 2501 propositum
1401 2407 1471 2502 hic,
1490 2415 1576 2482 neta

402 2526 500 2620 qued
515 2519 551 2619 (¹)
570 2526 683 2600 Maria
701 2546 774 2600 non
792 2525 887 2618 lecit,
905 2525 1000 2600 sicut
1016 2526 1264 2601 communiter
1282 2526 1420 2600 iaciunt
1443 2528 1576 2602 mulie-

403 2647 524 2722 resin
550 2647 684 2742 nuptiis
710 2652 747 2722 et
771 2645 969 2740 conviviis;
996 2666 1080 2740 quae
1107 2645 1194 2739 quia
1224 2646 1331 2720 nimis
1357 2655 1484 2722 amant
1508 2649 1577 2724 lie·

403 2787 532 2842 uorem
559 2766 716 2862 prepriae
733 2765 957 2840 excellentiae
974 2764 1171 2840 liventibus
1187 2765 1303 2840 oculis
1325 2767 1523 2862 respiciunt
1537 2759 1574 2860 (²)

402 2885 685 2982 pulcritudinem
717 2891 957 2961 stornatum
988 2885 1167 2980 aliarum3
1202 2893 1239 2961 et
1272 2907 1319 2961 en
1349 2887 1482 2962 invidia
1511 2887 1578 2962 de·

402 3007 553 3080 trahunt
578 3005 802 3080 excelleutiae
827 3005 997 3100 aliarum,
1023 3005 1109 3099 quia
1137 3007 1265 3101 vulpes
1290 3014 1392 3082 amat
1417 3007 1576 3104 fraudes,

402 3125 511 3220 lupus
536 3145 687 3222 agnum,
706 3124 854 3199 loemiua
873 3124 1020 3220 laudes3
1038 3125 1101 3200 sed
1120 3125 1199 3202 haec
1216 3127 1293 3201 sola
1311 3127 1576 3222 perfectissima

403 3244 536 3320 mulier
561 3265 646 3340 quae
677 3244 833 3320 redemit
866 3244 1026 3320 dedecus
1059 3244 1296 3320 loeminarum
1331 3256 1405 3320 uun
1437 3247 1577 3321 notarit

402 3365 525 3439 cultus
539 3362 673 3458 quibus
685 3363 875 3458 invideret,
890 3364 954 3438 sed
967 3364 1244 3439 incommedum
1258 3366 1500 3440 convivarum
1515 3367 1574 3441 cui

401 3504 591 3579 compassa
617 3491 684 3577 est,
710 3491 748 3559 et
772 3484 947 3560 continuo
972 3484 1158 3560 succurrit
1182 3486 1371 3560 caritative
1395 3508 1462 3582 per
1487 3509 1577 3562 rcu-

402 3606 558 3682 trarium
584 3603 738 3680 invidiae.
766 3606 846 3679 Neu
870 3625 962 3702 ergo
987 3605 1172 3680 tristatum
1192 3613 1250 3681 est
1269 3627 1334 3681 cur
1359 3608 1438 3681 eius
1464 3628 1576 3702 super

402 3725 595 3801 festivitate
612 3725 775 3822 nuptiali,
791 3725 856 3800 sed
874 3726 994 3821 potius
1011 3726 1206 3802 laetificavit
1223 3747 1289 3802 eor
1305 3729 1473 3802 emnium
1491 3730 1577 3804 vino

402 3849 540 3944 optimo
565 3847 732 3922 omnium
759 3847 944 3924 vinorum.
958 3852 1053 3921 -Ε
1070 3851 1204 3942 prima.
1225 3848 1290 3923 llic
1310 3857 1419 3945 poeta
1439 3850 1578 3926 descri-

404 3968 456 4042 bit
486 3967 685 4043 seeuudam
721 3987 850 4042 vocem
886 3987 1000 4062 quarn
1031 3967 1116 4043 dicit
1145 3968 1256 4048 luisse
1286 3968 1432 4044 Orestis.
1463 3971 1506 4044 Et
1530 3969 1578 4044 ad

403 4086 677 4182 intelligentiam
703 4085 808 4164 istius
833 4086 960 4182 literae,
979 4108 1063 4182 quae
1080 4087 1227 4162 ridetur
1253 4089 1359 4164 valde
1382 4089 1506 4184 dubia,
1524 4097 1579 4166 est

404 4206 593 4281 sciendum
620 4206 719 4302 quud
744 4207 857 4302 aliqui
887 4207 1013 4282 dieunt
1036 4207 1095 4282 hic
1121 4208 1221 4301 quud
1246 4208 1392 4284 Orestes
1425 4209 1493 4284 luit
1521 4210 1579 4286 in·

405 4326 520 4422 vidus,
546 4327 610 4402 sed
636 4327 758 4403 nescio
785 4327 910 4404 videre
935 4328 1016 4402 eius
1040 4327 1237 4422 invidiam3
1263 4334 1301 4402 et
1332 4327 1449 4424 positu
1479 4329 1580 4424 quod

403 4448 529 4523 luisset
554 4448 710 4543 inviduS,
737 4469 810 4524 non
835 4448 983 4544 ponitur
1008 4448 1067 4524 hic
1092 4469 1166 4524 vex
1191 4449 1273 4524 eius
1296 4454 1485 4544 tamquam
1505 4451 1579 4545 spi-

403 4567 496 4642 ritus
526 4568 649 4664 invidi,
685 4575 765 4644 tum
796 4569 895 4664 quia,
922 4569 1068 4664 utiam
1100 4568 1240 4644 dictum
1272 4579 1338 4664 est,
1365 4569 1443 4647 ista
1468 4592 1578 4648 voces

297 4749 300 4757 .
358 4771 365 4780 p
404 4687 606 4764 invitabant
635 4690 682 4764 ad
716 4709 884 4766 amorem
918 4689 1090 4786 caritatis,
1117 4696 1198 4764 tum
1232 4690 1331 4785 quia,
1364 4696 1405 4763 ut
1436 4691 1579 4768 dicetur
1623 4695 1626 4700 ’
1676 4689 1681 4698 ’

406 4809 515 4903 paulu
540 4815 632 4905 pust,
658 4809 704 4885 de
729 4809 845 4886 lraeuo
876 4809 1019 4885 iuvidiae
1046 4815 1226 4886 tractatur
1255 4810 1292 4884 in
1319 4811 1487 4904 sequenti
1516 4832 1579 4887 ca·

467 4993 496 5058 (¹)
512 4995 543 5046 n.
559 4996 629 5060 quod
645 4996 725 5061 Virgo
741 4997 825 5049 Marta
841 4997 1024 5060 pretiosissima
1040 5009 1092 5048 non
1109 4997 1171 5048 iacit
1187 4998 1254 5048 deut
1271 4997 1369 5048 radunt
1385 4996 1516 5048 mulieres

467 5073 496 5136 (¹)
512 5073 542 5122 E.
559 5073 727 5137 prospiciunt.
1524 5091 1527 5096 ·
