4542 6842
763 933 833 1001 51⁰
1121 942 1327 1001 uouuuruu
1349 942 1574 999 runcarouu

759 1089 907 1185 diebus3
934 1088 1042 1165 unde.
1057 1095 1179 1165 morte
1208 1095 1417 1186 praeventus
1450 1108 1519 1163 uec
1547 1086 1717 1162 sacerdos
1742 1084 1937 1161 ordinatus

723 1206 728 1216 '
761 1216 827 1285 est.
853 1210 945 1285 Dicit
971 1230 1062 1305 ergo
1085 1209 1285 1283 Adrianus:
1308 1214 1385 1283 vno
1400 1212 1561 1303 flamm
1586 1209 1690 1299 dello,
1715 1207 1768 1281 sic
1791 1206 1886 1283 dicta
1914 1226 1940 1281 a

762 1329 913 1405 tlumine
941 1330 1125 1425 Lavagna,
1157 1332 1333 1422 cadmo,
1365 1328 1468 1423 idest,
1502 1328 1696 1419 evallatur,
1728 1346 1795 1401 seu
1826 1325 1940 1401 abas-

760 1454 874 1543 satur,
901 1451 998 1523 inno
1024 1450 1146 1522 Sicstro‘
1169 1470 1188 1523 c
1215 1452 1387 1541 Cliuocri,
1413 1468 1499 1543 quae
1527 1455 1614 1521 suut
1637 1448 1723 1521 duae
1747 1451 1858 1520 terrae
1883 1445 1940 1519 ri-

759 1569 870 1666 periae
891 1569 1100 1665 januensis;
1132 1572 1166 1642 to
1199 1572 1274 1643 titol
1301 1572 1360 1644 det
1389 1573 1459 1643 mio
1487 1590 1633 1661 somne,
1659 1567 1763 1662 idest,
1788 1566 1942 1641 illorum

759 1690 807 1767 de
831 1690 958 1785 Flisco,
981 1694 1023 1785 [a
1047 1712 1113 1763 sno
1139 1693 1243 1783 nmo,
1268 1690 1373 1785 idest,
1389 1690 1530 1786 apicem
1556 1688 1635 1763 sive
1659 1689 1807 1762 culmen
1831 1688 1941 1763 uobi-

760 1810 868 1885 litatis
894 1817 932 1886 et
955 1810 1126 1905 potentiae
1152 1831 1308 1907 magnae,
1329 1834 1348 1884 e
1371 1812 1430 1883 del
1450 1832 1515 1883 suo
1540 1809 1774 1903 comesque
1800 1807 1942 1883 scilicet

760 1930 843 2006 dicti
871 1930 1009 2005 nobiles
1035 1937 1216 2005 vocantur
1240 1929 1393 2006 comites
1418 1929 1465 2005 de
1489 1931 1672 2026 lavagno,
1698 1948 1766 2002 seu
1794 1926 1842 2003 de
1863 1929 1941 2001 Lo-

762 2071 893 2147 vagno.
922 2049 977 2125 lle
1001 2072 1164 2145 quorum
1189 2072 1330 2148 genere
1354 2051 1506 2125 luerunt
1531 2048 1637 2123 multi
1666 2048 1733 2122 riri
1760 2048 1941 2142 valentes,

760 2170 943 2266 precipue
960 2170 1054 2274 alius
1071 2192 1177 2267 papa,
1187 2172 1252 2267 qui
1269 2171 1387 2248 dictus
1404 2177 1460 2247 est
1471 2170 1702 2245 Innocentius
1714 2191 1808 2267 papa
1820 2171 1866 2244 lll
1879 2171 1941 2244 vir

760 2289 910 2383 quidem
936 2290 1165 2388 magnificus,
1191 2298 1229 2365 et
1253 2291 1462 2367 destructor
1477 2290 1652 2365 Friderici
1671 2292 1714 2385 ΙΙ,
1735 2296 1772 2365 et
1791 2290 1943 2365 scienti-

760 2409 851 2484 ficus
876 2411 915 2484 in
940 2418 1103 2506 utroque
1123 2412 1212 2507 jure
1229 2420 1267 2487 et
1282 2432 1388 2487 saera
1405 2412 1598 2507 scriptura.
1624 2412 1669 2485 Et
1693 2411 1942 2487 huiusluno-

761 2530 870 2604 centii
896 2529 964 2604 luit
988 2550 1101 2627 nepos
1127 2530 1196 2605 iste
1220 2530 1402 2606 Adrianus
1426 2552 1473 2607 ex
1498 2531 1630 2626 iratre3
1652 2531 1716 2626 qui
1736 2530 1812 2605 suis
1829 2532 1941 2607 exul-

761 2649 920 2723 tantibus
956 2650 1002 2724 de
1038 2651 1270 2746 promotione
1305 2672 1374 2735 sua
1412 2651 1524 2725 dixit:
1568 2655 1688 2726 Metius
1723 2658 1803 2725 erat
1840 2652 1940 2727 cocu

760 2770 888 2843 laone
920 2775 1138 2845 cardinalem
1170 2776 1299 2864 uuum,
1324 2791 1430 2864 quom
1451 2793 1586 2865 popam
1616 2778 1800 2845 mororum.
1816 2812 1865 2825 -
1881 2777 1940 2847 lin

761 2910 861 2963 ncesc.
879 2892 944 2967 llio
961 2892 1143 2967 Adrianus
1168 2891 1337 2985 ostendit,
1356 2891 1512 2985 qualiter
1539 2890 1682 2965 modica
1707 2890 1937 2986 experientia

761 3012 933 3107 cognovit
952 3013 1184 3108 importabile
1205 3012 1347 3108 pondus
1362 3012 1500 3108 papalis
1516 3012 1700 3110 dignitatis
1717 3012 1858 3087 dicens:
1880 3018 1937 3087 Uo

761 3150 852 3204 mese
875 3154 894 3207 c
916 3152 1006 3225 poco
1027 3128 1089 3225 ptri
1111 3136 1240 3225 prooo'
1265 3135 1300 3206 io
1325 3153 1421 3205 como
1442 3131 1565 3225 peso't
1586 3152 1684 3222 pren
1709 3140 1842 3225 muto,
1866 3154 1937 3229 per

762 3252 979 3327 mantellum
1006 3253 1102 3328 Petri
1129 3253 1192 3329 dat
1215 3251 1365 3349 intelligi
1382 3258 1568 3348 papatum,
1586 3259 1625 3327 et
1642 3253 1815 3348 maxime,
1833 3277 1859 3329 o
1881 3258 1939 3331 clii

761 3374 825 3445 dol
845 3374 959 3467 scopo
983 3378 1011 3448 il
1033 3377 1190 3466 pirardo,
1215 3374 1309 3449 sicut
1333 3394 1356 3445 a
1381 3372 1464 3447 labe
1488 3372 1663 3467 avaritie,
1688 3374 1799 3470 gulae,
1821 3382 1859 3451 et
1876 3376 1938 3451 lu-

764 3492 894 3589 xuriae,
913 3514 997 3588 quae
1014 3494 1153 3569 loedant
1170 3494 1326 3568 virtutes
1341 3512 1484 3587 omnes,
1505 3497 1548 3565 ut
1561 3493 1641 3587 jam
1667 3493 1806 3569 dictum
1824 3502 1880 3569 est
1897 3497 1937 3571 in

763 3610 882 3706 prima
903 3620 1017 3708 parte.
1044 3614 1088 3687 Et
1105 3613 1164 3687 hic
1183 3619 1280 3707 nota,
1299 3611 1398 3707 quod
1420 3632 1509 3686 vere
1525 3611 1751 3686 laboriosum
1768 3620 1825 3689 est
1839 3636 1937 3691 onus

761 3732 978 3828 pontificale,
997 3732 1026 3805 si
1052 3731 1185 3807 debeat
1210 3732 1306 3806 bene
1321 3730 1464 3806 servari
1481 3731 1775 3807 immaculatum.
1793 3734 1837 3810 Et
1854 3756 1938 3811 ma-

762 3850 818 3947 gis
836 3859 988 3949 experto
1009 3858 1153 3949 poterat
1171 3851 1325 3929 credere
1340 3851 1533 3946 Adrianus,
1550 3852 1687 3927 scilicet
1706 3856 1937 3935 sanctissimo

760 3990 864 4067 papae
889 3971 1068 4069 Gregorio
1081 3973 1107 4066 l,
1134 3972 1199 4065 qui
1224 3971 1261 4045 in
1282 3970 1407 4045 multis
1427 3971 1528 4047 libris
1544 3978 1582 4047 et
1598 3972 1685 4047 locis
1701 3974 1800 4049 dolet
1816 3987 1854 4053 et
1869 3976 1939 4053 de-

761 4092 881 4187 plorat
905 4090 1001 4165 istud
1026 4112 1255 4189 gravamen3
1280 4112 1327 4167 ex
1353 4111 1429 4185 quo
1453 4092 1610 4167 ostendit
1630 4094 1812 4169 sarcinam
1832 4096 1935 4171 illam

761 4210 869 4285 nimis
895 4212 1086 4287 molestam
1114 4232 1195 4287 esse
1218 4210 1401 4307 omnibus,
1419 4211 1483 4305 qui
1503 4213 1713 4288 custodiunt
1730 4214 1828 4289 illam
1846 4215 1937 4290 illce-

761 4352 853 4407 sam.
879 4332 964 4407 Ideo
989 4332 1084 4407 beue
1110 4331 1329 4407 Coeleslinus
1346 4330 1393 4405 IV
1410 4332 1515 4426 quasi
1537 4333 1727 4409 mortifero
1753 4333 1850 4411 lasce
1866 4333 1937 4412 de-

759 4452 889 4547 posito,
906 4473 993 4526 curn
1017 4451 1153 4549 gaudio
1179 4456 1217 4525 et
1241 4450 1364 4525 laetitia
1381 4450 1613 4530 solitudinem
1640 4455 1840 4549 repetebat,
1862 4454 1933 4531 nisi

759 4578 941 4647 retractus
965 4572 1093 4647 luisset
1117 4591 1232 4666 opera
1262 4570 1457 4666 Bonilacii3
1483 4583 1522 4649 et
1552 4583 1676 4649 tamen
1707 4574 1745 4647 iu
1770 4574 1833 4648 illo
1855 4574 1933 4671 pri·

760 4698 845 4767 vato
870 4712 1022 4767 carcere
1047 4698 1172 4767 sancte
1197 4688 1297 4785 vixit,
1315 4699 1352 4766 et
1376 4691 1538 4766 animam
1565 4692 1718 4768 feliciter
1743 4694 1820 4768 Deo
1845 4694 1934 4769 red-

761 4809 863 4905 didit3
881 4811 945 4887 ubi
965 4812 1174 4887 Bonilacius
1194 4810 1385 4885 infeliciter
1402 4818 1440 4885 et
1459 4811 1651 4906 desperate
1671 4812 1783 4887 vitam
1805 4813 1931 4889 linivit

759 4931 803 5007 Ec
826 4930 1021 5008 confirmat
1045 4932 1184 5008 dictum
1210 4952 1322 5006 suum
1349 4950 1415 5025 per
1441 4932 1753 5028 comparationem
1781 4935 1936 5029 claram,

761 5049 909 5127 diceris:
946 5052 1006 5125 clio
1039 5072 1118 5125 men
1151 5054 1201 5125 nri
1226 5050 1392 5125 cembron
1420 5059 1500 5127 tutte
1536 5056 1559 5127 t'
1571 5057 1661 5127 ultre
1690 5076 1800 5147 sonu,
1830 5055 1935 5151 idest,
