4542 6842
813 978 951 1035 esurus
974 980 1142 1048 ournrus.
1490 970 1558 1037 157
1694 994 1701 1015 ν
1835 953 1840 961 '

384 1121 573 1198 sciendum
600 1128 726 1198 autem
752 1124 834 1218 quis
858 1122 970 1199 inerit
994 1124 1063 1199 iste
1087 1124 1246 1220 spirituo,
1264 1130 1302 1200 ει
1320 1126 1429 1219 unde,
1447 1126 1559 1201 debes

257 1295 264 1309 .
385 1242 491 1339 scire,
518 1243 618 1338 quod
643 1244 744 1318 Mons
769 1245 943 1319 Feretrus
963 1250 1017 1319 εει
1035 1244 1203 1339 quaedam
1230 1253 1397 1322 contrata
1423 1247 1460 1320 in
1485 1247 1560 1321 Ro-

385 1363 580 1461 mandioia,
607 1365 796 1441 continens
821 1366 859 1439 in
884 1386 925 1440 se
950 1367 1085 1441 multas
1106 1374 1236 1461 terras,
1254 1367 1348 1443 siout
1372 1368 1558 1443 civitatem

235 1564 242 1574 ,
386 1483 507 1559 Sancti
524 1484 666 1580 Leonis,
683 1469 730 1559 de
746 1506 821 1579 qua
838 1486 975 1559 dictum
993 1491 1048 1559 est
1073 1486 1110 1559 in
1135 1486 1297 1582 capitulo
1321 1487 1559 1582 praecedenti,

387 1603 633 1700 Samarinum‚
660 1614 697 1681 et
721 1604 791 1679 alia
816 1606 981 1698 castella3
1000 1625 1046 1680 eu
1069 1626 1144 1699 qua
1160 1612 1327 1680 contrata
1349 1607 1559 1681 babuerunt

386 1724 473 1798 olim
500 1724 679 1821 originem
706 1724 858 1800 comites
883 1726 1023 1818 famosi,
1052 1725 1170 1799 vocati
1200 1746 1320 1820 usque
1349 1726 1385 1799 in
1411 1727 1559 1801 bodier-

388 1866 475 1920 nam
502 1845 598 1920 diem
625 1844 778 1919 comites
803 1844 850 1919 de
874 1844 1113 1938 Monteiettro,
1140 1845 1187 1920 de
1211 1867 1371 1939 quorum
1400 1846 1560 1941 primor-

387 1965 447 2040 dio
474 1986 545 2039 non
572 1964 729 2040 babetur
753 1964 953 2058 memoria3
976 1964 1039 2039 sed
1064 1964 1111 2039 de
1136 1965 1247 2039 domo
1265 1964 1334 2041 ista
1354 1965 1458 2039 multi
1479 1966 1560 2040 iue-

351 2172 356 2181 ,
389 2092 476 2159 runt
501 2084 570 2158 riri
595 2084 834 2160 strenuissimi
853 2078 902 2179 ι’),
921 2106 1082 2179 quorum
1113 2105 1231 2157 unum
1263 2084 1558 2179 antiquissimum

388 2204 545 2300 reperio,
564 2204 763 2299 quemdam
789 2204 980 2279 dominum
1001 2204 1333 2299 Monteieltranum,
1351 2205 1414 2299 qui
1432 2204 1560 2301 genuit

387 2324 625 2419 Boncontem‚
658 2332 695 2399 et
729 2345 775 2399 er
807 2326 993 2400 Bonconte
1028 2332 1136 2398 natus
1171 2332 1227 2400 est
1259 2326 1559 2402 Monteiettranus

387 2428 502 2522 mites.
530 2446 582 2521 Ex
613 2446 889 2521 Monteieltrano
916 2452 1022 2520 natus
1054 2452 1110 2521 est
1143 2446 1406 2521 famosissimus
1433 2466 1558 2521 comes

386 2569 516 2662 Guido,
542 2568 588 2643 de
614 2588 689 2662 quo
714 2574 790 2641 tam
818 2568 934 2641 muita
959 2566 1158 2641 dictasunt
1178 2566 1481 2662 capituloXXVll
1499 2567 1559 2639 ln-

387 2688 501 2764 ierni:
528 2708 576 2762 ex
600 2688 670 2761 isto
694 2687 861 2761 Guidone
886 2693 994 2760 natos
1019 2692 1074 2761 est
1098 2686 1313 2781 Bonoontes,
1332 2687 1378 2771 de
1400 2707 1474 2780 quo
1500 2686 1559 2760 bio

387 2810 427 2883 ot
452 2808 602 2901 mentio,
624 2808 771 2904 juvenis
797 2806 1071 2881 strenuissimus
1091 2827 1298 2901 armorum,
1319 2807 1383 2900 qui
1409 2808 1446 2880 in
1471 2827 1559 2882 con-

388 2930 486 3004 ssiotu
511 2928 739 3002 aretinorum
764 2928 861 3022 apud
888 2927 1076 3023 Bibenam,
1102 2928 1235 3001 missus
1264 2948 1285 3001 a
1312 2928 1557 3003 Guiiiieimino

388 3049 556 3144 episcopo
572 3047 714 3121 aretino
731 3046 777 3121 ad
802 3046 1108 3123 considerandum
1126 3052 1273 3121 statum
1301 3048 1472 3143 bostium,
1499 3067 1559 3121 re-

389 3170 480 3263 tulit,
508 3168 606 3263 quod
633 3168 733 3241 nullo
763 3167 872 3242 modo
902 3175 982 3243 erat
1015 3169 1265 3264 pugnandum.
1289 3169 1392 3242 Tune
1417 3169 1559 3264 episco-

386 3311 466 3386 pus,
493 3290 595 3364 reiut
624 3288 778 3362 nimium
805 3288 1003 3381 animosus,
1029 3287 1141 3364 dixit:
1169 3294 1207 3361 tu
1236 3309 1441 3382 numquam
1460 3286 1559 3361 inisti

386 3411 433 3486 de
457 3410 568 3484 domo
593 3409 662 3483 illa.
690 3409 755 3483 Cui
777 3400 1030 3500 Bonoontesffl
1051 3408 1257 3503 respondit:
1277 3408 1305 3481 si
1324 3407 1496 3482 veneritis
1507 3398 1559 3499 (⁸),

387 3550 462 3626 quo
489 3550 571 3625 ego,
582 3507 803 3622 numquam
831 3527 1086 3621 revertemini3
1120 3533 1157 3601 et
1188 3527 1239 3601 sio
1270 3527 1339 3601 tuit
1368 3526 1415 3601 de
1450 3526 1555 3619 iacto,

386 3650 475 3745 quia
499 3656 659 3743 uterque
685 3648 846 3745 probiter
872 3668 1040 3743 pugnans
1066 3648 1242 3722 remansit
1265 3646 1303 3720 in
1328 3667 1469 3742 eampo.
1496 3645 1559 3719 oi-

387 3770 436 3847 eit
453 3790 545 3865 ergo
561 3769 648 3843 iste:
667 3772 785 3841 loson
798 3772 1020 3860 Ιιεοηοοηιε,ο
1037 3765 1157 3839 bonus
1174 3767 1327 3841 bellator
1344 3768 1412 3841 tuit
1430 3787 1555 3861 manu,

387 3891 441 3965 uti
467 3897 572 3985 pater
596 3889 753 3985 ingenio.
781 3887 834 3960 En
852 3888 921 3961 isto
940 3886 1127 3962 Bonoonte
1147 3908 1221 3962 non
1239 3888 1415 3963 remansit
1435 3887 1558 3981 aiiqua

388 4012 511 4105 stirps3
528 4008 610 4083 ideo
635 4008 731 4101 dicit,
750 4007 849 4101 quod
867 4007 989 4081 nuilus
1007 4013 1073 4102 est,
1092 4008 1156 4102 qui
1175 4016 1280 4104 roget
1296 4028 1363 4103 pro
1381 4028 1437 4083 eo.
1456 4008 1558 4083 Unde

387 4132 495 4207 dicit:
525 4134 723 4222 moranno,
749 4150 833 4223 quae
864 4135 945 4202 erat
977 4148 1073 4201 uxor
1103 4150 1182 4222 sua,
1209 4149 1293 4223 quaa
1323 4136 1467 4224 poterat
1491 4129 1558 4203 sibi

388 4251 553 4326 invenire
577 4249 690 4324 alium
716 4249 860 4324 virum:
886 4269 909 4320 o
934 4252 1019 4321 altri
1033 4270 1106 4321 non
1125 4250 1173 4321 bo
1193 4251 1231 4322 di
1250 4269 1303 4322 me
1323 4271 1411 4323 euro
1420 4276 1435 4343 ;
1453 4249 1557 4344 quasi

388 4372 505 4446 dicat:
541 4376 727 4445 consortes
759 4368 833 4444 mei
865 4389 997 4463 parum
1029 4374 1161 4443 curant
1192 4368 1239 4443 de
1273 4370 1440 4463 mortuis,
1471 4370 1586 4464 quia'

388 4500 473 4567 sunt
496 4491 606 4567 dediti
630 4490 799 4565 dominiis
824 4497 861 4564 et
892 4489 1132 4583 potestatibus
1164 4488 1437 4584 temporalibus.
1465 4490 1557 4563 Nam

387 4614 512 4689 comiti
537 4612 692 4687 Gnidoni
718 4610 892 4686 successit
917 4628 1042 4683 comes
1057 4609 1265 4703 Foderious,
1284 4610 1466 4683 secundus
1492 4628 1558 4705 ge·

322 4797 326 4802 ,
387 4735 485 4808 nitus
510 4734 602 4826 eius,
619 4731 676 4806 vir
701 4729 980 4822 valentissimus,
1008 4727 1070 4822 qui
1092 4729 1209 4824 magis
1235 4729 1424 4825 tyrannice
1440 4730 1558 4803 tenuit

386 4855 578 4948 Urbinum,
596 4874 709 4948 quam
734 4850 865 4946 aliquis
889 4848 1202 4945 predecessorum
1224 4850 1283 4923 rel
1301 4870 1557 4924 successorum

450 5109 479 5173 (¹)
496 5112 527 5161 R
543 5112 651 5173 strenui,
669 5124 789 5175 quorum.
882 5109 913 5174 ι’)
928 5114 982 5172 11⁷,
999 5110 1133 5161 bonroute
1149 5110 1246 5161 retulit.
1341 5105 1368 5171 (¹)
1385 5107 1411 5159 S.
1428 5106 1557 5158 veniretis.
