4542 6842
736 964 875 1022 murus
900 967 1058 1025 cccmus
1082 970 1249 1037 Qumrus.
1342 1007 1352 1025 .
1503 957 1575 1027 ma

401 1128 476 1183 non
501 1108 684 1204 clamavit,
710 1131 784 1184 non
809 1110 1085 1209 blasphemavit,
1112 1134 1186 1190 non
1213 1114 1351 1190 minata
1376 1122 1430 1190 est
1456 1114 1576 1190 vindi·

399 1235 516 1324 ctam;
543 1229 619 1304 imo
644 1229 803 1328 benigne
833 1231 924 1307 dixit
952 1255 1044 1310 voce
1069 1235 1194 1310 suavi:
1221 1235 1282 1331 fili,
1316 1236 1405 1331 quid
1434 1236 1574 1311 fecisti?

399 1367 486 1424 ecce
517 1357 622 1446 pater
652 1357 739 1424 tuns
771 1357 809 1426 et
837 1371 908 1449 ego
940 1353 1104 1430 dolentes
1135 1356 1398 1449 querebamus
1429 1363 1467 1431 te
1501 1362 1571 1432 etc.

399 1469 492 1546 Dicit
517 1490 624 1567 ergo:
647 1477 685 1546 et
709 1471 903 1547 videbatur
921 1473 1020 1567 mibi,
1039 1477 1156 1566 ceder,
1174 1475 1211 1548 in
1229 1473 1289 1551 iiia
1309 1475 1449 1552 visione
1465 1484 1572 1552 exta·

399 1591 483 1685 tica,
502 1587 566 1684 pt'd
584 1611 750 1683 persone,
776 1591 870 1670 sicut
893 1593 1102 1668 sacerdotes
1127 1600 1165 1668 et
1189 1595 1354 1670 seniores
1378 1617 1465 1671 cum
1488 1597 1573 1692 qui·

398 1710 468 1786 bus
491 1710 655 1786 Cbristus
671 1711 889 1808 disputabat,
914 1716 952 1786 iu
968 1734 1015 1788 uo
1033 1716 1171 1806 empto,
1188 1715 1335 1810 scilicet,
1352 1716 1571 1812 Jerusalem,
1685 1804 1687 1807 ,

399 1838 441 1905 ut
465 1831 636 1907 scribitur
669 1833 779 1920 Lucae
809 1833 839 1906 11
873 1834 1056 1930 capitulo;
1091 1841 1125 1908 et
1150 1856 1224 1908 urso
1256 1839 1390 1929 duona,
1423 1837 1593 1935 scilicet,

398 1953 522 2046 Maria,
547 1957 585 2026 ic
607 1975 649 2028 su
674 1956 846 2046 tenear,
873 1954 967 2030 illius
982 1949 1018 2046 (¹)
1046 1955 1183 2050 templi,
1216 1977 1284 2028 ocu
1311 1963 1384 2030 utto
1409 1959 1507 2030 dolce
1530 1960 1570 2032 ds·

398 2076 535 2166 madre,
561 2095 634 2148 non
660 2075 774 2169 iratae,
794 2078 904 2167 dicer,
924 2075 1079 2170 Christo,
1093 2079 1231 2168 fipliuol
1253 2079 1337 2169 mio,
1357 2073 1488 2170 percte'
1509 2081 1571 2152 bui

396 2199 432 2266 tu
456 2186 527 2267 cosi
551 2215 655 2268 uerso
679 2199 739 2268 noi
755 2195 870 2289 sotto?
886 2195 1005 2271 dando
1025 2196 1126 2272 nobis
1144 2196 1321 2272 dolorem.
1340 2198 1443 2274 Unde
1462 2199 1570 2274 dicit:

395 2334 475 2386 ecco
500 2317 535 2387 io
560 2323 617 2388 too
638 2319 768 2408 padre,
793 2317 940 2410 scilicet,
967 2317 1110 2412 Jcsepb,
1132 2325 1166 2390 et
1187 2321 1224 2390 io
1243 2319 1373 2392 dolenti
1397 2323 1424 2393 u·
1447 2341 1573 2394 cerco-

396 2454 524 2528 oumo,·
549 2442 586 2510 et
610 2435 712 2510 dicitz
737 2457 757 2508 e
781 2457 877 2510 come
901 2439 1016 2529 puella
1042 2443 1175 2531 tuoque,
1204 2436 1350 2532 scilicet,
1368 2441 1493 2534 Maria,
1513 2433 1570 2515 oo

395 2555 455 2627 obe
467 2575 605 2647 pureou
618 2558 752 2648 poma,
766 2556 912 2651 scilicet,
928 2556 1118 2652 templum,
1132 2577 1310 2652 personae,
1322 2557 1498 2654 Christus,
1512 2561 1570 2634 di·

395 2667 527 2766 spurio.
541 2715 590 2728 -
603 2678 693 2750 ludi.
720 2675 785 2750 Hic
809 2682 917 2770 poeta
942 2675 1114 2751 describit
1138 2676 1249 2751 aliam
1270 2677 1570 2773 mulieremque

395 2813 463 2889 per
488 2783 714 2870 contrarium
741 2795 863 2870 Mariae
887 2795 980 2872 irata
1006 2796 1154 2892 petebat
1177 2797 1394 2895 vindictam,
1421 2801 1485 2876 sed
1509 2801 1568 2874 vir

396 2914 476 2990 eius'
493 2935 628 3012 magna
655 2916 906 2991 moderatione
929 2917 1085 3012 placavit
1102 2938 1206 3011 eam;
1223 2923 1261 2993 et
1279 2927 1380 2994 recte
1402 2921 1567 3015 procedit

394 3039 513 3130 poeta.
541 3036 690 3110 Poterat
714 3035 810 3110 enim
837 3035 960 3112 dicere
985 3037 1116 3130 aliquis
1142 3037 1358 3113 iracundus:
1387 3060 1462 3114 non
1483 3061 1569 3134 pos-

394 3177 478 3230 sum
504 3157 674 3251 exemplo
699 3157 821 3230 Mariae
846 3157 1034 3233 continere
1065 3177 1127 3233 me
1156 3159 1204 3232 ab
1235 3159 1309 3254 ira;
1334 3160 1418 3235 ideo
1442 3161 1567 3236 statim

392 3276 541 3352 adducit
566 3276 776 3373 exemplum
804 3277 850 3352 de
876 3277 1023 3353 bomine
1049 3284 1243 3375 peccatore
1267 3287 1306 3356 et
1329 3301 1484 3377 pagano.
1510 3280 1566 3357 dd

373 3397 498 3472 cuius
532 3397 777 3495 cognitionem
813 3403 868 3473 est
897 3399 1164 3494 presciendum
1197 3401 1309 3495 quod,
1340 3401 1435 3476 sicot
1466 3410 1568 3497 patet
1618 3429 1622 3437 ’

388 3516 488 3613 apud
513 3516 674 3591 Tullium
708 3523 745 3592 et
770 3517 956 3592 Valerium
992 3525 1029 3593 et
1063 3519 1198 3594 multos
1226 3520 1330 3615 alios,
1355 3521 1567 3598 Pisistratus

390 3637 458 3712 init
482 3637 571 3713 civis
596 3637 815 3713 atheniensis
841 3659 998 3735 magnus
1023 3638 1260 3735 pbilosopbus
1281 3647 1318 3716 et
1343 3648 1482 3736 orator,
1501 3643 1565 3737 qui

391 3758 548 3833 mirabili
573 3759 783 3853 eloquentia
809 3768 846 3833 et
870 3759 1001 3834 fraude
1030 3778 1098 3834 sua
1127 3761 1296 3856 pervenit
1323 3763 1371 3836 ad
1396 3763 1566 3858 tyranni·

390 3880 474 3955 dem
500 3881 740 3974 Athenarum,
766 3901 878 3981 quam
905 3881 1024 3956 tenuit
1048 3879 1197 3978 triginta
1224 3889 1387 3976 quatuor
1401 3875 1439 3976 (¹)
1458 3884 1565 3960 annis

390 4019 477 4075 cum
504 3999 587 4074 odio
607 3999 810 4095 principum
829 4005 867 4074 et
885 4021 1015 4075 amore
1031 4001 1158 4096 plebis,
1176 4010 1218 4076 ut
1237 4002 1364 4077 scribit
1380 4004 1563 4101 tustinus,

390 4119 497 4194 cuius
522 4119 633 4194 filiam
665 4120 940 4216 pulcerrimam,
966 4141 1053 4195 cum
1086 4128 1206 4198 mater
1235 4143 1362 4198 secum
1395 4123 1562 4221 duceret,

390 4239 539 4335 quidam
566 4239 776 4314 adolescens
808 4240 941 4316 ardens
971 4241 1051 4316 eius
1080 4261 1210 4316 amore
1240 4262 1440 4318 occurrens
1465 4244 1500 4318 ei
1525 4244 1564 4322 iu

389 4361 448 4436 via
473 4359 572 4434 dedit
596 4359 647 4432 iili
667 4360 848 4453 osculum,
865 4360 1130 4456 propterquod
1151 4382 1249 4436 uxor
1266 4362 1383 4459 magis
1406 4383 1563 4440 accensa

386 4481 453 4576 ira,
481 4501 595 4574 quam
616 4481 763 4575 iuvenis
788 4500 928 4573 amore,
954 4481 1106 4556 accessit
1136 4481 1184 4557 ad
1213 4483 1337 4557 virum
1363 4491 1491 4580 petens
1516 4486 1565 4562 de

387 4607 463 4676 tam
488 4601 615 4676 insana
639 4600 846 4676 temeritate
874 4599 1082 4676 vindictam.
1108 4602 1317 4678 Pisistratus
1343 4614 1471 4682 antem
1498 4608 1564 4703 jn-

386 4727 480 4796 stam
507 4721 600 4796 iram
629 4721 793 4796 mulieris
818 4720 982 4816 jocundo
1015 4728 1217 4798 scommate
1246 4724 1439 4822 mitigavit.
1466 4727 1562 4828 Dixit

387 4841 485 4916 enim
511 4842 723 4917 subridens:
749 4841 838 4936 quid
867 4839 1044 4916 iaciemus
1073 4842 1236 4918 bostibos
1264 4845 1399 4920 nostris
1430 4847 1460 4920 si
1491 4869 1562 4942 pu-

451 5091 477 5156 (¹)
493 5091 519 5143 S.
536 5093 643 5153 scilicet,
658 5092 729 5144 illine
745 5092 844 5158 tempii.
1031 5090 1058 5153 (¹)
1073 5091 1105 5145 Ε.
1121 5097 1153 5142 26
1167 5093 1249 5144 amb.
