4542 6842
794 965 933 1023 murus
957 967 1119 1022 rasurus.
1496 958 1541 1025 or

369 1108 457 1183 tiam
484 1115 613 1186 eontra
639 1109 746 1185 istam
761 1102 798 1203 (¹)
826 1111 1045 1187 solutionem
1071 1110 1244 1205 dieentes
1270 1112 1369 1204 quod
1399 1112 1543 1189 etiamsi

368 1229 486 1305 Adam
512 1252 586 1305 uon
603 1237 789 1326 peccasset
813 1232 1006 1325 oportebat
1023 1230 1207 1305 Christum
1228 1231 1338 1325 nasci,
1357 1233 1441 1325 quia
1462 1233 1544 1309 lue-

368 1356 426 1424 rat
450 1352 674 1427 aeternaliter
699 1351 987 1446 predestinatus.
1012 1353 1057 1426 Et
1082 1360 1170 1427 tuuc
1201 1352 1306 1429 litera
1335 1361 1543 1449 exponetur

367 1469 439 1545 sic:
465 1471 495 1545 si
521 1470 727 1566 potuissetis
757 1470 884 1547 videre
915 1479 1033 1547 totum
1063 1493 1129 1567 per
1156 1473 1314 1549 rationes
1341 1476 1541 1571 naturales,

369 1605 440 1661 uon
466 1588 659 1681 oportebat
682 1587 833 1663 llariam
859 1608 992 1683 parere
1008 1589 1192 1663 Christum
1219 1590 1283 1684 qui
1308 1591 1413 1665 daret
1436 1592 1540 1667 nohis

367 1706 476 1782 tidem
508 1729 591 1802 quae
622 1728 694 1785 uon
723 1708 857 1803 quaerit
888 1709 1070 1803 rationem
1100 1710 1164 1785 sed
1194 1710 1366 1804 quioquid
1395 1712 1539 1787 dicatur

366 1827 479 1903 oredo
490 1830 590 1923 quod
606 1829 725 1923 prima
742 1829 920 1924 expositio
934 1830 981 1903 sit
997 1830 1114 1925 magis
1131 1830 1177 1905 de
1195 1829 1394 1905 intentione
1408 1838 1539 1927 poetae,

366 1949 454 2043 quia
479 1951 639 2025 Thomas
663 1950 710 2025 ‹le
733 1949 891 2043 Aquino,
917 1971 1029 2044 quem
1048 1951 1125 2047 ipse
1142 1952 1228 2025 satis
1244 1952 1411 2045 sequitur
1430 1952 1464 2025 in
1485 1952 1538 2027 di·

367 2070 470 2165 vinis,
496 2077 597 2145 tenet
616 2070 716 2166 quod
740 2070 770 2144 si
796 2070 911 2146 Adam
938 2091 1012 2147 uon
1037 2078 1223 2167 peccasset
1249 2093 1320 2147 uon
1346 2074 1539 2168 oportebat

365 2189 549 2265 Christum
576 2192 696 2285 nasci3
722 2212 809 2265 narn
842 2191 904 2265 ubi
931 2212 1005 2266 nou
1030 2199 1084 2266 est
1110 2192 1227 2289 plaga,
1261 2213 1332 2267 non
1365 2200 1420 2267 est
1445 2213 1538 2287 opus

363 2311 561 2405 medicina3
593 2312 656 2387 sed
692 2311 947 2405 uuusquisque
979 2332 1050 2386 suo
1081 2311 1228 2408 ingenio
1265 2318 1387 2387 teneat
1421 2334 1541 2411 quam
1672 2412 1675 2419 ι

363 2430 570 2526 opinionem
597 2432 687 2506 vult
721 2433 843 2506 Unum
874 2438 998 2507 tamen
1025 2432 1224 2548 notandum
1253 2432 1410 2527 videtur,
1437 2431 1535 2527 quod

362 2572 437 2625 uon
461 2553 581 2626 solum
607 2552 692 2628 licet
716 2552 854 2625 homini
880 2552 975 2627 scire
999 2552 1135 2645 omnia,
1153 2552 1216 2625 sed
1240 2572 1312 2625 uon
1338 2552 1422 2627 licet
1441 2553 1535 2627 scire

362 2692 492 2767 pauca,
526 2672 576 2747 ita
609 2680 652 2747 ut
685 2692 775 2748 vera
807 2673 977 2747 videatur
1010 2672 1190 2748 sententia
1224 2672 1394 2747 dicentis:
1429 2674 1534 2749 Latet

218 2870 227 2875 ,
362 2812 474 2867 omne
508 2813 653 2887 verum,
688 2793 856 2868 discurre
889 2813 955 2887 per
989 2792 1151 2889 singulos
1190 2791 1370 2887 sapientes
1405 2813 1532 2868 rerum

360 2913 568 2988 divinarum
594 2921 632 2989 et
657 2915 919 3007 humanarum,
942 2919 981 2989 et
1005 2913 1168 2987 invenies
1193 2913 1315 2987 omnia
1343 2913 1532 2988 erroribus

361 3034 479 3128 plena.
514 3034 740 3131 Augustinus
770 3041 808 3107 et
837 3034 1083 3129 llierouymus
1108 3032 1197 3107 tanti
1224 3033 1393 3107 doctores
1418 3053 1533 3107 sacrae

361 3154 571 3250 scriptura,
601 3154 666 3248 qui
699 3154 893 3229 intendunt
917 3154 1073 3229 salutem
1099 3154 1322 3246 animarum,
1350 3160 1530 3249 quantum

361 3276 457 3350 inter
481 3296 522 3351 se
546 3276 744 3369 aliquando
767 3276 999 3350 discordanti
1018 3275 1147 3349 medici
1170 3274 1234 3369 qui
1260 3274 1451 3351 intendunt
1472 3294 1533 3348 sa·

360 3395 475 3471 lutem
502 3416 714 3490 corporum,
732 3395 919 3490 quomodo
936 3394 1188 3469 conveniunt?
1209 3402 1291 3490 pete
1308 3394 1529 3468 hvioeunam

359 3524 397 3591 et
422 3517 640 3591 hverroim:
666 3517 805 3612 legista
828 3516 891 3610 qui
914 3522 1047 3589 curant
1063 3515 1156 3588 vitas
1173 3521 1210 3589 et
1227 3514 1447 3589 substantias
1467 3515 1534 3589 ho-

362 3635 516 3731 minum,
542 3644 722 3731 quantum
751 3635 886 3711 habeut
910 3634 1098 3730 opiniones
1123 3633 1351 3709 contrarias?
1375 3634 1533 3709 decreti·

358 3765 425 3831 stre
460 3756 648 3850 quomodo
685 3756 840 3831 invicem
879 3755 1165 3830 contradicunt?
1197 3754 1370 3851 astrologi
1409 3754 1531 3847 qualia

360 3876 548 3951 mendacia
574 3876 724 3950 dicunt?
749 3866 853 3966 llei²l
879 3876 1021 3949 oaeteris
1045 3883 1199 3949 taceam.
1214 3880 1308 3947 -E
1322 3877 1445 3948 dirior.
1464 3874 1528 3949 llic

358 3995 530 4093 llirgilius
561 3996 755 4071 confirmat
788 3996 882 4069 hano
916 3994 1075 4069 nobilem
1109 3994 1384 4089 persuasionem
1422 4015 1528 4068 suam

357 4116 428 4191 alia
463 4117 615 4209 ratione,
647 4122 684 4191 et
713 4114 857 4189 videtur
882 4134 1043 4209 arguere
1073 4113 1147 4188 sio:
1179 4114 1208 4185 si
1241 4112 1407 4208 possibile
1434 4120 1530 4189 esset

357 4256 424 4331 per
441 4236 620 4311 rationem
639 4234 845 4309 naturalem
872 4240 909 4307 et
934 4232 1122 4307 scientiam
1149 4232 1362 4326 acquisitam
1391 4253 1529 4331 cogno·

356 4376 462 4433 scere
485 4356 724 4446 divinitatem,
750 4362 788 4429 et
811 4354 978 4429 ordinem
1011 4354 1106 4427 illius
1138 4354 1174 4427 in
1204 4354 1397 4445 creaturis,
1428 4362 1529 4430 uerte

357 4478 519 4553 manime
553 4477 737 4551 novissent
753 4466 789 4568 (³)
827 4476 905 4549 haee
943 4481 980 4549 et
1018 4474 1088 4547 alia
1126 4474 1266 4567 antiqui
1301 4474 1529 4549 excellentis·

355 4597 437 4673 simi
470 4598 693 4693 philosophi3
719 4597 782 4671 sed
816 4617 882 4669 nos
915 4595 1082 4668 videmus
1117 4594 1215 4689 quod
1249 4596 1459 4671 Aristoteles
1492 4580 1537 4671 et

355 4718 470 4811 Plato,
495 4718 559 4812 qui
585 4724 770 4793 noverunt
795 4718 876 4811 plus
901 4715 1044 4789 caeteris
1071 4714 1158 4788 illud
1177 4715 1284 4808 quod·
1302 4716 1385 4789 seiri
1412 4723 1532 4810 polest
1655 4746 1661 4755 ·

418 4998 445 5061 (¹)
461 4998 492 5048 Ε.
507 4998 582 5047 iatum
598 4998 742 5048 laniantium
758 5002 785 5047 et
801 4996 965 5047 solutionem.
1091 4992 1119 5058 ρ)
1136 4995 1167 5045 Ε.
1185 5002 1213 5046 up
1230 4996 1262 5045 de
1278 4996 1385 5045 effereris,

418 5076 444 5137 ι’)
461 5074 492 5123 Ε.
508 5086 523 5123 e
541 5078 586 5124 tlt
602 5075 732 5124 novissent
748 5074 799 5124 hoo
815 5078 842 5123 et
857 5071 909 5122 alit.
