4542 6842
703 962 781 1032 216
1061 974 1263 1032 connururr
1289 974 1509 1031 runonronn

702 1120 835 1195 bebai:
861 1119 1032 1195 describit
1057 1140 1148 1217 ergo
1173 1140 1349 1195 auroram
1367 1121 1465 1194 tunae
1482 1118 1635 1215 poetice,
1656 1119 1798 1195 dioens:
1823 1126 1875 1195 Lo

698 1240 892 1313 wconcubina
916 1244 954 1315 di
984 1244 1099 1315 ditono
1123 1242 1249 1313 anteo.
1274 1240 1345 1315 Sed
1371 1239 1523 1315 adverte
1547 1239 1646 1334 quod
1673 1240 1740 1315 ista
1766 1241 1872 1318 litera

701 1360 847 1436 videtur
871 1362 1030 1436 muitum
1058 1361 1211 1436 difficilis
1236 1366 1273 1436 et
1297 1359 1515 1454 dubitabdis,
1533 1359 1624 1454 quia
1637 1368 1744 1456 poeta
1770 1362 1874 1438 ride-

702 1486 762 1554 tur
787 1481 912 1556 dicere
936 1502 1054 1555 unum
1080 1481 1179 1575 quod
1205 1500 1412 1575 numquam
1428 1478 1495 1554 suu
1511 1480 1649 1554 nictum
1667 1482 1727 1556 vei
1745 1481 1870 1557 fictum

700 1624 767 1701 per
791 1604 904 1678 aiium
931 1610 1090 1699 poetam,
1110 1600 1246 1677 scilicet
1266 1600 1365 1697 quod
1381 1623 1519 1677 aurora
1540 1602 1638 1677 iunae
1663 1602 1708 1676 sit
1733 1624 1873 1678 concu-

700 1724 784 1799 bina
809 1724 968 1817 Titouis;
995 1723 1077 1799 ideo
1101 1722 1214 1818 aliqui
1240 1723 1413 1798 dixerunt
1438 1722 1536 1818 quod
1565 1729 1675 1797 autor
1699 1723 1872 1798 describit

699 1844 759 1920 bic
783 1865 959 1920 auroram
985 1842 1080 1938 solis,
1106 1843 1171 1917 sed
1196 1844 1265 1917 boc
1290 1850 1347 1917 est
1372 1842 1503 1917 salsum
1535 1848 1572 1917 et
1597 1842 1816 1938 impossibile
1839 1842 1869 1917 si

700 1965 782 2061 quis
807 1965 901 2040 bene
926 1964 1130 2039 consideret
1153 1963 1297 2039 literam
1315 1962 1433 2037 istam.
1453 1962 1541 2047 Dioo
1557 1982 1648 2060 ergo
1665 1962 1765 2057 quod
1782 1963 1870 2037 sim-

698 2084 839 2181 pliciter
856 2084 1025 2159 describit
1041 2103 1218 2158 auroram
1236 2083 1349 2176 iunae3
1367 2083 1431 2157 sed
1448 2103 1535 2157 curn
1549 2090 1657 2157 vocat
1675 2082 1758 2157 eam
1780 2104 1871 2158 con-

698 2204 869 2279 cubinam
896 2204 1041 2298 Titonis,
1067 2203 1148 2278 dico
1178 2210 1216 2277 et
1244 2204 1367 2297 credo,
1400 2203 1499 2297 quod
1530 2208 1636 2297 poeta
1668 2210 1794 2277 noster
1824 2203 1872 2278 de

698 2344 794 2399 noro
812 2326 881 2400 boc
899 2324 1012 2421 fingit,
1030 2322 1124 2398 sicut
1144 2343 1252 2418 saepe,
1270 2324 1346 2397 imo
1362 2322 1467 2418 quasi
1485 2342 1633 2417 semper
1652 2323 1739 2398 iacit
1756 2345 1870 2399 novas

697 2444 860 2521 fictiones
880 2445 1033 2520 inomni
1053 2444 1217 2520 materia.
1238 2441 1490 2519 consideravit
1505 2443 1603 2518 enim
1623 2444 1726 2538 quod
1740 2465 1872 2521 omncs

697 2572 815 2661 poetae
840 2566 927 2641 dant
951 2583 1126 2640 auroram
1155 2563 1240 2638 solis
1265 2564 1301 2638 in
1328 2583 1483 2639 uxorem
1516 2563 1657 2658 iitoni3
1683 2564 1767 2640 ideo
1792 2564 1869 2660 ipse

696 2684 758 2761 dat
783 2686 830 2760 iili
856 2684 1026 2779 amicam,
1052 2684 1188 2759 scibcet
1211 2705 1387 2759 auroram
1420 2684 1528 2778 lunae,
1553 2684 1640 2779 quia
1671 2706 1768 2760 uror
1798 2692 1871 2761 stat

584 2846 589 2857 ·
696 2818 810 2903 prope
841 2806 976 2899 virum,
1001 2804 1139 2881 amasia
1169 2825 1258 2880 vero
1288 2824 1311 2880 a
1341 2803 1461 2901 ionga.
1495 2802 1581 2878 tuit
1609 2824 1700 2903 crgo
1732 2804 1867 2900 dicere,

697 2926 794 3021 quod
822 2932 901 3001 erat
926 2926 1031 3001 tertia
1058 2926 1148 2999 bora
1174 2924 1289 2999 noctis
1313 2922 1456 3019 primu,
1480 2920 1567 3018 quia
1598 2944 1736 2999 aurora
1768 2925 1869 3000 tunae

690 3048 769 3144 jam
796 3046 981 3145 surgebat,
1007 3066 1091 3141 quae
1117 3053 1173 3121 est
1196 3046 1402 3120 concubina
1431 3044 1576 3118 Titonis.
1604 3045 1657 3118 nd
1683 3045 1790 3120 cuius
1810 3046 1872 3120 in·

696 3166 932 3264 teiligentiam
960 3166 1072 3242 debes
1096 3166 1202 3261 scire,
1228 3164 1327 3262 quod
1352 3164 1457 3239 Titon
1488 3164 1585 3239 tibus
1609 3165 1866 3241 Laomedontis

695 3288 792 3385 regis
819 3288 948 3362 troiani
980 3309 1053 3362 non
1080 3287 1180 3383 jure,
1205 3286 1269 3362 sed
1300 3284 1440 3361 rim‘bus
1472 3292 1511 3360 et
1540 3286 1678 3360 aurniio
1711 3286 1867 3361 tortuuae

694 3408 884 3503 acquisivit
909 3416 1049 3483 certam
1077 3414 1215 3483 terram
1241 3406 1279 3480 in
1304 3412 1473 3480 extremo
1494 3403 1654 3501 orientis,
1673 3406 1779 3481 cuius
1798 3406 1872 3481 iuit'

695 3547 780 3603 rex:
806 3527 888 3603 idco
908 3533 1025 3623 poetae
1051 3526 1240 3601 tinxerunt
1262 3525 1367 3621 quod
1378 3524 1483 3600 Titon
1506 3534 1602 3601 esset
1620 3526 1774 3601 maritus
1792 3527 1868 3602 du-

694 3668 801 3740 rorae,
827 3647 913 3742 quia
938 3647 1065 3721 babuit
1093 3653 1247 3740 terram,
1275 3646 1371 3722 unde
1403 3646 1503 3721 venit
1532 3668 1709 3721 auroram
1742 3648 1874 3724 subic-

692 3773 789 3843 ctam
816 3765 894 3861 sibi,
920 3766 1014 3842 sicut
1038 3766 1096 3841 rir
1121 3767 1232 3842 babet
1258 3788 1427 3861 uxorem,
1452 3772 1490 3842 et
1514 3788 1562 3841 ex
1588 3788 1632 3842 ea
1657 3770 1866 3863 procrearit

692 3885 808 3961 iiiium
827 3886 977 3963 nomine
993 3888 1237 3982 Memnonem,
1255 3887 1319 3982 qni
1336 3888 1373 3961 in
1399 3886 1577 3963 auxilium
1605 3888 1702 3984 regis
1727 3889 1861 3964 Priami

680 4008 792 4085 'venit
815 4007 861 4084 ad
887 4008 1031 4083 Troiam
1058 4009 1148 4083 dum
1174 4008 1405 4084 obsideretur
1435 4027 1457 4083 a
1487 4008 1629 4105 graeci's,
1656 4020 1693 4082 et
1723 4008 1789 4082 iuit
1814 4007 1865 4082 ibi

689 4126 858 4204 bellando
892 4136 1117 4229 peremptus,
1144 4129 1238 4203 sicut
1261 4128 1386 4203 scribit
1417 4126 1598 4225 Vrrgiiins.
1634 4128 1727 4203 bicit
1758 4150 1865 4226 ergo,

691 4248 789 4344 quod
814 4248 1018 4324 concubina
1043 4248 1178 4324 Titonis
1202 4248 1355 4343 antiqui,
1381 4248 1476 4324 idest
1497 4270 1635 4324 aurora
1661 4249 1770 4342 iuuae,
1801 4238 1868 4341 oid

688 4368 967 4459 dindiomuvo,
993 4368 1095 4463 idest,
1122 4368 1299 4466 surgebat
1312 4360 1349 4461 (¹)
1374 4374 1412 4443 et
1437 4368 1637 4463 apparebat
1661 4370 1755 4460 aiba,
1774 4368 1861 4464 quia

689 4508 826 4563 aurora
843 4488 939 4563 iunae
958 4496 1013 4563 est
1029 4489 1123 4583 alba,
1143 4488 1204 4563 ubi
1222 4507 1359 4563 aurora
1376 4488 1462 4561 sotis
1479 4494 1535 4564 est
1555 4486 1684 4581 rubea,
1702 4491 1740 4560 at
1755 4490 1868 4562 balzo·

689 4610 880 4701 dunno,
905 4610 1007 4704 idest,
1033 4630 1055 4683 a
1082 4608 1240 4684 tenestra
1266 4607 1427 4703 orientis,
1453 4606 1548 4682 sicut
1572 4606 1707 4682 mutier
1730 4609 1858 4704 pulcra

689 4728 771 4803 aiba
797 4748 953 4824 surgens
977 4729 1024 4803 de
1049 4728 1143 4803 lecto
1170 4727 1253 4803 iacit
1278 4748 1319 4803 se
1343 4728 1391 4803 ad
1411 4728 1630 4822 fenestram3
1651 4726 1733 4803 ideo
1752 4724 1868 4803 dicit·

685 4852 772 4943 soor
796 4850 883 4923 detio
908 4850 1064 4941 brocctm
1082 4850 1168 4944 quia
1196 4848 1345 4925 ridetur
1360 4848 1521 4945 jacuisse
1545 4850 1583 4924 in
1607 4850 1769 4925 thaiamo
1789 4870 1859 4924 an·

750 5105 779 5169 (¹)
796 5111 850 5169 117,
863 5108 918 5171 jam
933 5110 1063 5174 surgebat.
