4542 6842
613 954 615 968 ·
694 923 739 990 60
1059 933 1263 1012 eouuururu
1286 935 1504 989 runorrnnu

691 1081 760 1154 mis
785 1081 922 1174 avium,
948 1079 1034 1175 quia
1060 1099 1148 1156 aves
1174 1086 1318 1154 mutant
1343 1100 1481 1174 pennas
1506 1086 1543 1154 et
1568 1101 1699 1156 earum
1729 1102 1861 1177 pennae

690 1207 776 1275 sunt
800 1201 1065 1295 corruptibiles.
1093 1201 1138 1274 Et
1163 1200 1220 1275 bic
1242 1207 1328 1276 nota
1346 1200 1446 1293 quod
1463 1200 1689 1295 comparatio
1707 1207 1762 1276 est
1778 1223 1865 1297 pro-

692 1321 769 1414 pria
795 1319 842 1394 de
865 1340 936 1420 ave
961 1320 1007 1394 ad
1032 1321 1225 1416 Angelum.
1243 1320 1329 1394 Avis
1349 1320 1448 1395 enim
1469 1321 1599 1395 nobilis
1619 1327 1674 1395 est
1691 1321 1781 1398 levis
1799 1342 1865 1396 vo·

693 1440 771 1514 lans
796 1459 861 1534 per
887 1460 1014 1516 aerem
1040 1441 1134 1514 sicut
1160 1461 1258 1515 nunu
1282 1440 1349 1514 iste
1378 1440 1555 1537 Angelus:
1582 1462 1648 1516 aer
1673 1442 1770 1516 euim
1797 1441 1865 1516 do·

694 1561 856 1634 minatur
890 1561 927 1634 in
965 1582 1045 1655 ave,
1086 1566 1122 1636 et
1162 1581 1228 1635 aer
1266 1560 1430 1634 inclusus
1466 1561 1561 1636 inter
1596 1562 1862 1636 concavitatem

694 1701 899 1776 pennarum
918 1679 1063 1756 alleviat
1088 1701 1194 1756 avem
1224 1687 1260 1754 et
1284 1680 1447 1755 habilitat
1467 1687 1509 1754 ul
1529 1681 1668 1756 lerator
1692 1701 1862 1776 sursum;

693 1801 790 1875 uude
814 1801 892 1875 avis
917 1806 1055 1894 quanto
1081 1801 1162 1895 plus
1187 1800 1297 1874 babet
1314 1800 1548 1894 pannositatis
1573 1807 1610 1876 ct
1636 1800 1759 1875 minus
1779 1821 1863 1875 car·

693 1920 867 2015 nositatiS‚
894 1926 994 1995 tauto
1020 1919 1161 1994 iacilius
1185 1941 1225 1995 se
1246 1920 1342 1994 levat
1359 1941 1520 1993 sursum.
1538 1921 1592 1994 Ex
1609 1921 1757 1996 levitate
1772 1943 1863 2018 ergo

693 2042 803 2117 babet
828 2040 1066 2136 aptitudinem
1094 2039 1249 2115 volandi.
1282 2041 1381 2116 Bene
1409 2061 1500 2137 ergo
1532 2041 1594 2115 dat
1622 2044 1700 2116 alas
1724 2042 1863 2138 Angelo

667 2162 738 2236 ad
764 2161 1010 2236 denotandum
1037 2161 1199 2234 subitum
1226 2167 1369 2235 motum
1393 2168 1431 2236 et
1455 2162 1660 2256 expeditam
1681 2163 1864 2258 operatio-

693 2302 790 2375 nem,
817 2281 1004 2358 utstatim
1030 2281 1357 2375 sequitur.—Poi.
1384 2282 1450 2356 llic
1474 2290 1580 2377 poeta
1608 2282 1780 2358 describit
1803 2304 1865 2359 ce-

692 2403 807 2477 lerem
827 2401 1076 2496 appulsionem
1096 2399 1222 2497 Angeli
1238 2421 1323 2475 cum
1338 2401 1487 2475 luminis
1503 2401 1706 2476 intensione
1722 2403 1862 2478 dicens:

687 2525 752 2615 poi
775 2525 797 2595 l'
809 2525 903 2594 uocet
925 2524 1056 2613 divion,
1073 2520 1176 2614 idest,
1193 2521 1353 2617 Angelus
1374 2520 1518 2594 Domini
1544 2521 1771 2618 immortalis,
1789 2545 1863 2599 non

694 2642 889 2736 mutabilis,
917 2662 989 2716 uon
1015 2640 1271 2736 corruptibilis,
1296 2642 1391 2715 siout
1411 2648 1545 2715 nostrae
1562 2662 1662 2736 aves,
1678 2665 1740 2716 sen
1756 2665 1863 2718 venne

694 2785 719 2834 o
743 2767 836 2855 rtoo,
861 2761 964 2856 idest,
990 2761 1036 2836 ad
1062 2761 1150 2835 illud
1176 2761 1261 2834 litus
1288 2761 1349 2835 ubi
1374 2782 1537 2857 eramus,
1556 2758 1620 2854 pto
1651 2766 1772 2836 clrioro
1797 2786 1863 2858 op-

687 2885 835 2976 panna,
861 2881 925 2958 sed
950 2902 1023 2956 non
1047 2887 1139 2976 erat,
1161 2902 1256 2954 conte
1275 2877 1339 2974 ptri
1355 2904 1373 2953 e
1387 2878 1451 2974 pot
1476 2903 1579 2956 caso
1603 2887 1663 2957 noi
1688 2906 1808 2978 cenam,
1826 2893 1864 2960 et

695 3023 781 3078 ecce
806 3001 1008 3076 claritatem
1036 3002 1266 3095 immensam,
1286 2997 1414 3094 pmcdd
1427 3004 1450 3074 ἴ
1459 3005 1576 3075 coctio
1592 3006 1627 3077 d'
1640 3024 1786 3095 opressa
1803 3008 1865 3077 nol

693 3130 871 3216 sostenium
889 3103 974 3215 quia
992 3141 1064 3194 non
1085 3127 1166 3195 erat
1182 3121 1368 3216 proportio
1385 3121 1516 3197 obiecti
1532 3123 1578 3197 ad
1596 3143 1763 3219 sensum3
1781 3125 1863 3201 ideo

694 3243 797 3317 dicit:
824 3263 884 3316 mu
908 3244 1037 3315 rdinati
1058 3245 1173 3334 muso,
1198 3241 1345 3336 scilieet,
1371 3241 1418 3316 ad
1444 3231 1595 3337 terram,
1621 3245 1707 3337 quia
1733 3247 1863 3321 oculus

693 3364 772 3438 eius
807 3370 887 3437 erat
921 3368 1090 3436 assuetus
1124 3361 1249 3436 videre
1284 3363 1471 3436 tenebram
1489 3355 1526 3455 (¹)
1544 3346 1800 3460 internorum,
1826 3373 1865 3441 et

692 3505 790 3558 nunc
819 3483 939 3578 primo
973 3482 1165 3578 incipiebat
1198 3482 1323 3557 videre
1358 3482 1479 3557 lucem
1505 3484 1754 3581 Angelorum3
1778 3487 1863 3562 ideo

692 3605 787 3678 bene
811 3601 968 3677 ostendit
983 3593 1019 3695 (²)
1047 3601 1297 3677 infirmitatem
1327 3602 1384 3676 sui
1413 3603 1570 3698 risose
1600 3607 1690 3697 poci,
1716 3605 1864 3701 scilieet,

693 3724 863 3821 Angelus,
881 3744 943 3796 sen
967 3743 1075 3796 centro
1100 3744 1124 3795 a
1149 3726 1229 3796 rico
1254 3743 1318 3796 oon
1339 3727 1546 3815 caumello,
1564 3723 1669 3818 idest,
1695 3725 1864 3801 navicula

692 3845 787 3937 alba,
811 3846 975 3916 brullato
1001 3865 1019 3914 e
1044 3844 1211 3934 inpotem,
1232 3843 1319 3935 quia
1346 3863 1419 3916 non
1445 3850 1526 3917 erat
1549 3844 1677 3939 glarea
1702 3844 1780 3920 sive
1804 3867 1864 3920 sa-

693 3964 808 4038 burra
833 3963 870 4036 in
896 3963 1036 4037 sentina
1058 3962 1153 4036 illius
1177 3962 1281 4035 navis
1296 3962 1342 4037 ad
1362 3961 1579 4038 firmandam
1600 3983 1696 4058 eam,
1714 3965 1778 4039 sed
1799 3985 1863 4041 ve-

695 4083 822 4160 lociter
848 4084 1022 4158 currebat
1048 4101 1114 4178 per
1140 4090 1244 4178 terga
1270 4081 1406 4176 maris;
1434 4082 1530 4157 unde
1555 4082 1658 4158 dicit:
1681 4092 1777 4159 tanto
1803 4087 1864 4160 olto

693 4208 842 4296 tanqua
858 4207 955 4278 ntdlo
971 4225 1014 4277 ne
1027 4203 1244 4295 'npbiottioos
1261 4203 1347 4296 quia
1365 4203 1501 4278 scilicet
1518 4225 1591 4278 non
1609 4198 1862 4302 mergebatur,

693 4345 767 4399 non
793 4323 1083 4418 proluudabatur
1108 4322 1200 4397 inira
1231 4343 1380 4418 aquam,
1406 4322 1493 4416 quia
1523 4322 1626 4398 navis
1655 4331 1737 4400 arat
1760 4326 1862 4421 levis,

693 4454 730 4521 et
754 4447 887 4521 auimae
912 4445 1078 4520 sedentes
1104 4444 1140 4517 in
1162 4443 1246 4519 navi
1267 4450 1372 4519 erant
1389 4445 1488 4519 leves
1504 4445 1583 4520 siue
1599 4445 1762 4539 pondere
1777 4467 1862 4521 car-

693 4567 758 4642 nis.
784 4567 828 4640 Et
853 4566 912 4640 bie
937 4573 1023 4640 nota
1049 4565 1148 4660 quod
1174 4565 1241 4640 ista
1267 4564 1370 4639 navis
1390 4572 1445 4640 est
1468 4565 1635 4640 navicula
1662 4567 1769 4661 Petri,
1796 4589 1863 4663 per

692 4709 803 4784 quam
832 4687 996 4762 homines
1020 4686 1209 4761 ducuntur
1233 4685 1281 4762 ad
1305 4686 1574 4783 purgatorium,
1601 4686 1693 4762 idest
1711 4688 1757 4762 ad
1781 4709 1862 4784 poe-

694 4808 894 4901 nitentiam,
915 4808 1070 4902 juvante
1095 4813 1132 4882 ct
1157 4805 1337 4902 dirigente
1360 4804 1481 4880 diviua
1506 4806 1636 4902 gratia,
1656 4827 1740 4900 quae
1760 4808 1863 4884 navis

756 4996 782 5056 (¹)
799 4996 828 5044 E.
846 4995 963 5045 tenebras
979 4997 1005 5046 ln
1020 4995 1184 5046 infernorum
1200 4993 1322 5054 tenebrls.
1338 4998 1365 5044 ct
1382 5007 1459 5044 nunc.

756 5070 784 5134 (Ἰ
801 5077 855 5134 ur,
872 5071 933 5123 ucu
948 5078 975 5124 u
989 5073 1108 5124 oneum.
