4542 6842
765 1091 768 1098 .
794 1003 932 1061 murus
957 1003 1152 1061 asenneus.
1511 971 1581 1060 ἰδ’

382 1155 444 1224 tus
461 1155 516 1224 est
531 1151 681 1226 musica.
696 1150 820 1225 Primo
838 1151 986 1246 quidem
1010 1153 1153 1227 ratione
1174 1151 1348 1248 generali,
1370 1152 1457 1246 quia
1479 1154 1558 1227 haec

382 1277 437 1346 est
467 1270 658 1346 delectatio
693 1272 870 1347 naturalis
884 1266 921 1364 (¹)
956 1272 1153 1367 omnihus,
1188 1272 1410 1348 sicutenim
1440 1273 1559 1369 philo·

382 1391 517 1486 sophus
548 1391 672 1466 scribit
701 1398 832 1466 octavo
865 1392 1114 1487 Politicorum,
1139 1393 1191 1467 ait
1221 1393 1370 1468 Museus
1399 1415 1559 1490 magnus

381 1512 545 1585 musicus
571 1518 608 1586 et
632 1512 820 1586 Musarum
846 1513 988 1586 amicus
1013 1513 1224 1587 hominihus
1250 1533 1331 1588 esse
1361 1513 1558 1589 delectabi-

382 1630 559 1704 hssimum
586 1638 746 1706 cantare.
774 1632 942 1706 Secundo
968 1633 1112 1707 ratione
1136 1633 1293 1727 speciali,
1312 1633 1399 1727 quia
1423 1641 1552 1729 poeta,

381 1751 523 1826 musica
549 1751 646 1826 enirn
673 1758 729 1828 est
756 1753 961 1828 necessaria
987 1759 1115 1848 poetae.
1140 1753 1243 1827 Unde
1259 1752 1458 1828 falcidius:
1475 1753 1557 1826 illu·

382 1873 466 1948 sicae
497 1873 645 1967 quidem
678 1874 990 1970 consanguineam
1023 1894 1103 1949 esse
1135 1873 1315 1969 poeticam
1347 1874 1469 1968 palam
1502 1885 1558 1949 est

381 1994 562 2068 omnihus.
590 1993 711 2068 Tertio
737 1993 881 2068 ratione
906 1992 1186 2089 specialissima:
1213 2014 1300 2068 cum
1332 1993 1430 2068 enim
1465 2014 1555 2066 usus

381 2115 533 2188 musicae
558 2113 777 2189 naturaliter
800 2114 845 2188 sit
870 2115 1013 2189 amicus
1038 2114 1210 2188 omnihus
1230 2114 1399 2189 aetatihus
1416 2120 1453 2189 et
1473 2135 1557 2188 orn-

382 2234 489 2308 nihns
516 2235 693 2327 morihuS,
715 2235 877 2310 maxime
891 2227 927 2326 (²)
943 2235 1101 2330 juvenes
1121 2241 1158 2309 et
1185 2234 1436 2310 melancholici
1462 2234 1556 2308 indi-

380 2359 468 2450 gent
493 2352 734 2428 delectatione
763 2353 966 2428 secundum
998 2355 1265 2449 philosophum.
1297 2355 1363 2430 llic
1379 2345 1417 2448 (³)
1447 2362 1556 2450 poeta

380 2473 448 2547 luit
474 2473 579 2548 valde
604 2474 889 2549 melancholicus
906 2497 928 2548 a
948 2482 1080 2549 natura
1098 2482 1135 2550 et
1152 2496 1175 2548 a
1192 2476 1324 2570 studio,
1342 2475 1436 2549 sicut
1452 2497 1557 2550 com·
1640 2511 1643 2517 ,

381 2594 544 2669 maniter
561 2595 712 2668 suerunt
726 2594 794 2668 viri
808 2595 997 2691 sapientes.
1013 2595 1115 2670 Unde
1128 2596 1340 2670 Aristoteles
1357 2596 1449 2670 libro
1461 2598 1556 2671 Pro-

381 2714 584 2790 blematum
611 2715 699 2810 petit
713 2704 750 2808 (⁴)
776 2724 925 2811 propter
952 2715 1050 2810 quod
1069 2715 1297 2810 quicumque
1316 2715 1467 2790 luerunt
1484 2717 1553 2791 viri

381 2835 601 2909 excellentes
617 2843 684 2908 aut
701 2835 903 2910 secundum
922 2835 1199 2931 philosophiam,
1212 2841 1278 2908 aut
1295 2835 1468 2930 politiam,
1489 2845 1556 2911 aut

380 2954 532 3050 poesim,
558 2962 624 3028 aut
648 2963 746 3030 artes
773 2956 944 3030 videntur
961 2976 1042 3030 esse
1060 2954 1324 3047 melancholici,
1348 2955 1466 3049 qualis
1486 2955 1555 3029 suit

379 3075 575 3168 Hercules3
594 3075 731 3150 Tollius
749 3082 884 3170 tamen,
902 3077 960 3151 cui
979 3076 1117 3150 dictum
1137 3096 1210 3150 non
1227 3077 1356 3172 placet,
1375 3076 1468 3151 ridet
1485 3078 1555 3150 hoc

380 3197 417 3272 in
443 3218 511 3272 suo
537 3198 754 3272 Tusculano.
767 3237 817 3251 -
830 3203 950 3271 Amor.
977 3196 1043 3272 llic
1074 3204 1181 3292 poeta
1212 3197 1369 3272 ostendit
1393 3198 1552 3272 formam

379 3323 417 3391 et
446 3317 666 3392 suavitatem
699 3323 827 3392 cantus
860 3317 962 3391 istius
995 3319 1157 3411 Casellae,
1191 3323 1228 3392 et
1261 3317 1424 3392 breviter
1456 3317 1554 3412 dicit,

378 3438 477 3532 quod
509 3438 648 3512 Casella
678 3438 879 3512 benevolus
915 3458 988 3511 non
1016 3438 1172 3512 tardavit
1201 3436 1260 3511 rel
1292 3437 1441 3532 negavit
1465 3458 1554 3511 can-

379 3564 471 3651 tare,
498 3559 592 3632 sicut
617 3564 671 3632 est
697 3578 896 3634 commune
914 3559 1041 3632 vitium
1065 3558 1232 3631 omnium
1252 3563 1485 3632 cantatorum
1502 3550 1553 3650 (⁵),

378 3680 442 3772 qui
463 3686 549 3752 sunt
567 3679 695 3776 rogati,
716 3685 756 3752 ut
773 3681 823 3753 ait
839 3679 1026 3772 horatium
1044 3679 1107 3753 sed
1124 3678 1246 3754 statim
1265 3678 1376 3773 coepit
1395 3699 1550 3773 canere,

236 3859 238 3866 ,
379 3798 479 3872 unde
503 3797 611 3872 dicit:
638 3802 706 3890 elli,
732 3799 867 3873 scilicet
892 3800 1043 3893 Casella,
1064 3790 1232 3871 conducio
1257 3819 1281 3870 a
1306 3801 1378 3888 dir,
1404 3799 1551 3893 scilicet,

378 3918 583 3992 cantando:
610 3925 722 3993 autor
751 3921 810 3992 che
842 3921 936 3992 rullo
970 3927 1079 3994 menta
1108 3922 1158 3992 mi
1181 3922 1345 4010 rupiano.
1372 3919 1437 3993 llic
1466 3925 1552 3994 nota

378 4038 477 4131 quod
508 4039 642 4114 Dantes
674 4039 757 4114 iecit
795 4038 902 4113 istam
940 4038 1184 4114 cantationem
1200 4029 1238 4130 (⁶)
1270 4038 1317 4112 de
1355 4039 1553 4114 virtutihus

378 4164 416 4233 et
440 4159 685 4254 pulcritudine
709 4159 892 4233 Beatricis.
925 4161 1004 4253 lpse
1036 4158 1133 4234 enim
1167 4158 1321 4231 nimium
1352 4158 1554 4233 delectatus

377 4279 426 4355 ah
451 4281 527 4375 ipsa
548 4281 745 4376 juventute
765 4280 864 4355 sonis
889 4288 926 4355 et
952 4280 1118 4354 cantibus
1145 4279 1293 4354 musicis
1318 4280 1386 4354 suit
1410 4281 1553 4355 amicus

377 4400 549 4475 omnihus
574 4401 719 4496 optimis
745 4401 893 4476 musicis
919 4407 956 4476 et
985 4399 1194 4475 citharoedis
1220 4399 1278 4473 sui
1304 4400 1490 4496 temporis,
1517 4409 1554 4476 et

376 4523 580 4617 praesertim
612 4523 760 4598 Casellae
775 4511 824 4616 (⁷),
852 4521 915 4616 qui
949 4521 1126 4596 intonavit
1157 4521 1293 4593 multos
1321 4541 1431 4595 sonos
1457 4521 1553 4616 eius;

376 4649 414 4718 et
430 4643 643 4737 predictam
665 4643 882 4718 cantilenam
908 4643 955 4717 de
980 4662 1110 4717 amore
1130 4641 1303 4714 Beatricis
1323 4641 1501 4715 intonavit
1515 4633 1554 4735 (⁸)

439 4830 466 4892 (’)
482 4832 514 4883 Ε.
530 4832 666 4896 generalis.
1068 4828 1095 4890 (’)
1112 4831 1137 4880 S.
1155 4831 1267 4880 maxime
1283 4831 1342 4892 quia
1355 4829 1473 4892 juvenes.

438 4905 464 4969 (⁸)
481 4906 512 4956 Β.
529 4907 564 4956 Et
579 4907 630 4958 hic.
1066 4906 1093 4967 (⁴)
1111 4907 1141 4955 E.
1158 4907 1230 4969 petit,
1248 4919 1329 4969 quare
1346 4904 1512 4968 quicumque.

439 4982 466 5044 (“)
482 4984 513 5034 E.
529 4997 545 5034 e
562 4988 616 5045 ¹¹⁷,
634 4991 771 5037 cantorum
786 4986 889 5050 quando
905 4989 973 5034 sunt.
1067 4981 1094 5044 (⁸)
1111 4983 1142 5034 E.
1158 4996 1174 5033 e
1191 4986 1245 5042 117,
1262 4982 1416 5033 caudunum.

440 5059 467 5121 (¹)
484 5061 514 5111 ii.
532 5062 572 5112 isti
588 5062 702 5114 (hoello.

440 5137 466 5202 (·)
484 5143 538 5198 1¹⁷.
556 5139 682 5193 intonavit
696 5147 724 5192 et
740 5141 877 5206 aliquando
893 5140 1005 5191 canunt
1022 5151 1083 5189 curn
1099 5152 1202 5189 summa
1218 5138 1398 5188 delectatione.
