4542 6842
742 985 880 1043 caurus
904 987 1061 1043 necinus
1086 989 1249 1043 nunnus.
1505 975 1574 1044 361

404 1131 465 1210 ote
488 1138 525 1208 in
550 1136 670 1224 moui,
688 1132 834 1227 scilicet,
853 1133 890 1206 in
915 1134 1087 1208 euntibus
1112 1133 1159 1208 ad
1184 1134 1460 1230 indulgentiam,
1481 1121 1579 1226 psetd

405 1261 492 1329 tosto
517 1257 548 1327 si
569 1274 704 1346 popolo,
730 1253 833 1347 idest,
854 1253 1056 1348 compassio
1082 1253 1154 1329 cito
1179 1259 1392 1351 generetur,
1417 1274 1489 1326 non
1507 1273 1579 1344 pur

401 1395 467 1468 per
492 1377 526 1447 lo
551 1394 664 1446 sonna·
689 1375 776 1448 delle
789 1377 930 1467 parole,
949 1374 1083 1467 quibus
1103 1375 1265 1448 multum
1287 1383 1488 1469 provocant
1507 1394 1577 1447 au-

403 1493 542 1568 dientes
569 1492 645 1588 pios
669 1493 716 1568 ad
743 1492 1044 1589 misericordiam,
1069 1515 1129 1568 mo
1151 1515 1218 1586 per
1244 1497 1280 1567 la
1306 1498 1395 1567 outa
1420 1495 1480 1567 olto
1503 1514 1577 1566 noo

403 1635 504 1688 meno
528 1634 685 1706 opopoo,
704 1613 806 1708 idest,
824 1615 934 1689 latrat
958 1621 996 1690 ot
1019 1615 1155 1689 clamat
1179 1614 1379 1709 melleam,
1402 1615 1477 1688 imo
1495 1635 1577 1686 ma-

404 1735 459 1832 gis
484 1742 609 1810 movet
634 1733 680 1809 ad
705 1735 994 1830 compassionem
1021 1735 1195 1810 videntes.
1215 1737 1259 1810 lit
1277 1736 1334 1810 liic
1355 1743 1440 1810 nota
1460 1757 1577 1829 quan-

404 1861 484 1928 tum
510 1855 578 1928 ista
603 1855 840 1950 comparatio,
867 1875 951 1949 quae
978 1854 1122 1930 videtur
1147 1855 1355 1930 communis
1381 1861 1419 1930 et
1448 1855 1576 1930 dome·-

363 1955 367 1962 ’
404 1975 506 2069 stica,
523 1981 579 2050 est
599 1974 844 2070 propriissima
870 1995 937 2070 per
959 1995 1089 2050 omncs
1105 1983 1229 2071 partes
1250 1995 1347 2049 suas.
1366 1974 1458 2050 Caeci
1477 1974 1575 2049 enim

404 2102 498 2170 stant
508 2097 616 2190 juxta
634 2096 811 2190 templum
829 2101 1010 2188 sanctum,
1029 2101 1066 2170 et
1091 2095 1141 2169 ita
1167 2095 1288 2188 invidi,
1306 2095 1470 2190 quisunt
1488 2095 1574 2168 caeci

296 2283 300 2290 .
404 2214 489 2308 quia
516 2216 651 2291 habent
675 2217 802 2291 oculos
820 2216 877 2290 hic
894 2215 1049 2308 clausos,
1067 2221 1164 2290 stant
1178 2216 1287 2312 juna
1310 2220 1473 2290 montem
1491 2235 1577 2288 san·
1669 2252 1676 2272 ·

404 2340 527 2427 ctum3
554 2342 591 2409 et
616 2336 711 2410 sicut
735 2335 822 2410 caeci
848 2336 1026 2410 sustinent
1052 2341 1088 2410 et
1118 2342 1336 2430 supportant
1363 2357 1459 2410 unns
1484 2336 1577 2410 alte—

405 2474 502 2548 rum,
525 2456 575 2529 ita
596 2455 705 2530 invidi
724 2457 798 2530 hic:
818 2463 854 2530 et
870 2456 966 2530 siout
983 2456 1069 2530 caeci
1092 2462 1201 2530 orant
1218 2455 1277 2551 pie
1294 2463 1458 2553 petentes
1476 2457 1577 2532 elee-

405 2575 585 2649 mosinam
618 2597 692 2669 qua
732 2575 903 2671 indigent,
942 2575 989 2650 ita
1028 2575 1139 2651 invidi
1177 2575 1235 2670 pie
1273 2583 1380 2650 orant
1411 2584 1577 2672 petentes

405 2695 550 2770 veniam
578 2717 652 2789 qua
683 2695 864 2792 indigent3
891 2703 928 2770 et
953 2696 1047 2770 sicut
1076 2695 1189 2790 aliqui
1223 2700 1354 2770 euntes
1381 2697 1488 2792 juxta
1514 2717 1577 2771 ec·

405 2815 553 2890 clesiam
579 2823 777 2891 moventur
802 2815 849 2890 ad
873 2815 1165 2911 compassionem
1189 2836 1279 2912 erga
1296 2835 1413 2890 caecos
1434 2825 1509 2892 tam
1527 2837 1575 2892 ex

404 2937 546 3012 actibus
571 2957 683 3031 quam
702 2957 747 3011 ex
766 2937 899 3031 verbis,
924 2937 974 3011 ita
992 2937 1047 3010 isti
1066 2943 1184 3031 pootae
1202 2941 1331 3011 euntes
1343 2937 1450 3033 juxta
1468 2958 1576 3012 mon-

407 3063 481 3131 tem
502 3059 747 3134 movebantur
764 3058 810 3132 ad
828 3058 1117 3152 compassionem
1133 3079 1221 3153 erga
1234 3058 1322 3133 istos
1342 3058 1483 3134 invidos
1500 3067 1575 3134 tam

407 3197 452 3252 ex
479 3179 619 3254 actibus
644 3201 757 3273 quam
783 3199 829 3254 ex
856 3178 987 3254 verbis.
1002 3184 1097 3253 -Ε
1114 3201 1219 3252 come.
1237 3179 1303 3254 Hic
1319 3187 1427 3274 poeta
1445 3180 1578 3256 ultimo

406 3296 576 3372 describit
586 3298 752 3373 nltimam
767 3320 914 3394 poenam
928 3299 1161 3374 durissimam
1173 3300 1380 3374 invidorum
1395 3322 1462 3396 per
1474 3322 1577 3376 com-

406 3417 633 3512 parationem
652 3418 869 3493 eorumdem
897 3438 1095 3512 caecorum,
1116 3440 1199 3512 quae
1226 3427 1281 3493 est
1305 3421 1470 3495 similiter
1493 3443 1579 3516 pro-

408 3537 606 3631 priissima3
633 3545 671 3611 et
696 3539 775 3612 vult
800 3537 924 3612 dicere
949 3538 1223 3632 sententialiter,
1250 3539 1348 3632 qnod
1374 3540 1467 3614 sicut
1492 3542 1578 3615 caeci

404 3665 490 3731 sunt
514 3658 645 3752 privati
670 3659 763 3752 visu,
784 3659 834 3732 ita
855 3659 953 3752 quod
971 3680 1044 3734 non
1065 3665 1216 3755 possunt
1236 3659 1362 3735 videre
1379 3663 1507 3756 solem,
1529 3663 1578 3736 ita

404 3777 461 3852 isti
486 3778 596 3853 invidi
623 3779 757 3853 habent
783 3777 908 3853 oculos
933 3779 1087 3871 clausos,
1116 3778 1165 3853 ita
1198 3780 1296 3874 quod
1328 3800 1400 3855 non
1426 3789 1578 3875 possunt

405 3898 530 3972 videre
555 3899 669 3972 solem
693 3897 854 3994 justitiae,
881 3899 1011 3971 lleum.
1044 3898 1136 3972 Dicit
1167 3919 1277 3994 ergo:
1313 3905 1344 3971 Ε
1374 3921 1471 3972 come
1497 3903 1579 3990 opti

405 4019 483 4091 ortt
507 4039 577 4091 raon
605 4023 769 4112 approdn
793 4021 821 4092 11
842 4022 926 4108 sote,
945 4018 1048 4112 idest,
1070 4039 1143 4093 non
1164 4019 1306 4114 proiicit
1331 4020 1458 4094 lumen
1480 4021 1576 4116 solis,

406 4137 504 4230 quod
531 4158 604 4212 non
629 4138 763 4233 vident,
790 4145 827 4214 et
851 4139 957 4214 cuius
982 4138 1228 4233 pulcritudine
1247 4146 1285 4213 et
1301 4139 1384 4214 luce
1401 4161 1475 4214 non
1492 4161 1577 4234 pos-

406 4263 493 4330 sunt
525 4257 717 4353 delectari3
743 4252 815 4332 cosi
839 4280 863 4332 o
889 4262 911 4333 1
924 4261 1057 4349 omdre,
1084 4259 1185 4351 idest,
1211 4257 1407 4333 animabus
1436 4259 1577 4334 invido-

408 4399 504 4471 rum,
531 4382 604 4451 tuoe
627 4381 685 4451 det
705 4381 780 4469 ciel,
798 4378 890 4452 idest
906 4379 971 4470 sol,
992 4379 1139 4470 scilicet,
1158 4378 1270 4469 lleus,
1287 4400 1360 4452 non
1385 4383 1484 4452 moola
1498 4383 1578 4453 lor-

405 4502 464 4590 pir
498 4502 535 4572 di
566 4521 616 4590 se,
642 4499 733 4574 idest
759 4519 832 4572 non
859 4499 937 4572 vult
967 4499 1105 4573 donare
1134 4520 1186 4593 se,
1212 4502 1284 4592 poi,
1310 4500 1412 4594 idest,
1442 4501 1478 4574 in
1511 4502 1577 4576 isto

273 4669 275 4674 -
404 4619 565 4694 secundo
583 4619 734 4712 circulo,
757 4621 839 4692 dov'
851 4621 887 4692 io
900 4621 1134 4711 portno’ora,
1149 4619 1236 4712 qnia
1253 4619 1310 4693 isti
1332 4640 1404 4694 non
1427 4630 1579 4715 possunt

406 4741 531 4816 videre
555 4741 673 4815 Deum
701 4737 875 4834 quamdiu
903 4745 1000 4812 stant
1026 4739 1063 4814 in
1088 4739 1156 4813 ista
1183 4741 1395 4835 poena‚.sed
1421 4748 1578 4839 purgata
1703 4844 1705 4847 Ι

405 4861 512 4956 culpa
539 4860 723 4953 videbunt,
750 4859 979 4934 sicutmodo
1006 4865 1131 4954 optant
1156 4867 1194 4934 et
1224 4868 1381 4954 sperant.
1413 4861 1457 4932 Et
1487 4862 1579 4936 assi-

405 4990 495 5079 gnat
518 5002 680 5075 causam,
707 4980 849 5056 dicens:
876 4981 936 5052 clo
961 5001 986 5052 o
1011 4986 1090 5054 tutte
1114 5003 1162 5055 un
1179 4984 1222 5074 fil
1240 4984 1277 5054 di
1298 4986 1400 5075 ferro
1425 4985 1453 5055 11
1475 4985 1578 5073 optio

404 5107 503 5196 soro,
531 5101 621 5176 idest
653 5101 735 5196 suit,
762 5107 804 5175 ut
833 5098 926 5173 inira
956 5098 1088 5173 dicitur
1119 5100 1280 5195 plenius:
1312 5108 1352 5177 et
1381 5101 1443 5175 dat
1474 5100 1575 5175 filum
