4542 6842
789 951 927 1009 cunnus
952 955 1147 1012 sccunnus.
1503 932 1551 1013 tt

375 1096 548 1194 Angelus
566 1119 628 1170 sen
644 1089 703 1188 pto
720 1100 807 1171 com'
820 1101 853 1172 el
877 1121 985 1172 ocem
1010 1103 1135 1192 veloce,
1152 1101 1240 1194 quia
1261 1101 1341 1196 pari
1358 1103 1553 1178 velocitate

375 1201 507 1294 redirit
533 1237 599 1312 pro
624 1216 703 1290 aliis
728 1217 922 1292 animabus
948 1220 1144 1314 portandis.

446 1341 499 1410 Lu
526 1337 638 1412 turbo.
660 1339 731 1412 lsta
757 1345 813 1412 est
839 1340 947 1414 tertia
971 1361 1056 1436 pars
1081 1343 1276 1438 generalis,
1294 1343 1330 1416 in
1351 1365 1425 1437 qua
1443 1352 1550 1439 poeta

372 1456 545 1532 describit
572 1477 684 1531 unam
720 1458 869 1532 turbam
898 1460 1110 1534 animarum
1143 1469 1374 1556 portatarum
1401 1465 1449 1540 ab
1475 1467 1552 1538 An-

373 1579 468 1674 geia,
494 1597 541 1652 ex
568 1599 730 1672 quarum
756 1599 915 1654 numero
932 1581 1163 1678 recognoscit
1178 1582 1340 1656 animam
1363 1584 1472 1658 unius
1493 1587 1550 1660 sui

373 1697 503 1773 dilecti.
522 1699 568 1773 Et
584 1699 704 1793 primo
720 1701 876 1778 ostendit
894 1721 1039 1777 morem
1057 1723 1202 1796 earnm,
1219 1703 1361 1779 dicens:
1380 1707 1417 1777 lu
1433 1708 1549 1798 turbo,

373 1819 507 1895 seilicet
533 1820 679 1894 illorum
705 1821 912 1916 spirituum,
933 1825 993 1896 cltc
1012 1827 1145 1897 amose
1168 1817 1206 1914 li,
1226 1845 1345 1916 porco
1367 1828 1549 1918 selooppto

373 1943 431 2015 del
454 1944 543 2032 loco,
569 1941 672 2035 idest,
699 1942 826 2037 ignara
853 1944 934 2038 loci,
959 1945 1059 2038 qnod
1079 1944 1330 2038 ostendebant,
1346 1949 1549 2021 mutando

373 2066 528 2148 mono,
553 2062 646 2136 sicut
671 2062 809 2136 iaciunt
834 2064 1017 2160 peregrini
1043 2065 1080 2138 in
1108 2071 1207 2140 terra
1224 2065 1360 2160 ignota,
1378 2067 1477 2142 unde
1492 2067 1549 2140 di-

372 2182 440 2256 cit:
466 2203 562 2256 come
586 2185 677 2256 colat
700 2185 760 2256 cltc
783 2204 901 2258 nacon
926 2205 1008 2256 coso
1025 2188 1218 2277 osseppio5
1238 2191 1277 2258 et
1293 2185 1351 2259 isti
1369 2195 1549 2262 venerant

371 2302 418 2376 ad
444 2323 578 2376 novam
605 2323 686 2376 rem
718 2304 942 2396 tentandam,
968 2304 1105 2379 scilicet
1136 2304 1184 2378 ad
1213 2305 1475 2410 poenitentiam.
1503 2307 1548 2380 Et

236 2444 240 2453 ·
371 2405 556 2496 continuo
578 2410 734 2497 ostendit
767 2425 916 2517 quando
947 2430 984 2498 et
1014 2425 1103 2518 quid
1132 2425 1290 2499 dixerint
1320 2425 1369 2500 illi
1399 2427 1547 2521 spiritus

370 2542 433 2618 eis.
461 2542 563 2618 Unde
588 2542 759 2620 describit
785 2551 930 2639 tempus
956 2544 1128 2619 idoneum
1161 2545 1347 2640 processui
1377 2545 1545 2641 istorum,

370 2670 408 2738 et
432 2663 513 2738 vult
537 2663 699 2740 breviter
725 2665 847 2740 dicere
875 2665 973 2758 quod
994 2666 1073 2760 iam
1099 2665 1210 2740 tiebat
1234 2664 1312 2740 dies
1336 2665 1435 2740 clara
1463 2668 1547 2742 ubi·

370 2805 445 2878 que
476 2784 514 2857 in
549 2784 609 2858 illo
640 2785 877 2880 hemisperio,
900 2785 998 2880 quod
1032 2785 1189 2860 ostendit
1223 2806 1289 2880 per
1318 2786 1467 2860 evidens
1495 2788 1546 2861 si·
1629 2837 1633 2843 .

370 2925 500 2999 gnum,
525 2904 613 2998 qnia
637 2904 773 2978 scilicet
798 2906 1045 3000 capricornus,
1065 2906 1128 3000 qui
1149 2911 1230 2980 erat
1259 2907 1370 3000 paulo
1394 2913 1480 2981 ante
1506 2908 1543 2980 in

370 3025 491 3099 medio
511 3024 605 3118 coeli,
623 3024 870 3100 declinaverat
890 3025 1160 3120 aliquantulum
1185 3026 1232 3100 ad
1256 3046 1431 3102 occasum
1457 3048 1544 3123 pro·

369 3144 522 3220 cedente
547 3145 646 3239 sole;
673 3165 759 3218 nam
786 3151 828 3219 ut
861 3144 999 3219 dictum
1032 3153 1088 3222 est
1118 3146 1157 3220 in
1186 3146 1363 3242 principio
1396 3147 1543 3244 capituli

369 3284 443 3338 nox
468 3264 579 3338 fiebat
605 3264 708 3338 nobis
733 3264 770 3337 in
795 3263 899 3358 libra,
917 3271 955 3340 et
974 3266 1213 3360 capricornus
1238 3267 1469 3342 cst'tertium
1495 3269 1545 3342 si·

367 3405 485 3480 gnum
511 3389 590 3479 post
615 3385 759 3477 libram,
785 3384 867 3458 ideo
893 3391 973 3460 erat
998 3387 1035 3459 in
1062 3386 1183 3460 medio
1204 3387 1306 3480 cmii,
1332 3409 1418 3462 nam
1446 3410 1545 3464 sem-

367 3525 523 3600 persen
553 3505 655 3601 signa
686 3511 771 3578 sunt
799 3512 1075 3599 superterram
1102 3516 1140 3581 et
1168 3528 1232 3582 sex
1265 3509 1359 3584 inlra
1392 3517 1544 3603 terram,

367 3645 607 3720 quocumque
632 3631 800 3720 tempore
817 3626 913 3700 dato.
935 3627 1027 3701 Dicit
1052 3647 1162 3724 ergo:
1181 3632 1217 3702 lo
1232 3632 1298 3721 sol,
1316 3630 1438 3704 oriens
1455 3651 1542 3704 cum

366 3747 483 3821 ariete
508 3745 569 3841 ibi,
594 3748 645 3819 cll'
658 3767 748 3818 cocu
772 3751 925 3820 cocctoto
941 3751 969 3821 tl
983 3752 1195 3841 cambono
1216 3753 1267 3823 do
1285 3771 1408 3823 mezzo
1423 3754 1451 3824 tl
1464 3754 1541 3840 cccl,

367 3869 454 3961 quia
477 3867 570 3942 sicut
587 3866 641 3941 sol
660 3868 847 3962 paullatim
865 3868 1096 3962 ascendebat,
1114 3868 1165 3942 ita
1182 3870 1418 3965 capricornus
1435 3871 1542 3966 paul-

366 3987 467 4062 latim
495 3987 710 4080 declinabat,
727 3995 886 4060 socttooo
901 3991 929 4061 tl
942 3992 1084 4079 moeno,
1103 3988 1205 4080 idest,
1223 3990 1414 4065 emittebat
1429 3992 1540 4084 diem,

365 4129 432 4181 coo
456 4111 487 4180 lc
511 4115 617 4180 scelte
641 4115 751 4198 cocto,
777 4107 880 4202 idest,
897 4128 985 4182 cum
1013 4109 1121 4183 radiis
1141 4110 1218 4183 suis
1243 4110 1455 4205 manifestis,
1474 4112 1538 4206 qui

366 4229 468 4303 reiut
497 4228 638 4324 sagittae
674 4228 772 4302 acuti
804 4228 940 4303 feriunt
971 4235 1008 4302 et
1040 4234 1233 4324 penetrant
1265 4231 1456 4325 subtiliter,
1491 4235 1540 4306 do

364 4355 445 4424 talla
463 4353 577 4442 porti,
602 4350 640 4422 in
666 4349 887 4444 bemisperio
922 4350 992 4423 illo.
1027 4351 1071 4422 nt
1103 4351 1155 4424 sic
1186 4351 1269 4424 vide
1300 4352 1410 4444 quod,
1445 4353 1540 4426 sicut
1619 4445 1620 4448 p

364 4469 584 4565 predixerat
609 4469 662 4544 eis
691 4470 792 4563 Cato,
818 4470 872 4544 sol
902 4471 1025 4544 oriens
1056 4470 1271 4549 ostendebat
1301 4473 1354 4545 eis
1386 4473 1468 4567 iter,
1502 4482 1541 4548 et

363 4591 582 4666 ascendebat
606 4591 807 4686 paullatim,
833 4592 927 4666 sicut
959 4598 996 4665 et
1022 4591 1087 4686 ipsi
1113 4593 1310 4667 ascendent
1335 4595 1540 4688 paullatim,

364 4715 506 4811 pundo
530 4716 567 4786 lo
590 4733 709 4786 naccon
731 4719 843 4804 pene,
869 4731 953 4807 quae
987 4713 1130 4788 noviter
1160 4714 1354 4809 appulerat
1377 4714 1422 4790 ad
1450 4715 1539 4788 illud

363 4853 501 4907 novum
526 4832 623 4925 litus,
650 4826 733 4906 αἰπὰ
757 4835 795 4906 lo
816 4837 935 4927 boote
956 4827 1017 4906 odr
1035 4836 1108 4926 cot,
1125 4840 1263 4928 putans
1286 4854 1353 4908 nos
1378 4834 1458 4909 lore
1483 4835 1541 4908 in·

363 4953 460 5028 colas
485 4953 581 5026 illius
606 4953 686 5047 loci,
712 4956 858 5026 abendo
882 4975 908 5025 o
929 4957 1009 5025 nol:
1033 4975 1070 5025 sc
1095 4955 1154 5025 ooi
1176 4961 1307 5045 sopete,
1329 4961 1538 5028 mostrotene

363 5076 400 5146 lo
425 5075 483 5145 oio
508 5074 547 5145 dl
568 5075 646 5163 pire
671 5076 710 5146 ol
732 5080 859 5165 moab,
886 5073 971 5166 quia
1002 5072 1221 5168 ignorabant
1250 5074 1348 5148 viam
1381 5074 1535 5147 virtutis.

497 5213 537 5255 111.
1388 5216 1402 5256 b
