4542 6842
799 948 938 1005 cuorus
962 950 1128 1016 oumrus.
1477 939 1546 1007 1l3

376 1095 474 1170 lama
500 1101 564 1169 tua
586 1114 659 1167 nou
685 1093 906 1191 praedicatur
924 1096 974 1171 ab
993 1096 1097 1169 aliisi
1115 1103 1153 1170 et
1179 1104 1328 1192 reputes
1354 1102 1395 1171 tu
1421 1096 1485 1173 tibi
1501 1098 1547 1173 ad

375 1217 529 1314 gloriam
561 1215 591 1288 si
624 1216 840 1291 monstraris
867 1217 979 1313 digitu
1021 1216 1058 1290 in
1095 1219 1241 1313 pupulo,
1280 1224 1317 1293 et
1346 1218 1393 1295 de
1425 1224 1461 1293 te
1492 1217 1547 1293 di·

374 1343 480 1413 eatur
506 1336 601 1411 inter
627 1337 811 1411 homines:
837 1337 903 1411 llic
923 1343 978 1411 est
1004 1336 1087 1411 illel
1110 1337 1164 1411 Ad
1190 1338 1415 1433 propositum
1443 1358 1546 1435 ergo,

375 1458 453 1532 vult
478 1478 577 1532 nune
602 1457 773 1554 Virgilius
803 1458 927 1533 dicere
957 1458 1087 1531 Danti:
1119 1458 1306 1553 popularis
1337 1478 1440 1532 aurae
1476 1458 1548 1533 vile

376 1578 598 1673 mancipium
624 1598 699 1651 non
724 1584 761 1653 te
787 1583 935 1653 moveat
959 1577 1058 1673 vulgi
1085 1583 1237 1671 stupor3
1257 1598 1341 1651 nam
1362 1577 1493 1653 melius
1511 1585 1548 1652 et
1641 1654 1646 1663 ,

375 1698 490 1773 tutius
515 1705 569 1773 est
595 1697 674 1772 lieri
699 1699 842 1773 clarum
869 1698 1017 1791 virtute,
1036 1719 1149 1791 quam
1178 1697 1276 1772 lama
1302 1696 1440 1771 talium.
1469 1700 1546 1774 Non

375 1824 430 1893 est
456 1838 544 1892 vera
570 1818 687 1891 virtus
707 1817 767 1891 cui
784 1817 1034 1893 testimonium
1053 1817 1284 1891 eonscientiae
1301 1839 1375 1892 non
1401 1818 1546 1893 suflicit.

374 1938 418 2011 Et
442 1937 504 2011 dat
528 1937 699 2034 Virgilius
723 1937 904 2031 optimum
931 1936 1122 2011 consilium
1159 1936 1276 2031 Danti,
1302 1937 1445 2013 dicens:
1472 1941 1548 2013 vien

376 2061 488 2136 dietro
513 2079 537 2131 n
561 2080 629 2149 me,
654 2058 717 2152 qui
743 2058 841 2133 duno
866 2058 974 2133 lead
1006 2058 1193 2153 virtutem,
1221 2078 1294 2133 uon
1322 2058 1369 2133 ad
1402 2059 1548 2134 inanem

375 2178 531 2277 gloriam
558 2179 713 2253 istorum
741 2178 879 2271 vilium,
904 2178 1010 2272 quasi
1036 2178 1156 2253 dieat:
1190 2180 1341 2254 consule
1368 2180 1548 2275 judicium

377 2300 538 2394 rationis,
557 2320 629 2372 non
646 2298 759 2395 vulgi,
777 2298 814 2372 in
832 2299 1075 2373 examinando
1093 2306 1146 2392 te3
1166 2300 1263 2374 unde
1280 2300 1383 2375 dicit:
1402 2322 1421 2371 e
1437 2304 1547 2375 marin

377 2424 435 2495 ‹lir
460 2424 492 2494 le
515 2425 621 2511 penti,
647 2420 817 2514 quotiens
843 2427 949 2514 putas
974 2421 1044 2495 lroo
1074 2420 1247 2496 accidisse
1277 2428 1403 2495 nostro
1432 2428 1551 2515 poetae

378 2540 468 2615 dum
504 2540 676 2615 transiret
710 2559 777 2633 per
811 2547 929 2614 terras
961 2538 1084 2633 ltaliae,
1119 2540 1218 2634 quod
1252 2540 1349 2615 oculi
1382 2540 1549 2615 omnium

378 2661 689 2737 eonvertebantur
727 2660 764 2733 iu
797 2680 886 2735 eum
924 2665 963 2735 et
998 2680 1066 2735 ora
1099 2660 1265 2734 omnium
1306 2660 1551 2753 loquebantur

379 2782 426 2857 de
450 2802 509 2876 eo,
534 2790 571 2857 et
596 2782 672 2877 ipse
698 2781 733 2855 iu
762 2779 887 2855 animo
918 2780 1168 2874 complacebat
1200 2779 1277 2853 sibi.
1304 2780 1388 2853 lden
1422 2786 1549 2853 contra

379 2910 532 2979 ventum
559 2903 668 2975 istum
695 2901 800 2975 dicit:
824 2905 903 2993 slo',
916 2922 1013 2974 come
1027 2908 1137 2992 torre,
1155 2905 1283 2995 sermo,
1302 2900 1437 2975 scilicet
1462 2921 1551 2975 cun-

378 3032 477 3099 stans
500 3031 538 3099 et
563 3023 676 3116 tortis,
700 3025 762 3095 cte
785 3044 856 3097 non
882 3025 995 3097 crotta
1019 3024 1190 3112 mummui
1215 3025 1251 3095 ln
1275 3024 1379 3113 uma,
1397 3022 1492 3096 sieut
1509 3028 1550 3095 tu

380 3145 553 3221 volvebas
579 3145 687 3217 modo
712 3151 833 3238 caput,
857 3165 924 3236 per
947 3146 1074 3238 sosfiur
1102 3146 1141 3217 di
1167 3146 1270 3234 uuiti,
1296 3142 1398 3235 idest,
1424 3142 1552 3239 glorie

380 3285 484 3340 vauae
510 3286 595 3359 qum
621 3272 721 3339 reete
745 3263 967 3338 assimilatur
992 3268 1114 3355 vento,
1138 3268 1178 3336 ut
1203 3262 1345 3337 dicetur
1373 3262 1485 3336 inira:
1513 3270 1550 3338 et

379 3384 539 3481 assignat
563 3405 714 3459 causam
740 3384 797 3457 sui
823 3383 907 3458 dicti
932 3382 1080 3457 dicens:
1106 3385 1166 3456 clu
1191 3402 1327 3474 sempre
1351 3384 1490 3455 luomo
1514 3385 1551 3456 in

380 3509 435 3579 uri
445 3510 587 3599 puniar
603 3508 794 3597 rumpono,
812 3504 915 3598 idest,
932 3504 1141 3599 repullulat,
1154 3524 1263 3597 sopra
1274 3505 1430 3595 peusin,
1448 3503 1551 3595 quasi

381 3624 499 3699 dieat:
526 3625 674 3719 quando
699 3617 957 3721 ongitameut')
983 3644 1122 3697 vanum
1155 3622 1315 3698 nascitur
1349 3643 1461 3718 supra
1490 3644 1553 3699 uo·

382 3747 545 3843 gitamen
570 3747 708 3820 bonum
736 3744 885 3839 impedit
910 3744 1188 3838 acquisitionem
1206 3742 1330 3839 primi3
1350 3744 1432 3819 ideo
1449 3744 1550 3819 dicit:

383 3870 432 3941 ‹ln
456 3888 494 3940 se
517 3869 663 3956 dilunpu
687 3868 716 3939 it
736 3886 858 3956 sepau,
889 3864 992 3959 idest,
1022 3862 1132 3937 linem
1159 3863 1406 3959 principaliter
1435 3863 1554 3939 inten-

386 3994 478 4080 tum,
503 3986 608 4079 quasi
632 3984 739 4079 dieat,
766 3984 883 4080 perdit
918 3983 1159 4058 substantiam
1190 4003 1257 4079 pro
1283 3983 1491 4077 accidente5
1517 3989 1554 4059 et

383 4126 470 4181 eene
495 4126 635 4200 quare:
657 4101 786 4199 perciti
809 4108 846 4178 ln
872 4108 975 4198 supa,
1000 4103 1103 4197 idest,
1128 4124 1313 4198 pressura,
1343 4105 1387 4177 de
1412 4105 1554 4193 t'nltro,

383 4226 529 4319 scilieet,
555 4226 783 4322 uogitamiuis
807 4225 1026 4301 secundario
1049 4224 1286 4319 advenientis,
1305 4227 1434 4299 insultu
1458 4226 1554 4314 taut,

383 4346 488 4439 idest,
505 4346 635 4441 privat,
654 4347 712 4420 vel
728 4346 890 4420 debilitat
905 4345 1140 4441 primum—
1152 4347 1219 4417 Cle
1230 4352 1348 4437 putea.
1367 4346 1431 4419 llic
1448 4350 1553 4439 poeta

384 4466 540 4541 ostendit
573 4486 680 4540 suam
715 4466 849 4541 bonam
885 4464 1153 4539 porrectionem
1187 4465 1234 4538 ad
1267 4464 1553 4561 increpationem

384 4584 533 4683 Virgilii,
559 4586 646 4679 quia
670 4586 755 4663 lecit
781 4604 886 4659 more
909 4584 997 4659 boui
1014 4583 1095 4677 viri,
1112 4583 1177 4678 qui
1196 4604 1269 4658 nou
1293 4584 1503 4681 indignatur
1520 4592 1558 4661 et

386 4727 460 4781 nou
486 4706 613 4781 nititur
637 4726 818 4782 excusare
841 4726 1010 4781 errorem
1036 4726 1160 4799 uuum,
1178 4705 1253 4781 imo
1280 4714 1496 4783 reverenter
1520 4714 1558 4783 et

388 4826 588 4922 prudenter
605 4826 750 4901 subiicit
775 4847 816 4901 se
840 4825 1057 4900 eorrectioni
1083 4833 1121 4900 et
1145 4833 1251 4921 paret
1275 4834 1468 4925 precepto.
1494 4829 1557 4903 lti-

448 5079 476 5141 (⁸)
491 5078 523 5129 tt.
538 5079 684 5143 cogitamen
699 5086 819 5130 uuutrum
833 5092 938 5130 vanum.
