4542 6842
755 948 894 1004 caurus
919 948 1076 1005 bromus
1101 948 1243 1004 unimus.
1510 932 1581 1003 303

409 1093 511 1188 idest,
545 1092 700 1168 diabolo.
734 1094 777 1167 Et
812 1095 869 1169 bic
898 1102 984 1169 nota
1015 1094 1126 1190 quod,
1158 1100 1200 1167 ut
1229 1094 1315 1168 dicit
1345 1092 1584 1190 Augustinus,

409 1234 482 1288 non
508 1226 660 1289 oramus
686 1214 743 1289 bio
775 1221 817 1289 ut
847 1236 920 1289 non
951 1222 1151 1306 tentemur,
1176 1215 1239 1289 sed
1265 1219 1307 1287 ut
1333 1235 1406 1289 non
1432 1214 1585 1287 indura·

410 1356 497 1408 mur
525 1334 562 1408 in
593 1337 853 1430 tentationem3
885 1336 978 1409 siout
1010 1336 1038 1409 si
1073 1335 1215 1429 aliquis,
1251 1334 1311 1408 eui
1347 1354 1498 1407 neeesse
1528 1340 1584 1407 est

409 1456 493 1552 igne
519 1456 734 1550 examinari,
761 1477 833 1530 non
859 1462 941 1530 orat
967 1464 1009 1529 ut
1034 1456 1118 1552 igne
1144 1476 1217 1529 non
1243 1459 1430 1550 tangatur,
1453 1453 1515 1527 sed
1544 1460 1586 1527 ut

410 1596 484 1649 non
510 1583 701 1650 exuratur.
729 1578 773 1650 Et
798 1576 938 1650 subdit:
966 1598 1024 1649 ma
1043 1579 1167 1667 abero,
1185 1576 1330 1669 scilicet,
1354 1595 1432 1667 nos,
1453 1577 1502 1647 da
1523 1575 1584 1665 lui,

410 1696 557 1789 scilicet,
583 1696 760 1790 daemone,
783 1699 843 1768 cle
868 1688 897 1769 si
923 1700 960 1769 to
985 1717 1134 1791 rprona,
1152 1695 1254 1788 idest,
1272 1695 1446 1767 stimulat.
1466 1694 1510 1765 Et
1527 1693 1584 1767 bio

411 1824 496 1890 nota
524 1817 621 1911 quod
647 1824 754 1911 poeta
779 1816 837 1891 bio
863 1818 1029 1911 seqnitur
1054 1817 1233 1890 Thomam
1261 1816 1307 1889 de
1331 1814 1485 1908 Aquino.
1510 1812 1586 1885 nli-

411 1937 474 2031 qui
502 1945 625 2013 tamen
650 1939 790 2031 volunt,
816 1939 914 2031 quod
940 1959 1026 2013 oum
1053 1938 1203 2013 dieitur:
1229 1940 1292 2011 sed
1316 1938 1439 2026 libera,
1462 1936 1508 2008 sit
1527 1954 1586 2009 se-

411 2058 524 2153 ptima
547 2058 683 2153 petitio,
709 2058 757 2132 ita
785 2066 827 2132 ut
852 2066 999 2153 petatur
1024 2059 1192 2133 liberatio
1217 2059 1265 2132 ab
1290 2057 1391 2131 omni
1413 2057 1522 2129 malo.
1540 2055 1585 2128 Et

411 2176 469 2251 bie
498 2188 584 2253 nota
616 2178 712 2271 quod
743 2183 782 2251 ut
806 2178 917 2272 aliqui
944 2179 1084 2271 volunt,
1110 2177 1188 2251 istae
1219 2187 1357 2272 septem
1390 2175 1584 2271 petitiones

410 2298 618 2371 contineant
643 2303 781 2392 septem
809 2298 963 2372 virtutes
988 2305 1114 2373 contra
1141 2306 1281 2392 septem
1300 2297 1407 2389 vitia;
1426 2295 1508 2369 ideo
1527 2294 1586 2366 ul-

411 2396 501 2490 limo
526 2418 673 2511 ponitur
699 2418 895 2511 conclusio,
912 2439 1034 2511 amen,
1053 2418 1157 2512 quasi
1175 2418 1288 2492 dicat:
1307 2437 1406 2491 verae
1424 2422 1462 2489 et
1474 2416 1586 2511 justae

411 2542 496 2612 sunt
521 2536 711 2633 petitiones
736 2538 799 2611 tibi
825 2538 1029 2633 propositae,
1053 2538 1134 2613 ideo
1162 2559 1227 2611 uos
1254 2536 1431 2612 exaudire
1455 2536 1585 2631 digne-

412 2658 471 2731 ris.
499 2658 542 2730 m
569 2657 698 2730 ultimo
724 2664 831 2752 poeta
853 2658 963 2749 addit,
981 2658 1079 2752 quod
1105 2658 1162 2730 isti
1188 2657 1336 2751 superbi
1361 2657 1413 2731 sic
1438 2661 1587 2729 orantes

413 2776 581 2851 dicebant
607 2777 641 2850 in
669 2776 741 2850 line
759 2798 799 2851 se
817 2776 939 2852 lacere
956 2778 1059 2850 istam
1084 2778 1251 2851 ultimam
1282 2778 1491 2872 petitionem
1512 2795 1585 2850 non

414 2918 481 2991 pro
511 2896 564 2970 eis
599 2896 662 2971 sed
688 2918 755 2991 pro
786 2896 1016 2991 viventibus3
1048 2896 1282 2972 undedicit:
1317 2904 1436 2989 questu
1465 2898 1587 2968 ultima

410 3019 613 3110 propliera,
640 3018 786 3111 scilicet,
818 3038 861 3090 ne
893 3038 958 3091 nos
989 3020 1163 3112 indurus5
1194 3039 1216 3090 o
1244 3021 1368 3109 oipnor
1399 3038 1500 3108 raro,
1524 3005 1586 3107 qtd

412 3158 484 3209 non
508 3141 540 3209 ri
565 3141 607 3230 sa
633 3159 701 3230 per
725 3141 785 3210 noi
809 3131 870 3210 rtd
891 3158 963 3210 non
988 3138 1148 3229 oaopna,
1170 3137 1256 3230 quia
1289 3137 1425 3210 mortui
1453 3135 1587 3211 tentari

414 3277 486 3330 non
514 3264 673 3351 possum,
700 3278 760 3331 nau
780 3278 849 3350 per
873 3262 970 3331 color
995 3261 1054 3331 rte
1077 3260 1190 3331 dietro
1216 3280 1240 3330 a
1265 3260 1326 3329 noi
1347 3265 1500 3347 reaturo,
1519 3255 1588 3331 soi·

414 3376 507 3470 lieet,
534 3398 601 3471 pro
627 3378 831 3453 viventibus
857 3378 893 3452 in
920 3378 1070 3472 mundo,
1098 3380 1155 3453 vel
1186 3399 1253 3473 pro
1282 3377 1476 3453 animabus
1502 3398 1587 3470 qnae

413 3505 499 3573 sunt
526 3504 637 3591 retro,
658 3519 742 3593 quae
760 3499 923 3573 nondum
942 3500 1173 3573 intraverunt
1194 3506 1337 3593 portam
1364 3499 1587 3595 purgatorii3

414 3638 502 3693 nam
530 3618 599 3691 illae
623 3625 775 3713 possunt
800 3619 932 3693 tentari
958 3639 980 3692 a
1005 3619 1185 3713 daemone,
1204 3628 1246 3693 ut
1261 3621 1379 3715 patuit
1396 3641 1508 3714 supra
1525 3642 1588 3695 ca-

415 3738 528 3833 pitulo
554 3737 641 3832 Vlll,
668 3745 705 3813 ol
729 3738 781 3813 sio
808 3739 995 3814 moraliter
1021 3739 1209 3835 loquitur3
1235 3748 1352 3836 potest
1382 3742 1492 3816 etiam
1519 3742 1588 3816 diri

415 3858 513 3952 quod
539 3860 609 3932 illae
636 3880 709 3933 non
734 3866 934 3952 tentantur,
958 3859 1041 3935 lieet
1067 3881 1217 3954 serpens
1242 3868 1384 3956 quaerat
1403 3862 1484 3954 boc,
1501 3861 1589 3955 quia

415 3978 533 4075 angeli
561 3978 760 4053 detendunt
785 3999 858 4053 eas.
873 4020 923 4033 -
939 3974 1025 4053 Cori.
1053 3980 1119 4054 llio
1145 3980 1275 4054 ultimo
1300 3987 1407 4075 poeta
1439 3982 1589 4055 conclu·

415 4098 466 4171 dit
490 4098 623 4172 bonam
642 4099 909 4194 dispositionem
929 4100 1074 4174 illarum
1092 4102 1314 4195 animarum,
1333 4102 1475 4176 dicens:
1497 4094 1589 4193 Cori,

417 4217 511 4293 sicut
542 4219 679 4293 dietum
713 4228 779 4314 est,
811 4224 910 4313 quell’
924 4222 1055 4312 omdre,
1087 4221 1191 4315 idest,
1228 4222 1361 4296 animas
1395 4224 1589 4318 praedictae,

416 4344 557 4413 mando
582 4341 698 4413 duona
722 4362 912 4433 ramoque,
930 4342 1032 4436 idest,
1052 4343 1190 4416 bonum
1216 4344 1472 4439 augurium,a
1497 4366 1534 4418 se
1559 4353 1592 4418 et

416 4483 442 4533 a
466 4464 538 4553 noi,
565 4460 626 4555 qui
652 4462 926 4537 sumusadhuc
951 4462 988 4536 in
1015 4464 1083 4537 boe
1109 4464 1244 4557 seculo,
1267 4467 1436 4538 unduoan
1451 4472 1540 4538 sotto
1563 4467 1591 4538 il

415 4582 547 4673 pondo,
573 4581 719 4675 seilicet,
745 4602 940 4675 saxorum3
968 4590 1004 4657 et
1029 4583 1190 4658 declarat
1211 4584 1331 4679 ipsum
1359 4585 1500 4680 pondus
1520 4585 1591 4658 im-

417 4702 595 4797 portabile
619 4703 877 4797 gravissimum
904 4723 970 4797 per
1001 4725 1113 4779 unam
1145 4706 1314 4780 subtilem
1345 4707 1590 4801 comparatio·

418 4842 515 4915 nem,
535 4842 617 4915 quae
638 4821 884 4915 propriissime
910 4831 1148 4918 repraesentat
1174 4826 1271 4899 bunc
1293 4834 1429 4920 actum,
1448 4826 1588 4901 dicens:

418 4944 567 5015 diaden
588 4946 677 5034 quet,
704 4944 849 5036 scilieet,
876 4944 1039 5039 ponderi,
1066 4948 1125 5018 rte
1148 4948 1199 5019 tui
1221 4949 1314 5019 voltu
1339 4949 1370 5020 si
1394 4968 1518 5039 sopna.
1537 4948 1589 5024 bd

419 5061 526 5135 ouius
555 5062 826 5159 intelligentiam
861 5071 915 5138 est
948 5066 1148 5139 notandum
1184 5066 1282 5160 quod
1317 5072 1372 5141 est
1405 5068 1588 5162 quoddam
