4542 6842
803 943 942 1000 caurus
967 946 1168 1001 vicesimus.
1502 938 1583 1005 539·

402 1104 478 1179 quo
505 1094 585 1161 erat
611 1088 744 1184 ligatus
774 1090 914 1165 Sichaeo
940 1092 1072 1168 marito
1101 1092 1247 1167 Didonis
1273 1094 1453 1168 sacerdoti
1478 1096 1571 1169 iler-

402 1206 503 1300 culis,
517 1228 629 1303 quem
644 1209 909 1287 sacrificantem
924 1212 1154 1287 innocentem
1169 1212 1374 1289 immolavit
1389 1215 1436 1289 ad
1453 1236 1572 1291 aram.

400 1325 485 1401 Ideo
510 1327 614 1401 dicit:
640 1350 660 1401 e
690 1333 807 1424 todro,
842 1332 928 1425 quia
959 1332 1083 1407 iurtim
1117 1333 1350 1408 obtruncavit
1381 1334 1483 1409 illum
1516 1337 1575 1409 in-

401 1454 565 1541 cautum,
586 1470 605 1521 c
627 1454 827 1542 pariundo,
855 1451 940 1544 quia
967 1450 1157 1527 interiecit-
1173 1453 1419 1549 propinquum
1447 1476 1569 1529 suum.

402 1567 584 1642 Parricida
609 1568 706 1641 enim
733 1569 936 1664 appellatur
961 1571 1021 1645 ille
1042 1572 1106 1664 qui
1128 1578 1234 1646 necat
1250 1582 1420 1667 parentes
1440 1574 1500 1648 vel
1516 1574 1571 1647 al-

402 1684 491 1759 lines
516 1684 619 1783 large
644 1688 837 1782 loquendo.
851 1730 901 1743 -
913 1696 945 1763 Ε
958 1692 1005 1763 la.
1024 1691 1089 1765 Hic
1106 1692 1213 1787 lingo
1233 1692 1349 1789 tangit
1365 1694 1568 1769 secundum

400 1812 525 1879 actum
546 1808 709 1883 avaritiae
726 1829 872 1905 semper
889 1811 1172 1886 memorandum
1191 1833 1278 1887 cum
1299 1813 1392 1887 risu:
1414 1834 1499 1909 que
1515 1815 1573 1889 ia-

401 1925 487 2000 bula
521 1928 707 2003 notissima
739 1938 804 2005 est.
831 1932 922 2006 Nam
958 1932 1050 2007 Mida
1085 1952 1152 2007 rex
1179 1932 1347 2029 lydorum
1374 1933 1572 2009 ditissimus

401 2045 496 2121 filins
513 2046 647 2143 Gordii‚
665 2050 729 2143 qui
747 2050 830 2126 iecit
849 2052 987 2126 nodum
1008 2052 1291 2128 indissolubilem
1314 2073 1426 2147 quem
1446 2061 1570 2149 postea

400 2167 605 2244 Alexander
637 2170 815 2246 violenter
848 2171 967 2265 solvit,
996 2194 1082 2248 cnm
1116 2182 1213 2248 esset
1243 2174 1398 2248 devotus
1427 2175 1571 2249 Baccho

399 2288 607 2383 impetravit
632 2291 680 2365 ab
705 2311 751 2365 eo
769 2302 810 2367 ut
827 2292 1000 2386 quicquid
1019 2299 1186 2389 tangeret
1204 2299 1413 2369 verteretur
1439 2294 1476 2368 in
1501 2316 1573 2369 au·

399 2430 503 2502 rum;
530 2417 677 2485 etcum
705 2432 751 2486 ex
777 2417 853 2485 tam
880 2412 1039 2507 pretioso
1061 2432 1218 2487 munere
1244 2420 1455 2487 moreretur
1472 2414 1570 2489 lame

400 2536 437 2603 et
463 2529 531 2622 siti,
558 2530 693 2605 iterum
720 2530 926 2626 imploravit
952 2538 993 2605 ut
1019 2532 1099 2605 talis
1123 2531 1242 2627 gratia
1266 2540 1506 2607 revocaretur
1522 2534 1571 2609 ab

398 2668 464 2723 eo:
490 2669 557 2743 per
583 2650 677 2723 banc
703 2650 862 2725 nobilem
885 2650 1071 2725 ‘fictionem
1098 2658 1216 2747 poetae
1239 2653 1437 2726 voluerunt
1465 2652 1572 2728 intel-

395 2769 472 2877 ligi,
491 2769 590 2865 quod
615 2792 751 2845 avarus
776 2771 1074 2847 circumvallatus
1090 2772 1221 2845 divitiis
1237 2778 1275 2845 et
1294 2792 1390 2846 auro
1410 2773 1571 2849 allicitur

400 2889 497 2963 lame
531 2896 568 2963 et
602 2890 669 2983 siti,
702 2896 740 2965 et
767 2892 805 2965 in
839 2892 1013 2967 continuo
1043 2899 1235 2987 permanet
1269 2894 1447 2967 cruciato.
1478 2895 1570 2969 llicit
1636 2922 1640 2928 ·
1697 2888 1701 2895 ’

399 3028 509 3107 ergo:
538 3014 630 3083 lito
660 3014 823 3103 autenm
850 3020 887 3087 et
902 3006 938 3104 (¹)
967 3013 1167 3107 repetimus
1199 3013 1397 3106 miseriam,
1423 3012 1571 3107 seilicet,

400 3130 547 3225 laniem,
566 3131 662 3205 sitim
678 3138 714 3206 et
727 3152 839 3207 omne
860 3132 1147 3227 incommodum,
1165 3136 1359 3207 dedecoro
1372 3136 1485 3223 Mitto,
1503 3152 1572 3227 per

399 3250 653 3325 excellentiam
679 3258 786 3325 vocat
811 3272 898 3325 curn
924 3272 1094 3346 avarum,
1120 3255 1179 3325 cte
1203 3245 1299 3343 sepul
1323 3255 1397 3326 alto
1421 3273 1488 3325 suo
1512 3254 1571 3323 di·

398 3372 532 3443 mondo
555 3374 723 3463 inpordo,
741 3372 843 3465 idest,
862 3372 1019 3464 avidam,
1046 3374 1308 3467 importunam,
1329 3392 1397 3465 per
1422 3376 1458 3446 lc
1483 3374 1569 3462 punt

396 3512 533 3585 compre
557 3512 688 3565 coenon
713 3496 772 3564 cte
796 3497 827 3566 st
852 3496 954 3585 rtdn;
976 3494 1145 3595 quotiens
1163 3494 1202 3566 lit
1220 3492 1401 3568 memoria
1417 3494 1463 3568 de
1487 3494 1568 3567 boc.

396 3610 504 3685 Certe
529 3632 602 3685 non
628 3612 755 3687 dubito
781 3613 880 3707 quod
910 3621 1016 3707 poeta
1049 3619 1173 3687 noster
1207 3614 1347 3688 ridebat
1378 3634 1464 3687 cnm
1500 3615 1569 3688 boc

397 3730 583 3807 scriberet.
610 3730 694 3806 ideo
719 3732 813 3807 bene
830 3733 1041 3809 Aristoteles
1063 3735 1182 3827 primo
1208 3734 1444 3807 Politicornm
1462 3733 1565 3810 dicit:

398 3851 655 3926 inconveniens
693 3857 749 3925 est
782 3851 872 3925 tales
908 3872 989 3927 esse
1021 3853 1175 3946 divitias,
1209 3853 1343 3947 quibus
1377 3852 1568 3926 abundans

398 3972 496 4045 lanne
522 3970 626 4065 perit,
644 3971 957 4066 quemadmodum
984 3979 1021 4045 ot
1046 3972 1175 4047 Midam
1202 3974 1304 4046 illum
1323 3972 1488 4047 iabulose
1511 3971 1568 4045 di-

398 4102 487 4168 cunt
519 4098 665 4186 propter
700 4091 1002 4165 insatiabilitatem
1023 4084 1059 4185 (²)
1093 4092 1261 4167 desiderii
1295 4093 1467 4171 omnibus
1501 4092 1567 4165 sibi

398 4211 566 4287 exhibitis
591 4212 724 4285 aureis,
751 4212 906 4299 Quidam
938 4212 1048 4286 etiam
1081 4213 1304 4306 scripserunt
1337 4212 1468 4285 Midam
1499 4214 1570 4286 ba·

398 4332 520 4406 bnisse
545 4330 723 4405 annulum
743 4331 805 4424 qui
825 4331 994 4406 redderet
1014 4332 1199 4406 hominem
1222 4332 1449 4426 invisibilem,
1469 4332 1567 4425 quod

396 4452 532 4527 Plinius
559 4458 705 4546 reputat
727 4452 944 4527 labnlosum.
960 4492 1010 4505 -
1022 4456 1089 4525 Det
1104 4454 1197 4546 sotto.
1215 4452 1281 4525 liic
1297 4452 1403 4547 Hugo
1421 4471 1568 4530 memo-

397 4579 453 4648 rat
478 4572 592 4647 alium
619 4579 745 4647 actum
771 4572 933 4646 avaritiae
959 4573 1022 4667 qui
1050 4572 1157 4646 nimis
1182 4572 1327 4647 videtur
1343 4572 1567 4666 displicuisse

394 4692 481 4768 Deo.
519 4691 573 4765 Ad
604 4692 710 4766 cuius
743 4691 988 4787 cognitionem
1021 4698 1075 4767 est
1110 4691 1311 4785 sciendum,
1342 4692 1441 4785 quod
1473 4692 1567 4766 sicut

396 4812 519 4886 scribit
545 4812 656 4885 Josuc
683 4810 726 4884 111
752 4812 922 4904 capitulo,
948 4816 985 4885 et
1017 4810 1102 4885 dicit
1133 4812 1311 4905 Iosephus
1344 4811 1438 4885 libro
1467 4811 1571 4886 Anti·

460 5070 487 5134 (¹)
506 5076 559 5132 117,
576 5070 649 5131 idest,
665 5074 692 5121 et
707 5070 856 5133 repetimus.
981 5068 1009 5131 (³)
1025 5068 1056 5119 Ε.
1072 5068 1289 5119 insatiabilitatem
1304 5067 1361 5118 anri
1377 5067 1506 5118 omnibus.
