4542 6842
805 955 945 1012 CANTUS
970 955 1112 1011 rutulis.
1521 945 1544 1011 9

370 1105 514 1202 pluviae.
541 1104 635 1180 Cum
659 1107 786 1176 autern
812 1108 988 1178 cessasset
1013 1101 1136 1197 pluvia
1161 1110 1198 1177 ct
1224 1103 1318 1178 tacta
1349 1103 1546 1178 serenitate

370 1227 482 1300 ldusae
509 1223 644 1298 vellent
672 1221 859 1316 recedere,
886 1221 955 1297 iste
987 1221 1102 1296 iratus
1132 1223 1264 1298 clausis
1293 1223 1407 1318 portis
1438 1243 1548 1317 para-

371 1345 434 1420 bat
449 1336 485 1436 (¹)
514 1343 653 1418 violare
679 1361 761 1436 eas3
787 1341 852 1417 sed
877 1342 989 1416 llusae
1007 1341 1201 1416 levissimae
1220 1343 1461 1418 evolaverunt
1480 1361 1549 1438 per

373 1465 561 1541 fenestras.
580 1464 770 1559 Pyreneus
792 1462 1012 1536 temerarius
1029 1462 1192 1538 ascendit
1208 1463 1341 1536 turrim
1365 1464 1489 1558 altam,
1511 1470 1549 1539 et

375 1587 502 1662 volens
527 1583 631 1677 sequi
658 1601 720 1656 eas
745 1581 876 1657 deiecit
901 1601 941 1656 se
966 1581 1246 1678 praecipitanter,
1272 1589 1309 1657 et
1333 1589 1433 1656 totus
1458 1579 1549 1657 cou-

375 1705 513 1781 fractus
539 1701 738 1776 maculavit
762 1706 901 1776 terram
927 1703 1106 1776 scelerato
1135 1702 1315 1798 sanguiue
1346 1723 1426 1777 suo.
1452 1702 1547 1777 Cum

376 1833 502 1902 autem
527 1822 662 1899 Urania
688 1822 827 1897 diceret
851 1822 932 1916 ista,
956 1821 1074 1896 Pallas
1101 1822 1179 1896 visa
1204 1834 1261 1899 est
1283 1821 1413 1897 audire
1438 1813 1549 1897 voces

377 1949 558 2021 humanas
583 1943 620 2016 in
637 1941 846 2035 arboribus3
865 1948 972 2016 erant
991 1947 1118 2016 autem
1136 1962 1270 2017 novem
1287 1943 1393 2038 picae:
1412 1948 1450 2017 et
1465 1941 1550 2016 Pal·

377 2066 458 2143 ladc
482 2070 629 2162 petente
654 2081 738 2157 quae
763 2068 896 2156 essent,
923 2061 1054 2136 Urania
1079 2061 1217 2136 iterum
1243 2061 1408 2136 narravit
1436 2060 1548 2135 aliam

375 2186 546 2261 iniuriam
581 2184 713 2258 iactam
749 2183 870 2277 llusis,
900 2191 938 2258 ct
962 2182 1051 2256 dixit
1085 2182 1185 2277 quod
1218 2183 1367 2278 quidam
1399 2183 1550 2258 nominc

376 2307 516 2383 Pierius
541 2305 588 2380 de
611 2304 711 2378 Pelle
736 2302 882 2378 civitate
907 2303 1102 2379 Alexandri
1125 2304 1244 2400 Magni
1261 2303 1389 2400 genuit
1414 2323 1549 2378 novem

376 2427 467 2502 filias
487 2432 597 2499 lautae
614 2424 797 2523 superbia
815 2429 852 2498 et
868 2423 1044 2518 elationis,
1063 2423 1161 2519 quod
1179 2431 1321 2499 temere
1337 2415 1550 2498 transcurso

376 2548 486 2644 longo
511 2544 625 2640 spatio
651 2544 855 2617 multarum
882 2549 1083 2638 terrarum,
1105 2550 1290 2618 venerunt
1313 2544 1360 2618 ad
1386 2534 1550 2618 montem

376 2669 593 2759 Parnasum,
615 2675 652 2740 et
668 2674 861 2758 coeperunt
877 2683 1123 2759 prorumpere
1135 2671 1264 2738 contra
1281 2666 1412 2758 illusas,
1425 2664 1551 2738 diceu-

377 2795 443 2883 tes,
470 2786 568 2882 quod
593 2784 750 2880 amplius
780 2805 853 2858 non
883 2784 1050 2858 fallerent
1081 2785 1216 2880 vulgus
1241 2783 1427 2859 indoctum
1454 2803 1551 2858 vana

377 2907 568 2983 dulcedine
594 2910 735 2998 cantus,
762 2911 799 2978 et
823 2903 854 2977 si
884 2904 1063 2978 haberent
1094 2904 1256 2998 aliquam
1290 2903 1461 2980 fiduciam
1493 2903 1551 2978 sui

240 3127 242 3130 Ι
377 3033 562 3104 certarent
586 3046 672 3099 curn
700 3023 752 3099 eis
777 3045 864 3098 cum
892 3025 952 3099 tali
978 3025 1232 3119 conventione,
1250 3031 1293 3099 ut
1316 3025 1423 3100 victae
1440 3023 1553 3099 relin-

379 3152 536 3243 quereut
561 3146 696 3239 locum,
717 3151 755 3220 et
780 3143 947 3218 victrices
965 3144 1167 3220 retinerent
1183 3145 1448 3240 possessionem
1470 3143 1551 3240 loci,

378 3274 416 3342 et
440 3267 551 3341 huius
575 3264 784 3341 certaminis
801 3265 944 3361 judices
961 3268 1270 3362 esseutnymplrae
1287 3266 1366 3341 dcae
1384 3267 1551 3342 sontium.

378 3387 532 3504 E‘s‘fissi‘
557 3385 692 3462 Urania
717 3385 816 3480 quod
841 3385 1063 3460 contendere
1089 3392 1169 3461 erat
1195 3393 1304 3482 turpe
1325 3387 1389 3481 eis,
1406 3387 1470 3462 sed
1490 3406 1553 3461 ce-

377 3509 468 3583 dere
492 3507 614 3581 visum
641 3513 697 3580 est
721 3506 875 3601 turpius.
893 3505 1028 3581 Ordine
1049 3507 1135 3582 dato
1160 3507 1335 3582 sederunt
1361 3506 1444 3582 hinc
1468 3506 1553 3584 inde

377 3628 498 3704 ambae
523 3633 646 3722 partes
669 3625 708 3700 iu
733 3625 879 3700 sedibus
905 3626 1144 3720 marmorcis3
1165 3635 1204 3702 et
1227 3627 1287 3700 illa
1313 3646 1398 3722 quaa
1415 3625 1553 3702 minata

378 3748 499 3824 iuerat
524 3747 634 3842 coepit
658 3753 808 3820 cantare
832 3745 995 3822 convicia
1015 3747 1185 3842 deorum,
1212 3748 1369 3843 qualiter
1395 3748 1430 3821 in
1445 3747 1553 3823 'hello

378 3869 550 3967 giganteo
584 3868 757 3963 ingerant
788 3873 825 3942 et
854 3869 1038 3945 latuerant
1064 3867 1331 3965 magnificando
1360 3875 1463 3966 gesta
1497 3868 1554 3966 gi·

379 3997 545 4088 gauium.
573 3989 734 4064 'laudem
760 3988 856 4063 iacto
882 3987 954 4064 tine
974 3988 1059 4064 dicit
1077 3990 1232 4065 Urania:
1251 3990 1466 4065 mandatum
1484 3990 1553 4064 luit

381 4110 484 4185 nobis
510 4116 552 4184 ut
576 4109 899 4205 responderemns;
926 4116 963 4184 et
988 4117 1076 4184 tuuc
1100 4131 1230 4185 omnes
1255 4113 1367 4186 uusae
1396 4111 1553 4188 commi-

380 4239 509 4306 serunt
533 4231 631 4306 vices
656 4252 741 4306 suas
767 4229 926 4324 Calliope
951 4230 1099 4326 regiuae,
1117 4251 1202 4326 quae
1224 4238 1305 4307 erat
1329 4233 1552 4327 eloquentis-

381 4352 474 4426 sima
495 4351 672 4445 omnium,
692 4371 775 4446 quae
793 4349 1007 4424 mirabiliter
1023 4350 1231 4425 decantavit
1247 4351 1374 4426 laudes
1394 4352 1552 4427 deorum

380 4478 418 4546 et
445 4472 590 4546 ruinam
615 4470 818 4567 gigantum.
837 4470 923 4544 Post
945 4471 1097 4566 longum
1125 4476 1276 4544 cautum
1298 4472 1468 4568 nymphae
1488 4472 1554 4548 de-

380 4592 515 4668 derunt
532 4590 760 4684 senteutiam,
778 4588 925 4664 nemine
945 4589 1185 4685 discrepante,
1203 4591 1302 4684 quod
1322 4593 1436 4665 llusae
1454 4592 1554 4668 vice·

379 4717 486 4805 rant3
511 4709 575 4784 sed
600 4709 670 4784 illae
695 4717 877 4805 protervae
909 4709 1218 4804 contradicebant,
1250 4704 1552 4806 reclamabant&

381 4837 419 4906 et
443 4829 752 4926 improperabant.
779 4829 832 4902 Ex
851 4850 926 4923 quo
943 4829 1102 4924 Calliope
1119 4829 1213 4904 irata
1231 4829 1339 4904 dixit:
1358 4839 1555 4928 postquam

446 5083 473 5148 (¹)
489 5083 514 5135 S·
531 5084 634 5148 paulu
649 5085 756 5136 rlolua.
1012 5161 1015 5169 1
1058 5085 1327 5149 alvimannum.
