4542 6842
791 1002 930 1059 cunnus
955 1004 1133 1089 nunnus.
1484 992 1550 1061 131

378 1154 566 1240 mutem
592 1146 705 1222 etita
730 1146 994 1240 aequinoctialis
1022 1167 1171 1242 semper
1203 1154 1258 1221 est
1284 1147 1426 1223 medius
1459 1148 1554 1225 inter

378 1274 545 1343 estatem
570 1272 608 1341 et
634 1268 818 1362 hyemem,
837 1268 923 1363 quia
940 1269 1010 1341 sub
1028 1268 1271 1363 aequinoctiali
1293 1276 1349 1343 est
1368 1270 1554 1346 maximus

379 1388 494 1479 calor,
518 1379 740 1480 quamvisl¹l
765 1386 949 1461 tricenna
975 1386 1071 1463 dicat
1099 1388 1199 1482 quod
1228 1389 1272 1462 sit
1303 1410 1387 1483 pars
1413 1396 1554 1487 tempe-

382 1512 462 1583 rata
487 1506 557 1581 sub
582 1526 640 1600 eo,
668 1506 726 1581 rel
751 1505 862 1580 babet
887 1514 1094 1601 respectum
1121 1507 1168 1581 ad
1195 1516 1384 1603 extrema,⁴
1397 1511 1443 1585 ad
1469 1534 1554 1606 quae

379 1630 436 1703 sol
461 1648 652 1723 nunquam
678 1626 829 1720 accedit,
857 1626 920 1700 ubi
945 1634 1001 1702 est
1025 1635 1247 1722 perpetuum
1272 1629 1398 1726 frigus.
1427 1632 1469 1705 Et
1494 1653 1554 1706 as-

383 1748 503 1845 signat
531 1768 695 1840 causam,
720 1747 864 1822 dicens:
896 1768 963 1839 per
994 1749 1031 1819 lo
1061 1750 1192 1838 raptori
1217 1750 1277 1820 ebe
1302 1752 1362 1839 dt',
1381 1754 1497 1841 quinci
1523 1755 1555 1825 si

378 1876 497 1962 purte,
517 1867 620 1961 idest,
638 1867 726 1961 quia
747 1887 794 1942 ex
816 1867 885 1941 bac
903 1872 1008 1962 parte
1028 1876 1244 1943 removetur
1269 1890 1292 1944 a
1318 1870 1434 1966 nobis,
1453 1892 1554 1945 uerso

382 1991 643 2079 oscensem,
665 1987 768 2080 idest,
793 1993 922 2062 eontra
946 1988 1171 2081 aquilonem,
1194 1988 1254 2063 ubi
1280 1992 1487 2086 oppositum
1516 1991 1556 2067 dt

383 2108 499 2203 nobis,
520 2107 618 2182 unde
635 2106 736 2183 dicit:
754 2111 897 2198 quondo
915 2111 967 2198 pli
981 2109 1088 2196 ebrei,
1106 2108 1208 2203 idest,
1222 2109 1347 2205 judaei,
1366 2111 1428 2206 qul
1449 2120 1556 2187 erant

380 2235 655 2304 commorantes
675 2228 711 2301 in
733 2228 831 2324 Syon
849 2228 886 2303 in
903 2228 1144 2322 Hierusalem,
1165 2232 1316 2303 cedmon
1336 2234 1397 2323 lui,
1419 2232 1556 2309 scilicet

380 2351 510 2444 solem,
536 2370 638 2424 uerso
663 2353 700 2423 ta
723 2352 829 2423 ealda
842 2356 960 2441 porte,
977 2350 1080 2442 idest,
1099 2349 1302 2425 meridiem.
1323 2352 1366 2425 Et
1386 2352 1472 2428 dicit
1489 2374 1557 2428 no-
1673 2422 1676 2427 .

382 2477 523 2547 tanter:
549 2473 717 2561 oemvun,
748 2469 796 2543 de
826 2470 1023 2563 preterito,
1049 2470 1135 2564 quia
1167 2470 1213 2545 de
1245 2472 1414 2566 praesenti
1441 2473 1554 2569 Judaei

383 2611 457 2665 non
482 2590 645 2665 babitant
669 2590 707 2663 in
732 2589 972 2664 Hierusalem.
1001 2590 1102 2665 Unde
1127 2597 1214 2665 nota
1246 2592 1343 2685 quod
1371 2598 1478 2688 poeta
1505 2594 1555 2668 ita
1652 2667 1656 2677 ,

383 2716 528 2805 poterat
551 2710 676 2784 dicere
700 2709 746 2784 de
772 2709 898 2783 italicis
922 2717 960 2783 et
983 2709 1122 2806 gallicis
1135 2716 1176 2783 'et
1192 2710 1271 2784 aliis
1290 2710 1556 2788 habitatoribus

385 2835 519 2905 nostre
544 2836 655 2905 terrae
679 2830 773 2905 sicut
798 2829 845 2905 de
870 2829 1025 2905 bebraeis
1038 2821 1095 2923 (¹),
1121 2830 1208 2923 quia
1234 2831 1370 2906 lecerat
1400 2833 1556 2907 mentio-

386 2972 471 3027 nem
497 2951 543 3027 de
567 2950 667 3046 Syon
692 2957 828 3043 monte,
850 2950 933 3024 ideo
953 2950 1071 3046 magis
1097 2950 1244 3047 proprie
1268 2951 1358 3026 dixit
1382 2953 1427 3027 de
1453 2953 1558 3028 babi-

385 3069 566 3147 tatoribus
590 3070 681 3145 eius.

458 3197 522 3265 ltu
545 3211 584 3263 sc
607 3195 633 3263 o·
653 3194 763 3283 piace.
781 3192 851 3265 lsta
872 3196 928 3264 est
947 3190 1055 3265 tertia
1074 3212 1158 3286 pars
1181 3192 1330 3267 moralis
1355 3198 1391 3267 et
1417 3194 1557 3289 pulcra,

384 3310 423 3387 in
446 3334 522 3405 qua
547 3319 658 3386 autor
682 3311 853 3386 describit
865 3302 903 3402 (³)
931 3317 1103 3386 naturam
1122 3321 1161 3386 et
1182 3312 1441 3407 proprietatem
1470 3314 1558 3390 isto-

385 3454 469 3505 rum
496 3432 689 3529 pigrorum
716 3440 754 3507 et
786 3454 902 3506 unum
935 3432 1084 3506 illorum
1110 3432 1148 3505 in
1180 3434 1335 3528 speciali.
1364 3434 1407 3507 Et
1437 3436 1556 3530 primo

383 3559 584 3647 autequam
611 3553 800 3650 perveniat
824 3553 871 3627 ad
897 3553 1002 3628 istam
1021 3560 1170 3650 gentem
1189 3553 1360 3628 describit
1384 3564 1556 3632 naturam

384 3679 423 3749 et
448 3674 707 3770 proprietatem
734 3673 880 3765 montis,
904 3671 1040 3767 dicem,
1066 3672 1165 3767 quod
1191 3673 1268 3767 ipse
1294 3682 1504 3770 resumptus
1534 3697 1557 3751 o

385 3796 513 3871 labore
536 3794 700 3890 corporis
727 3814 791 3889 per
816 3795 992 3888 quietern,
1014 3794 1146 3868 auditis
1173 3794 1247 3870 istis
1272 3793 1556 3891 delectabilibus,

384 3905 525 4009 dixitd)
561 3915 733 4013 Virgilio:
765 3936 825 3989 nro
857 3914 1201 4008 coaptareque
1236 3914 1363 3990 videor
1399 3918 1555 3991 multum

386 4038 556 4135 fatigasse
580 4043 628 4133 te,
651 4039 817 4111 uoluam
840 4039 961 4129 caprei
983 4044 1114 4127 quanto
1140 4056 1263 4109 coemo
1289 4038 1339 4109 od
1363 4040 1495 4128 endor,
1512 4038 1559 4111 ti·

387 4158 512 4233 mebat
536 4157 702 4233 laborem
729 4158 848 4252 longae
865 4157 955 4249 vie,
972 4156 1070 4231 unde
1086 4154 1271 4231 dicitrcbe*
1285 4160 1310 4229 ’l
1319 4160 1453 4249 poppio
1471 4160 1558 4250 sale,

386 4278 490 4373 idest,
515 4298 622 4352 mons
646 4277 762 4352 tendit
786 4276 824 4351 in
849 4277 977 4371 altum,
993 4273 1057 4370 piei
1072 4279 1133 4351 elle
1151 4280 1241 4350 sotir
1266 4299 1338 4351 non
1359 4298 1491 4371 possen
1509 4282 1560 4371 pli

385 4401 482 4473 ooebi
505 4400 608 4491 ηιίοίς
640 4397 727 4491 quia
753 4396 854 4471 visus
888 4418 960 4471 non
992 4402 1136 4490 poterat
1169 4396 1349 4494 attingere
1378 4419 1557 4475 cacumen
1636 4458 1638 4463 ,

388 4517 533 4612 montis,
564 4518 661 4611 quod
697 4523 777 4593 erat
806 4518 1022 4613 contiguum
1049 4516 1162 4610 coel03
1189 4522 1226 4591 et
1259 4516 1339 4590 talis
1373 4524 1428 4593 est
1459 4527 1559 4596 reete

387 4640 504 4715 virtus
528 4660 614 4732 quae
639 4637 752 4713 tendit
776 4638 823 4713 ud
848 4638 996 4711 coelum.
1022 4637 1067 4710 llt
1090 4636 1212 4710 subdit
1230 4638 1502 4733 responsionem
1520 4632 1556 4732 (³)

389 4804 1559 4819 —ffl——n——m—-n

447 4906 476 4971 (¹)
493 4912 548 4968 117,
564 4909 683 4973 quamvls
697 4908 791 4974 aliqnls
805 4910 883 4959 dieat.
930 4866 935 4875 .

448 4983 477 5045 (¹)
492 4983 524 5033 R.
539 4984 573 5033 ὼ
587 4984 704 5047 hebuit.
720 4985 765 5036 aad
781 4985 867 5049 polluo
881 4982 946 5033 lecit
960 4982 1118 5033 mullum
1133 4984 1167 5033 de
1183 4983 1294 5034 bebnu
1304 4982 1363 5048 qula
1375 4982 1474 5033 lecerat
1483 4995 1560 5033 ruen-

387 5061 487 5112 llouem
502 5060 535 5111 de
550 5061 629 5125 syon,
645 5062 712 5113 κω,

450 5134 519 5200 Μ.
536 5138 627 5202 lunglt.
751 5139 779 5203 θ)
797 5144 850 5200 lll,
867 5139 930 5189 dlelt
945 5136 1066 5201 Vlrfflo.
1197 5138 1225 5201 (¹)
1241 5137 1273 5188 B.
1288 5138 1425 5189 solioum.
