4542 6842
792 939 929 997 caurus
954 942 1123 997 oernvus.
1276 1010 1279 1014 f
1473 928 1544 997 239

371 1089 427 1158 tes
453 1084 634 1178 multum,
662 1104 721 1157 mo
746 1087 863 1159 vid'io
887 1086 970 1159 bene
995 1088 1101 1161 iuno
1126 1107 1147 1159 e
1172 1090 1302 1161 tutuo
1325 1106 1457 1179 morso,
1482 1105 1551 1159 vo-

371 1203 490 1280 lantes
516 1211 643 1279 eontra
670 1212 889 1301 serpentem.
916 1207 960 1280 Et
990 1227 1057 1302 per
1091 1208 1160 1282 boo
1190 1213 1277 1281 nota
1311 1207 1411 1302 quod
1435 1208 1549 1281 homo

373 1346 447 1400 non
473 1326 663 1422 perpendit
689 1328 835 1421 quando
852 1328 1031 1402 auxilinm
1050 1328 1115 1403 Dei
1134 1329 1235 1404 venit
1251 1327 1401 1403 adeum
1419 1333 1549 1403 contra

371 1446 621 1541 tentationem,
648 1446 735 1541 quia
770 1448 888 1543 gratia
919 1448 1019 1523 venit
1047 1450 1204 1542 occulta,
1230 1447 1295 1523 sed
1325 1454 1451 1544 postea
1481 1468 1547 1521 eo-

371 1565 512 1661 gnoseit
538 1586 604 1662 per
629 1566 800 1643 ellectum
828 1566 975 1661 quando
1002 1567 1153 1641 tentatio
1178 1567 1338 1664 sugatur,
1366 1568 1544 1661 quianon

239 1712 240 1715 ¹
371 1692 490 1781 potest
513 1688 681 1764 obtinere
706 1687 895 1763 victoriam
927 1686 963 1759 in
993 1686 1155 1760 animam
1186 1686 1279 1782 eius,
1304 1687 1353 1761 ita
1383 1688 1483 1781 quod
1508 1695 1547 1763 et

368 1806 509 1901 justitia
535 1815 571 1883 et
597 1806 845 1883 misericordia
873 1806 1127 1881 manifestatur
1153 1806 1189 1879 in
1215 1805 1329 1881 nobis.
1355 1806 1400 1879 Et
1424 1806 1547 1883 subdit

373 1926 560 2021 ellectum,
579 1926 714 2003 scilicet
731 1926 856 2023 lugam
878 1926 1067 2021 serpentis,
1088 1926 1231 2001 dicens:
1251 1928 1279 1999 il
1292 1934 1449 2020 serpente
1467 1946 1548 1999 sen·

371 2049 474 2118 tentio
496 2050 622 2139 [ander
655 2050 775 2119 tuma
803 2048 873 2120 elie
903 2049 1004 2121 verdi
1036 2048 1098 2138 aii,
1136 2046 1284 2121 iliorum
1314 2047 1546 2142 angelorum,

375 2164 439 2258 qui
464 2163 601 2239 dabant
625 2166 761 2241 bonam
783 2186 884 2262 spem
908 2165 1070 2241 victoriae
1095 2165 1164 2240 illis
1188 2166 1381 2240 animabus
1408 2166 1456 2239 ibi
1481 2186 1550 2261 po·

378 2284 464 2379 sitis,
487 2278 601 2380 sappi,
635 2306 656 2360 a
696 2286 788 2361 faeie
813 2288 1044 2385 angelorum,
1070 2310 1089 2359 e
1119 2290 1170 2379 pli
1197 2290 1316 2379 angeli
1340 2290 1417 2360 dier
1442 2290 1549 2379 volta,

376 2409 547 2500 serpente
575 2406 749 2503 fugiente,
774 2410 976 2499 rivoloodo,
1002 2406 1100 2481 cirea
1125 2407 1273 2501 vallem,
1296 2409 1420 2499 munti,
1452 2406 1549 2481 sicut

373 2526 565 2620 aequaliter
591 2535 795 2622 moverant,
816 2527 902 2621 quia
923 2546 1068 2623 semper
1095 2527 1252 2601 militant
1275 2528 1384 2601 simul
1406 2527 1547 2623 justitia

373 2653 410 2721 et
437 2646 684 2722 misericordia
710 2648 773 2722 liei
799 2647 846 2722 ad
871 2647 1135 2744 protectionem
1163 2648 1329 2742 hominis,
1359 2669 1441 2722 soso
1466 2670 1491 2721 a
1515 2651 1547 2721 ie

370 2775 482 2859 poste,
509 2766 610 2861 idest,
636 2766 682 2842 ad
710 2773 908 2861 utramque
942 2766 1117 2863 spondam
1150 2767 1295 2862 montis,
1332 2767 1393 2841 ubi
1428 2768 1548 2863 primo

374 2887 520 2961 stabant
544 2888 590 2962 ad
616 2886 829 2963 custodiam.
857 2886 899 2961 Et
933 2884 991 2962 hio
1021 2894 1118 2982 nota,
1145 2889 1273 2982 lector,
1299 2887 1398 2981 quod
1423 2886 1550 2962 omnia

375 3015 462 3083 sunt
479 3008 514 3083 in
533 3008 707 3083 continuo
723 3008 935 3103 certamine,
949 3009 1025 3083 imo
1043 3008 1167 3083 omnia
1181 3029 1340 3103 qnaeque
1351 3000 1387 3101 (¹)
1403 2998 1547 3100 creata3

375 3149 461 3203 uam
487 3128 608 3225 angeli
634 3128 670 3202 in
696 3130 792 3203 colo
818 3129 936 3224 primo
961 3128 1173 3204 habuerunt
1201 3130 1339 3205 bellum
1370 3129 1465 3204 inter
1496 3150 1549 3224 se,

374 3258 413 3325 et
437 3250 610 3326 continuo
636 3249 721 3324 boni
747 3249 867 3345 angeli
893 3254 1058 3346 pugnant
1083 3256 1212 3325 eontra
1233 3251 1366 3345 malos;
1393 3251 1551 3346 planetae

376 3370 531 3444 militant
547 3360 584 3463 (‘)
610 3375 739 3443 contra
764 3368 1052 3463 firmamentum,
1070 3376 1107 3445 et
1124 3370 1220 3444 inter
1240 3390 1291 3465 se,
1310 3370 1403 3445 sieut
1420 3376 1458 3445 et
1474 3370 1550 3445 ele-

376 3498 501 3567 menta
527 3489 683 3566 invicem
714 3490 1053 3566 contrariantur.1n
1072 3496 1173 3565 terra
1190 3510 1281 3566 vero
1297 3490 1396 3583 aves,
1417 3490 1545 3586 pisces,

375 3618 573 3709 serpentes,
587 3610 754 3686 nominos
768 3615 804 3684 et
817 3615 951 3685 caetera
965 3610 1147 3685 animalia.
1158 3611 1252 3701 Quid
1268 3611 1435 3686 lromines
1452 3610 1548 3685 inter

376 3738 444 3809 se‘t
470 3754 544 3807 non
568 3738 672 3828 pater
699 3752 785 3806 eum
812 3730 896 3825 lilio,
915 3750 988 3803 non
1006 3730 1062 3805 vir
1081 3751 1167 3806 oum
1191 3752 1320 3824 uxore,
1340 3752 1414 3805 non
1434 3730 1550 3805 irater

376 3876 461 3930 eum
491 3855 616 3946 tratre,
641 3872 689 3928 ne
713 3851 832 3927 dicam
858 3852 904 3927 de
929 3872 1038 3927 servo
1066 3873 1152 3928 oum
1179 3854 1340 3947 domino,
1365 3854 1413 3929 de
1437 3852 1550 3950 priri-

376 3996 449 4071 gno
475 3995 561 4048 enm
589 3992 759 4067 noverca,
785 3973 831 4047 de
857 3994 956 4047 nuru
981 3992 1067 4047 eum
1090 3978 1227 4048 socrui
1246 3973 1322 4049 imo
1339 3972 1417 4069 ipse
1436 3976 1549 4048 lnomo

376 4115 474 4190 saepe
504 4093 687 4168 discordat
716 4114 854 4168 seeum.
869 4096 968 4165 -L'
981 4094 1116 4167 ombra.
1148 4094 1213 4168 llie
1241 4100 1348 4189 poeta
1378 4094 1551 4169 describit

376 4214 490 4288 alium
517 4214 639 4288 virum
666 4212 889 4311 singularem
915 4212 1092 4288 illustrem
1113 4213 1354 4308 modemum3
1375 4222 1413 4289 et
1429 4214 1551 4309 primo

377 4334 493 4431 tangb
518 4333 723 4409 mirabilem
749 4334 985 4409 attentionem
1013 4332 1108 4407 illius
1124 4333 1171 4407 ad
1192 4354 1252 4409 se:
1270 4340 1308 4409 et
1328 4337 1409 4409 vult
1427 4334 1552 4411 dioere

375 4452 538 4529 breviter
564 4452 663 4547 quod
684 4474 750 4549 per
766 4459 885 4527 totum
904 4452 991 4527 illud
1010 4452 1167 4549 spatium
1186 4474 1262 4549 qno
1279 4474 1430 4550 serpens
1452 4456 1552 4531 venit

375 4580 506 4649 contra
531 4572 677 4669 vallem,
696 4579 732 4648 et
749 4572 869 4669 angeli
890 4574 1108 4647 volaverunt
1133 4580 1261 4648 eontra
1284 4581 1492 4669 serpentem
1514 4582 1552 4649 et

379 4695 642 4770 revelaverunt
666 4695 728 4769 illo
754 4695 894 4791 lugeto,
915 4694 975 4769 ilie
995 4694 1143 4790 spiritus
1160 4718 1365 4790 numquam
1394 4697 1553 4771 removit

376 4814 503 4889 oculos
532 4815 580 4889 ab
610 4814 831 4911 inspiciendo
862 4835 961 4889 eum.
998 4814 1090 4890 llicit
1122 4835 1238 4911 ergo:
1270 4818 1458 4910 L'ombro,
1493 4817 1551 4893 hie

441 5070 467 5129 (¹)
484 5056 515 5118 Ε.
531 5081 703 5133 quaecumque
720 5072 814 5119 mnu.
1036 5064 1065 5127 (¹)
1080 5066 1106 5117 S.
1122 5072 1246 5132 pugnam.
