4542 6842
836 972 974 1029 conaus
998 972 1126 1029 nonos.
1178 1046 1181 1050 ἵ
1496 961 1566 1027 261

395 1140 495 1213 aum,
528 1118 593 1193 ubi
626 1120 869 1193 consueverat
901 1116 1112 1212 praeoedere
1146 1136 1246 1212 eum,
1282 1117 1368 1211 quia
1398 1117 1457 1192 hie
1488 1093 1570 1193 erat

396 1259 488 1335 opus
513 1237 643 1313 maiori
669 1236 797 1312 elaad
823 1241 900 1310 tam
925 1236 1086 1311 arduum
1112 1256 1326 1331 aseensum3
1351 1257 1421 1311 nec
1448 1237 1570 1334 Virgi-

396 1360 467 1435 lius
486 1380 553 1455 per
569 1379 610 1435 se
626 1364 707 1434 erat
723 1356 907 1433 sufficiens
923 1358 970 1431 ad
987 1356 1264 1452 perducendum
1284 1376 1373 1431 eum
1390 1358 1437 1432 ad
1455 1358 1566 1431 istum

397 1500 559 1577 passiam,
584 1486 622 1554 et
646 1484 793 1574 tempus
817 1482 898 1553 erat
928 1477 1024 1551 bene
1049 1476 1262 1572 dispositum
1292 1497 1361 1573 pro
1391 1478 1455 1570 eis,
1481 1477 1569 1571 quia

392 1602 472 1697 jam
499 1607 579 1677 erat
612 1598 771 1672 multum
804 1595 886 1691 diei,
912 1595 1039 1693 iugata
1071 1601 1145 1671 tota
1179 1602 1297 1671 nocte.
1323 1596 1426 1673 Unde
1457 1596 1565 1673 dicit:

398 1722 562 1810 eilsote,
587 1717 733 1811 scilicet,
759 1736 878 1791 novus
904 1715 941 1789 in
965 1715 1024 1790 die
1049 1716 1221 1810 secunda,
1239 1738 1304 1789 ero
1327 1720 1400 1791 atto
1424 1707 1485 1809 oio
1506 1712 1569 1810 pit

398 1844 458 1917 ete
474 1844 540 1916 dae
559 1860 635 1931 ore,
661 1838 710 1913 ita
735 1836 835 1931 quod
856 1842 1025 1932 poterant
1051 1842 1130 1911 tute
1149 1836 1310 1932 incipere
1329 1857 1468 1912 norum
1487 1837 1568 1931 iter,

399 1968 437 2038 et
461 1962 537 2058 ipse
562 1966 642 2035 erat
666 1959 762 2035 bene
785 1956 1001 2053 dispositus;
1028 1957 1126 2033 unde
1150 1957 1259 2031 dicit:
1280 1960 1337 2031 e't
1356 1961 1430 2031 otro
1450 1959 1569 2031 m'era

399 2104 423 2157 a
460 2085 498 2156 to
527 2082 670 2155 marina
704 2084 810 2169 torto,
839 2076 975 2153 seilicet
1007 2097 1138 2153 versus
1168 2078 1359 2152 orientem.
1392 2078 1437 2150 Et
1469 2077 1570 2172 ponit

399 2200 691 2276 exhortationem
717 2197 867 2295 Virgilii,
892 2198 1034 2273 dicens:
1061 2200 1181 2271 ilatio
1199 2201 1354 2292 nonore,
1380 2198 1444 2292 qui
1470 2199 1569 2272 solus

398 2324 550 2396 venerat
581 2318 627 2394 ad
661 2318 863 2415 regendum
896 2338 968 2413 me,
1000 2320 1111 2391 dirae:
1142 2338 1212 2391 non
1247 2339 1334 2391 aver
1362 2326 1466 2410 anto,
1493 2317 1569 2391 imo

399 2442 519 2537 potius
535 2440 672 2515 bonam
698 2458 812 2535 spem,
826 2438 919 2533 ideo,
934 2441 1015 2533 [otti
1032 2440 1140 2531 staur,
1157 2440 1217 2511 ote
1232 2442 1293 2511 troi
1307 2441 1420 2511 atomo
1436 2459 1461 2511 a
1477 2439 1571 2511 buon

396 2569 520 2657 ponto,
535 2560 621 2655 quia
634 2557 869 2655 pervenimus
882 2557 928 2633 ad
941 2564 1085 2654 portam
1100 2563 1190 2633 tutae
1203 2558 1368 2653 civitatis,
1385 2558 1448 2633 ubi
1460 2557 1571 2653 justi·

400 2683 451 2759 tia
468 2687 506 2757 et
522 2678 769 2755 miserioordia
783 2684 958 2754 exercent
979 2678 1145 2753 homines
1164 2678 1368 2753 seeundum
1389 2672 1568 2773 merita(⁴)

399 2800 586 2894 omnium3
612 2804 650 2875 et
673 2798 767 2903 ideo,
793 2819 865 2871 non
881 2800 1048 2889 scenae,
1065 2818 1126 2871 mo
1144 2800 1311 2887 rotoma
1328 2801 1412 2889 ooni
1435 2803 1570 2893 otyore,

401 2922 503 3017 idest,
538 2920 711 2995 virtutem
745 2918 869 3013 animi,
902 2918 1001 3013 quia,
1036 2924 1071 2991 tu
1102 2920 1149 2991 re'
1161 2920 1258 2991 ornat
1286 2920 1326 2991 ol
1358 2923 1571 3011 paraetonio

399 3045 542 3136 ριἰιηεος
566 3048 604 3115 et
630 3040 688 3115 via
713 3044 767 3114 ert
792 3048 931 3134 patens,
958 3037 1056 3113 unde
1085 3036 1193 3111 dicit:
1225 3038 1303 3110 oedi
1333 3028 1370 3111 ἰὰ
1399 3041 1427 3112 il
1454 3040 1570 3131 balzo,

402 3163 494 3239 idest
525 3161 694 3259 gradum,
721 3159 808 3255 quia
839 3158 887 3234 ibi
912 3164 969 3233 est
994 3179 1067 3233 una
1098 3158 1197 3233 scala
1228 3157 1340 3231 trium
1373 3160 1571 3256 graduum,

401 3287 461 3358 ote
477 3286 503 3358 'l
524 3284 644 3357 ennae
668 3284 702 3357 d'
714 3284 879 3373 intorno;
905 3287 942 3354 et
967 3278 1015 3354 ibi
1039 3278 1078 3354 in
1103 3285 1229 3353 monte
1246 3286 1326 3353 erat
1343 3286 1471 3354 cavata
1496 3301 1572 3355 una

402 3410 507 3499 porta
532 3422 597 3498 per
630 3422 741 3496 quam
767 3399 996 3493 intrabatur;
1029 3397 1128 3473 unde
1156 3397 1259 3473 dicit:
1290 3401 1368 3473 oedi
1397 3402 1572 3474 tentroto

402 3514 439 3598 ἰὰ
463 3526 515 3597 'oe
536 3542 608 3615 por
633 3522 820 3613 domante,
838 3518 940 3613 idest,
959 3516 1127 3594 divisum.
1142 3521 1344 3591 -Dtanzt
1371 3518 1437 3593 Hic
1452 3519 1572 3617 Virgi-

402 3646 472 3720 lius
497 3641 704 3717 maniiestat
729 3639 847 3734 Danti,
867 3638 1015 3733 quando
1039 3645 1122 3713 eta
1150 3659 1225 3734 quo
1246 3639 1357 3715 tuerit
1374 3641 1574 3716 translatus

294 3786 298 3795 ·
389 3764 450 3842 wad
475 3764 585 3839 istum
612 3763 735 3836 locum
760 3760 890 3854 altum,
916 3764 954 3833 et
986 3758 1037 3833 sic
1072 3757 1333 3854 interpretatur
1362 3760 1572 3856 somnium3

404 3884 502 3960 unde
527 3890 681 3979 tangens
705 3880 825 3977 primo
843 3886 1000 3975 tempus,
1017 3878 1122 3953 dicit:
1143 3882 1288 3971 Dianai,
1304 3881 1484 3974 nettotbo,
1502 3880 1574 3955 sei·

404 4006 487 4080 licet
512 4004 549 4078 in
574 4022 723 4095 aurora,
749 4002 808 4074 ane
826 4002 976 4093 precede
1000 4002 1027 4073 tt
1047 4002 1189 4090 aterno,
1207 3998 1309 4094 idest,
1327 4007 1450 4074 ortum
1477 4000 1573 4096 solia,

404 4126 546 4225 quando
571 4124 726 4197 tamma
751 4127 812 4195 tato
835 4122 960 4193 deno-0
985 4120 1140 4209 dormio,
1161 4118 1321 4192 muitum
1341 4118 1526 4195 abstracta
1550 4141 1574 4195 a

404 4264 526 4339 earne,
543 4263 654 4336 sopra
679 4243 704 4315 o·
725 4242 821 4334 fiori,
838 4233 946 4313 ond't
964 4229 1000 4313 tri
1015 4232 1076 4331 oiri
1093 4240 1246 4331 adorno,
1262 4238 1397 4315 scilieet
1422 4240 1458 4314 in
1480 4240 1576 4316 valle

403 4365 464 4441 illa
480 4362 617 4458 ssorida,
638 4361 700 4437 ubi
717 4367 814 4438 stant
830 4359 1019 4456 principes,
1037 4380 1147 4433 venne
1162 4379 1235 4433 una
1250 4361 1383 4453 donna,
1400 4360 1438 4435 in
1455 4360 1573 4437 torma

403 4483 548 4580 aquila,
575 4502 659 4577 quae
684 4486 793 4557 acute
823 4478 920 4556 videt
954 4485 991 4553 et
1024 4468 1097 4556 al'te
1130 4478 1239 4574 volat,
1266 4499 1356 4556 vere
1380 4480 1574 4576 imperiosa

403 4603 563 4698 domina,
579 4623 599 4676 e
618 4604 727 4676 dare:
751 4603 787 4675 to
810 4620 876 4673 son
892 4601 1023 4693 Μυίας
1040 4620 1124 4692 quae
1145 4599 1243 4673 locet
1260 4600 1430 4674 omnibus
1454 4600 1576 4697 dispo·

405 4724 574 4800 rentibus
590 4713 626 4816 (¹)
657 4742 697 4797 se
730 4721 776 4799 ad
810 4718 908 4797 iilam
936 4718 1192 4814 recipiendam,
1218 4717 1312 4794 sieut
1345 4740 1443 4794 nunc
1467 4728 1575 4817 poeta

406 4850 555 4939 noster;
580 4842 662 4919 ideo
694 4842 797 4917 dicit:
833 4842 1021 4917 menone
1046 4842 1180 4932 pigriter
1212 4843 1321 4915 vostat
1349 4844 1409 4914 cte
1438 4844 1575 4937 dorne

470 5100 498 5162 (¹)
514 5100 545 5151 E.
561 5100 652 5151 merita
668 5112 770 5151 eorum.
927 5072 930 5079 Ι
956 5094 984 5161 (⁸)
1000 5094 1026 5146 S.
1043 5094 1087 5159 qut
1103 5094 1243 5175 dirponnnt
1257 5107 1285 5145 re
1300 5094 1341 5145 ad·
