4542 6842
848 982 987 1039 murus
1011 984 1141 1040 nonus.
1507 967 1578 1035 253
1705 972 1709 978 ’

405 1127 541 1201 tua-ibit
564 1148 660 1202 come
681 1130 826 1223 solpor,·
850 1127 974 1223 aquila
1005 1128 1102 1203 enim
1134 1127 1268 1202 dicitur
1297 1147 1319 1200 a
1348 1127 1464 1222 poetis
1499 1146 1581 1201 esse
1613 1115 1617 1124 “

405 1248 570 1345 armiger
594 1249 704 1344 lovis,
730 1255 769 1324 et
793 1248 1001 1325 ministrare
1025 1248 1180 1324 fulmina
1205 1247 1265 1342 illi,
1286 1247 1337 1322 ita
1363 1247 1431 1322 ista
1456 1246 1579 1341 aquila
1684 1346 1688 1352 ι

408 1375 536 1466 potens
562 1370 673 1453 missa
698 1391 720 1444 a
745 1370 821 1445 Deo
847 1370 968 1445 subito
993 1370 1158 1466 fulgurat
1186 1388 1297 1465 super
1329 1368 1515 1443 bominem
1542 1374 1582 1441 et

405 1487 525 1585 ipsum
553 1488 721 1583 incendit,
747 1490 904 1585 etrapit
929 1489 965 1563 in
991 1491 1124 1583 altum;
1152 1488 1250 1563 unde
1272 1487 1371 1580 dicit,
1400 1510 1419 1562 c
1443 1491 1492 1561 mi
1514 1507 1581 1559 ro-

400 1612 497 1705 ptsse
520 1630 601 1683 suso
625 1612 712 1702 infin
737 1612 777 1683 ol
796 1613 891 1704 sooo,
917 1609 1019 1703 idest,
1045 1609 1091 1684 ad
1117 1629 1263 1703 speram
1288 1608 1394 1705 ignis,
1416 1628 1500 1702 quae
1525 1614 1581 1681 est

407 1730 635 1806 contermina
649 1723 687 1823 (¹)
713 1729 818 1804 coelo.
845 1730 888 1803 lit
917 1749 1004 1804 ecce
1035 1728 1208 1804 ellectum
1235 1729 1330 1803 illius
1363 1729 1506 1823 raptu's:
1531 1730 1582 1801 ici

381 1873 519 1949 ¹porco
543 1853 593 1923 ct'
606 1854 674 1924 ello
704 1856 740 1923 et
768 1852 803 1925 io
828 1851 984 1941 ardesco,
1009 1848 1046 1922 in
1072 1849 1132 1923 illo
1158 1849 1262 1945 igne;
1287 1870 1307 1921 c
1330 1840 1361 1921 sl
1385 1850 1408 1920 t’
1419 1849 1579 1921 incendio

405 1975 613 2063 imaginato,
638 1970 674 2044 in
697 1976 831 2063 mente,
849 1991 957 2063 cosso,
975 1969 1077 2063 idest,
1096 1968 1147 2043 ita
1171 1969 1411 2044 vehementer
1435 1988 1498 2042 me
1522 1967 1580 2041 in·
1681 2040 1690 2061 ,

368 2118 370 2125 ’
406 2090 538 2186 cendit,
563 2092 624 2165 cde
647 2110 822 2165 convenae
852 2092 912 2163 cte
925 2092 951 2162 ’l
972 2110 1084 2163 sonno
1113 2091 1146 2162 si
1173 2110 1374 2182 ronpoessc;
1399 2088 1450 2162 ita
1479 2088 1578 2182 quod
1628 2178 1633 2189 Ι

406 2210 621 2306 evigilarem
646 2231 668 2284 a
694 2228 835 2283 somno.
862 2210 906 2283 lit
930 2208 982 2283 sic
1007 2208 1089 2283 vide
1112 2208 1299 2302 quomodo
1315 2202 1426 2284 au'tor
1445 2228 1578 2284 accen·

405 2350 468 2404 sus
495 2350 590 2405 novo
615 2350 743 2405 amore
768 2352 791 2406 a
816 2329 936 2405 divina
961 2329 1079 2427 gratia
1105 2330 1174 2403 luit
1199 2336 1338 2405 tractus
1363 2350 1386 2403 a
1413 2331 1507 2405 valle
1529 2330 1576 2406 ad

406 2457 583 2525 montem.

481 2576 561 2645 Noa
586 2572 783 2644 altimenti.
816 2571 886 2647 lsta
918 2580 974 2647 est
1011 2568 1174 2645 secunda
1204 2591 1289 2665 pars
1320 2554 1512 2667 generalis,
1539 2570 1576 2643 in
1676 2641 1679 2646 ,
1815 2631 1817 2635 .

406 2713 481 2785 qua
507 2697 613 2787 poeta
639 2702 762 2767 noster
786 2689 958 2765 describit
981 2690 1319 2786 interpretationem
1352 2692 1490 2765 claram
1520 2691 1577 2765 sui

406 2812 582 2887 mirabilis
606 2812 737 2887 somnii
763 2812 895 2887 iactam
922 2833 945 2887 a
969 2811 1129 2908 Virgilio,
1162 2810 1206 2884 Et
1237 2810 1356 2907 primo
1390 2810 1577 2906 praemittit

406 2954 511 3009 suam
539 2932 808 3030 evigilationem
838 2953 951 3025 quam
982 2931 1131 3028 egregie
1161 2930 1331 3007 describit
1362 2950 1428 3026 per
1464 2951 1577 3005 unam

406 3054 717 3150 comparationem
745 3051 1017 3126 nobilissimam.
1035 3052 1089 3125 Ad
1104 3051 1212 3127 cuius
1235 3052 1481 3149 cognitionem
1499 3052 1576 3127 cla·

407 3194 500 3268 ram,
526 3173 612 3267 quia
637 3172 744 3246 multi
770 3172 829 3246 bic
854 3174 970 3246 multa
996 3174 1182 3267 superllua
1197 3163 1234 3265 (¹)
1254 3173 1366 3268 vulgo
1390 3170 1575 3266 dixerunt,

405 3302 460 3370 est
485 3292 672 3368 sciendum
700 3291 905 3367 necessario
923 3292 1020 3385 quod
1038 3293 1133 3367 banc
1151 3291 1343 3367 materiam
1363 3291 1421 3366 bic
1438 3298 1573 3365 tactam

404 3416 592 3509 eleganter
626 3411 751 3487 scribit
764 3402 802 3505 (Β)
829 3410 964 3486 Statius
997 3410 1034 3485 in
1067 3430 1136 3486 suo
1167 3411 1320 3505 minori,
1353 3411 1453 3505 quod
1486 3409 1578 3486 dici·

403 3540 465 3608 tur
482 3532 697 3626 Achilleida3
718 3531 826 3607 cuius
851 3551 1036 3606 summam
1066 3530 1228 3607 breviter
1253 3530 1376 3606 dicere
1399 3530 1573 3605 conabor.

403 3652 525 3729 Thetis
551 3658 670 3727 mater
690 3650 834 3727 Achillis
864 3651 1010 3727 tradidit
1039 3651 1143 3724 illum
1163 3638 1382 3726 infantulum
1401 3651 1575 3725 alendum

402 3779 440 3849 et
466 3773 720 3847 instruendum
748 3772 850 3847 bonis
875 3770 1018 3846 artibus
1043 3770 1190 3846 Chironi
1215 3778 1405 3865 centauro,
1428 3772 1578 3865 quiba-

403 3893 513 3967 bebat
537 3891 760 3966 domicilium
786 3901 912 3985 suum,
938 3890 1016 3966 sive
1040 3890 1252 3987 speluncam
1276 3891 1346 3965 sub
1363 3899 1489 3967 monte
1506 3892 1576 3965 Pe-
1632 3876 1635 3881 ’

404 4012 478 4088 lion
513 4012 549 4087 in
578 4010 771 4086 Thessalia.
798 4011 906 4086 Chiro
921 3999 958 4104 (⁴)
986 4030 1077 4107 ergo
1113 4032 1185 4085 non
1222 4011 1374 4085 nutrivit
1397 4011 1573 4085 Achillem
1689 3989 1697 4006 ’

403 4132 499 4208 lacte
524 4152 630 4207 more
653 4130 823 4226 aliorum,
848 4130 913 4205 sed
938 4130 1117 4228 sanguine
1146 4138 1184 4206 et
1208 4130 1378 4206 medullis
1402 4133 1574 4206 leonum:

404 4254 534 4329 deinde
559 4253 696 4328 ducens
729 4272 817 4327 eum
852 4271 918 4347 per
948 4271 1125 4326 cavernas
1153 4251 1355 4348 sylvarum,
1380 4250 1576 4327 assuefecit

404 4394 492 4449 eum
524 4371 707 4447 venationi
743 4372 917 4466 terarum,
944 4372 1068 4465 calori,
1095 4371 1232 4467 frigori,
1258 4375 1295 4445 et
1319 4371 1420 4445 omni
1445 4370 1573 4464 labori,

403 4515 490 4570 curn
518 4492 700 4569 venabulo
726 4494 896 4588 pharetra
922 4498 961 4567 et
984 4490 1174 4566 similibus.
1203 4492 1280 4569 Nec
1313 4492 1461 4567 tenebat
1485 4510 1574 4567 eum

402 4614 441 4690 in
467 4614 566 4689 molli
591 4617 698 4710 lecto,
724 4614 788 4689 sed
813 4612 969 4687 induro
995 4634 1085 4687 saxo
1114 4612 1223 4687 simul
1249 4633 1398 4707 secum3
1425 4620 1573 4688 etcum

403 4736 465 4813 vir
490 4741 586 4811 esset
610 4735 802 4811 duodecim
828 4754 1012 4810 annorum
1039 4732 1164 4808 docuit
1193 4754 1281 4809 eum
1310 4754 1476 4829 currere,
1500 4735 1575 4809 sal·

403 4862 496 4950 tare,
523 4864 661 4932 natare.
688 4856 763 4931 Nec
795 4876 960 4949 unquam
989 4855 1224 4951 permittebat
1250 4854 1372 4950 ipsum
1402 4855 1573 4950 persequi

465 5045 494 5108 (¹)
509 5044 540 5095 Ε.
557 5044 753 5095 conterminata.
1013 5040 1041 5104 ρ)
1057 5047 1112 5102 1¹7,
1129 5042 1231 5094 smol..
1349 5050 1354 5064 .

466 5119 493 5184 (⁸)
509 5123 563 5180 rvr,
579 5120 689 5183 scriptu
1015 5117 1042 5183 (ι)
1058 5118 1084 5169 s·
1100 5117 1198 5171 cmm
1213 5132 1285 5183 m
