4542 6842
787 968 927 1026 clusus
951 972 1114 1026 suarius.
1175 981 1179 995 ·
1491 960 1539 1026 97

364 1114 429 1208 qui
453 1114 705 1209 principaliter¹
717 1115 884 1191 imitatur
897 1112 935 1210 (¹)
954 1118 1156 1215 Virgilium.
1176 1117 1260 1192 ldeo
1279 1119 1399 1193 statim
1418 1119 1541 1194 subdit

361 1234 462 1328 quod
477 1235 640 1330 prudens
657 1236 828 1333 Virgilius
841 1239 965 1333 paruit
978 1238 1062 1333 sibi3
1080 1238 1179 1313 unde
1192 1237 1297 1313 dicit:
1314 1243 1540 1331 quurdommr'

362 1357 494 1444 ullora,
519 1355 655 1430 scilicet
688 1356 749 1431 ille
780 1358 963 1455 Virgilius,
989 1358 1095 1453 quasi
1129 1358 1277 1433 dicens:
1310 1360 1404 1435 bene
1437 1354 1537 1454 dicis,

362 1475 424 1570 lili,
441 1499 461 1548 e
478 1478 615 1569 rispose
630 1496 697 1549 con
713 1477 821 1551 libero
831 1481 958 1571 piqtio,
975 1479 1078 1573 idest,
1096 1500 1184 1553 cum
1205 1480 1287 1554 laeta
1305 1481 1407 1576 lacie,
1431 1480 1535 1574 quasi

362 1597 582 1695 gratulando
607 1597 758 1672 oonsilio
782 1598 880 1693 eius3
906 1619 998 1696 ergo
1021 1599 1204 1693 alacriter,
1231 1603 1400 1674 ondiomo
1424 1604 1462 1673 in
1486 1590 1536 1692 ld,

262 1713 267 1726 ‘
362 1716 497 1791 scilicet
522 1736 652 1791 versus
676 1737 751 1811 eos,
778 1718 865 1811 quia
890 1725 977 1793 sunt
1002 1720 1161 1793 multum
1183 1740 1205 1793 a
1227 1698 1347 1817 longe,
1368 1724 1461 1794 clt'ei
1477 1742 1536 1793 oe-

361 1856 460 1929 pnon
486 1840 613 1929 pinno,
643 1837 730 1930 quia
762 1838 913 1912 luerunt
938 1839 1025 1913 lenti
1054 1838 1091 1912 in
1124 1839 1216 1933 vita,
1243 1860 1310 1934 per
1334 1841 1405 1913 hoc
1434 1847 1536 1914 notat

363 1957 462 2052 quod
488 1957 577 2032 tales
602 1962 687 2031 sunt
711 1958 958 2053 praeveuiendi
984 1964 1021 2033 et
1045 1958 1261 2033 exhortandi
1279 1959 1440 2034 adriam
1459 1958 1536 2034 vir-

362 2078 461 2174 tutis,
488 2098 600 2173 quam
627 2078 657 2151 si
684 2086 869 2153 noverunt
893 2100 967 2153 non
992 2085 1117 2154 tamen
1142 2086 1352 2155 tenuerunt.
1379 2081 1423 2153 Et
1449 2080 1535 2175 quia

364 2205 557 2295 receperat
572 2199 763 2273 eonsilium
783 2200 832 2273 ab
848 2220 905 2293 eo,
924 2200 1041 2274 reddit
1058 2199 1125 2273 sibi
1145 2200 1274 2294 vicem,
1295 2200 1443 2275 dicens:
1462 2224 1481 2273 e
1501 2209 1536 2275 tu

360 2323 479 2413 sema
504 2322 541 2392 ta
564 2340 692 2412 sperne,
717 2322 815 2392 dolce
836 2322 946 2413 fiqti0,
965 2320 1062 2415 quia,
1080 2320 1226 2413 scilicet,
1253 2320 1405 2395 feliciter
1431 2321 1536 2394 inve-‘

362 2440 442 2516 nies
466 2442 577 2534 viam,
604 2440 690 2535 quia
716 2440 817 2515 vadis
835 2441 1009 2516 velociter
1025 2448 1063 2515 et
1082 2441 1139 2514 isti
1157 2441 1271 2535 tarde,
1291 2441 1396 2535 quasi
1414 2440 1532 2515 dicat:

361 2562 448 2657 quia
475 2561 602 2637 venisti
628 2561 735 2636 citius
759 2560 806 2635 ad
831 2560 1109 2635 conversionem
1138 2581 1250 2654 quarn
1272 2560 1328 2635 isti
1354 2561 1452 2655 lenti,
1471 2560 1534 2655 qui

363 2702 438 2756 non
455 2687 640 2756 venerunt
664 2680 730 2755 nisi
756 2681 795 2754 in
816 2686 953 2774 morte,
970 2680 1051 2755 ideo
1068 2686 1171 2775 potes
1191 2680 1286 2755 bene
1303 2700 1454 2774 sperare
1471 2680 1534 2773 qni

360 2803 475 2877 habes
493 2808 594 2876 tanto
611 2803 693 2897 plus
709 2802 837 2899 gratiae
852 2822 876 2875 a
893 2802 980 2876 lleo.
996 2840 1046 2855 —
1056 2808 1187 2874 Anser.
1206 2800 1271 2874 llic
1288 2808 1395 2896 poeta
1412 2808 1535 2875 osten-

359 2922 412 2997 dit
435 2932 561 2999 actum
591 2922 739 2997 illarum
767 2922 990 3015 animarum,
1020 2927 1057 2995 et
1091 2920 1252 2995 breviter
1287 2921 1367 2995 vult
1399 2920 1533 3015 dicere,

360 3044 459 3139 quod
476 3065 562 3119 cum
580 3044 752 3136 Virgilius
776 3051 814 3119 et
830 3043 912 3138 ipse,
918 3044 995 3137 jam
1018 3042 1166 3116 ivissent
1183 3040 1351 3117 celeriter
1368 3062 1434 3136 per
1450 3062 1534 3136 spa·

360 3165 453 3239 tium
481 3164 590 3237 unius
615 3163 789 3258 milliaris,
808 3169 845 3237 et
865 3162 1200 3257 appropinquarent
1225 3162 1292 3235 illis
1312 3183 1378 3257 per
1390 3162 1532 3256 jactum

359 3285 470 3359 unius
494 3283 631 3379 lapidis,
650 3284 699 3357 illi
721 3283 886 3358 videntes·
908 3282 995 3356 istos
1011 3282 1105 3356 duos
1125 3282 1253 3356 venire
1273 3288 1348 3355 tam
1371 3279 1532 3374 sollicite,

358 3406 620 3481 dubitaverunt
644 3403 723 3499 sibi,
749 3410 787 3478 et
811 3403 1046 3478 adheserunt
1073 3402 1186 3476 monti
1212 3407 1447 3496 expectantes
1466 3400 1534 3475 ad·

358 3533 513 3601 ventum
539 3525 605 3600 rei.
631 3524 725 3599 Dicit
744 3546 851 3621 ergo:
874 3527 954 3616 quel
964 3526 1109 3617 popolo,
1130 3523 1232 3616 idest,
1250 3523 1310 3595 illa
1333 3522 1441 3595 turba
1462 3542 1534 3594 nu-

358 3667 518 3739 merosa,
536 3667 601 3718 era
617 3666 730 3718 ancor
746 3647 958 3735 ditonum,
975 3644 1078 3737 idest,
1099 3644 1209 3739 longe
1229 3662 1251 3716 a
1269 3640 1384 3736 nobis,
1402 3649 1533 3732 quanto

357 3788 405 3840 nn
421 3768 513 3840 buon
528 3770 674 3858 qv'ttutor
691 3766 830 3838 trorria
845 3785 911 3837 oon
928 3784 1058 3856 mono;
1076 3762 1125 3836 ita
1143 3762 1244 3856 quod
1260 3767 1430 3855 poterant
1446 3761 1533 3835 satis

358 3910 427 3963 nos
447 3887 585 3980 videre,
602 3889 693 3979 dico,
714 3888 838 3979 dopoi
857 3888 971 3958 nosti
986 3887 1078 3958 mille
1089 3886 1204 3977 possi,
1222 3882 1324 3976 idest,
1339 3888 1531 3975 postquam

357 4010 547 4084 iveramus
572 4026 777 4102 perunum
795 4005 950 4080 milliare
969 4004 1075 4080 valde
1100 4004 1185 4099 cito,
1203 4006 1345 4095 quondo
1369 4005 1401 4075 si
1423 4004 1532 4075 sttu-

356 4152 415 4204 scr
440 4131 514 4203 tutti
536 4132 575 4201 oi
603 4129 685 4201 duri
712 4129 833 4218 mussi,
848 4124 940 4200 idest
969 4126 1077 4221 saxis,
1096 4128 1140 4199 de
1168 4126 1272 4198 lulla
1301 4126 1396 4216 rupo,
1426 4121 1530 4216 idest,

357 4249 394 4325 in
419 4248 576 4324 confinio
602 4248 747 4341 montis,
773 4272 792 4321 e
823 4253 937 4321 stetter
959 4250 1066 4341 smmi
1089 4268 1108 4319 e
1130 4249 1253 4336 stretti,
1286 4242 1348 4317 ubi
1364 4235 1400 4336 (Ἰ)
1428 4244 1531 4338 prius

356 4370 596 4447 ambulabant
619 4368 816 4466 disgregati
841 4368 939 4443 lente
963 4373 1001 4443 et
1026 4367 1154 4462 plane;
1181 4370 1218 4439 et
1240 4384 1327 4439 ecce
1343 4364 1531 4458 quomodo

357 4499 395 4569 et
420 4511 553 4587 quare:
574 4511 670 4565 come
693 4492 748 4563 cli
772 4511 819 4564 oa
843 4492 947 4562 stessi
971 4510 995 4561 a
1018 4488 1184 4579 quaritur
1207 4486 1419 4576 duddiondo,
1437 4485 1532 4559 sicut

356 4611 532 4707 contingit
556 4631 654 4707 soepe
678 4609 778 4704 quod
804 4609 927 4703 aliqua
953 4629 1045 4705 gens
1059 4598 1098 4700 (³)
1124 4626 1260 4702 magna
1290 4604 1448 4679 militans
1474 4605 1530 4679 in-

355 4733 415 4807 via
439 4732 477 4805 in
503 4730 642 4805 mundo
666 4730 746 4823 isto,
773 4729 802 4803 si
815 4718 853 4822 (⁸)
881 4728 1004 4804 vident
1033 4747 1057 4800 a
1090 4748 1177 4801 casu
1210 4724 1352 4820 aliquos
1381 4723 1530 4797 nuntios

354 4854 415 4928 vel
449 4871 621 4927 cursores
653 4850 782 4926 venire
812 4870 900 4925 cum
933 4848 1139 4924 festinantia
1176 4867 1305 4922 versus
1336 4866 1376 4920 se
1407 4846 1530 4922 statim

417 5037 446 5102 (¹)
462 5039 493 5090 E·
510 5038 668 5089 imiubatur.
944 5034 972 5097 ρ)
990 5039 1044 5096 nr,
1061 5035 1105 5084 uu
1122 5034 1216 5097 primo.

417 5114 490 5179 i‘iss·
507 5128 570 5180 ullus
585 5115 699 5166 humma
714 5127 817 5179 magna.
946 5112 974 5175 (⁸)
991 5115 1045 5173 ll'l,
1062 5112 1084 5161 si
1100 5110 1195 5164 viderit
1209 5123 1225 5158 a
1241 5122 1311 5159 casu.

487 5224 528 5267 ΙΙΙ.
1382 5218 1395 5261 7
