4542 6842
702 920 779 998 ,aar
1070 934 1274 993 counnrmr
1298 937 1522 992 ruueuuouu

703 1079 845 1173 aliquos
870 1080 916 1154 de
940 1079 1143 1156 Abbatibus
1156 1075 1193 1174 (¹)
1213 1082 1368 1158 inimicis
1388 1082 1552 1177 Monadi,
1568 1082 1633 1158 sed
1649 1083 1700 1158 illi
1718 1105 1881 1180 praeseu-

704 1199 834 1275 tientee
851 1208 1060 1276 evaseruut.
1079 1201 1166 1278 ldeo
1186 1223 1315 1278 omues
1327 1202 1375 1278 de
1387 1202 1587 1278 abbatibus
1599 1195 1636 1296 (¹)
1650 1205 1876 1281 condemna-

703 1320 756 1396 rit
780 1341 848 1416 pro
874 1321 1083 1416 rebellibm,
1110 1321 1174 1418 qui
1203 1343 1412 1418 numquam
1442 1323 1595 1399 luerunt
1624 1331 1750 1420 postea
1780 1326 1882 1402 cives
1916 1404 1924 1411 ,

704 1439 907 1516 Florentiae.
934 1441 987 1514 lix
1014 1461 1090 1535 quo
1115 1463 1251 1540 magna
1277 1443 1440 1518 turbatio
1466 1450 1550 1519 nata
1577 1443 1695 1520 estin
1720 1444 1878 1541 civitate,

704 1567 742 1639 et
755 1552 793 1655 (³)
825 1568 982 1656 sequuta
1012 1567 1098 1637 sunt
1129 1564 1247 1638 multa
1277 1564 1377 1639 mala
1410 1569 1448 1640 et
1476 1563 1656 1640 scandala.
1688 1565 1743 1639 llx
1776 1566 1881 1641 dictis

704 1703 796 1780 ergo
821 1681 908 1757 satis
932 1689 1043 1777 patet,
1064 1704 1183 1777 quare
1215 1684 1351 1760 Denter
1384 1705 1483 1760 nuuc
1515 1684 1719 1760 detestatur
1748 1685 1880 1780 nequi-

704 1803 793 1880 tiam
818 1802 987 1896 Fulcerii,
1001 1802 1064 1896 qui
1090 1803 1141 1876 ita
1165 1804 1263 1878 male
1281 1805 1567 1880 tractaritsuam
1581 1812 1725 1900 partem
1747 1805 1878 1898 Albam

703 1945 750 2000 eo
774 1930 941 2019 tempore
967 1943 1041 2016 quo
1067 1923 1162 1998 sorte
1185 1924 1263 2019 ipse
1285 1924 1497 2000 reintrasset
1516 1925 1751 2001 Florentiam.
1773 1926 1878 2000 Nunc

701 2045 749 2119 ad
774 2044 937 2118 literam:
963 2043 1082 2118 Guido
1106 2044 1302 2139 pradictus
1322 2044 1407 2120 dicit
1431 2046 1615 2142 Raynerio
1640 2046 1687 2122 de
1711 2047 1877 2141 Galbam,

701 2163 807 2239 cuius
833 2164 1022 2239 Fulcerius
1047 2163 1115 2239 luit
1140 2184 1273 2258 nepos:
1298 2159 1344 2238 nd
1367 2157 1503 2238 toccerd
1527 2168 1566 2239 di
1589 2167 1649 2238 dtr
1665 2168 1876 2258 percb'attrt

701 2287 746 2358 m'
758 2271 843 2375 odo,
862 2282 963 2378 idest,
983 2304 1056 2358 non
1076 2284 1206 2360 tacebo
1222 2305 1342 2359 unum
1369 2283 1467 2379 quod
1489 2283 1652 2360 occurrit
1670 2285 1756 2360 mibi
1775 2306 1874 2361 nnuc

699 2402 908 2498 dicendum,
933 2403 1102 2498 quamvis
1128 2403 1197 2479 iste
1222 2413 1348 2479 tuscus
1379 2405 1485 2479 vivus
1512 2405 1649 2500 audiat,
1675 2414 1712 2482 et
1736 2412 1876 2482 attente

698 2525 881 2599 auscultet
908 2543 985 2618 me,
1014 2530 1052 2600 et
1076 2523 1179 2598 dicit:
1206 2546 1226 2598 e
1249 2525 1341 2597 buon
1364 2516 1455 2602 cord
1479 2547 1504 2598 a
1528 2529 1648 2617 costati,
1666 2525 1759 2602 idmt
1784 2527 1874 2602 utile

699 2644 769 2719 erit
795 2644 852 2718 isti
878 2651 993 2738 tusco,
1018 2647 1174 2718 concor
1197 2647 1428 2737 commem,
1455 2646 1546 2722 idest
1575 2647 1805 2742 recordatur,
1838 2650 1878 2721 di

699 2761 753 2843 oid
781 2771 842 2843 cte
869 2789 954 2842 vero
982 2771 1093 2861 spirtu
1126 2772 1176 2842 mi
1202 2772 1367 2862 demta,
1400 2769 1493 2845 idest
1523 2770 1605 2846 eius
1632 2771 1731 2866 quod
1768 2791 1875 2846 mens

700 2909 786 2964 mea
814 2908 911 2962 nuuc
927 2876 962 2980 (⁴)
991 2887 1173 2984 praesagit,
1198 2888 1285 2982 quia
1302 2896 1447 2984 poterat
1463 2890 1559 2965 torte
1577 2891 1773 2986 providere
1794 2891 1874 2983 sibi,

700 3029 786 3084 curu
813 3007 859 3081 sit
884 3007 1143 3104 expellendus3
1170 3009 1229 3083 vel
1250 3029 1299 3084 ne
1322 3029 1410 3083 cum
1437 3010 1507 3084 erit
1532 3010 1706 3106 expulsus
1729 3017 1874 3105 querat

544 3196 552 3209 .
700 3131 821 3206 redire
851 3129 898 3204 ad
929 3128 1135 3204 laciendum
1163 3149 1203 3204 se
1228 3130 1447 3225 decapitari3
1472 3130 1531 3205 vel
1556 3131 1707 3206 bonum.
1722 3130 1803 3224 erit,
1823 3137 1873 3206 aut

698 3251 758 3327 det
784 3249 971 3325 infamiam
990 3249 1112 3345 nepoti
1129 3256 1206 3325 tuo.
1220 3291 1270 3306 -
1282 3255 1335 3324 lo.
1356 3251 1422 3326 llic
1441 3250 1559 3326 Guido
1583 3259 1711 3327 narrat
1733 3251 1869 3326 lactum

696 3371 866 3446 luturum
891 3369 974 3464 cito,
1000 3368 1140 3444 dicens:
1166 3374 1208 3443 lo
1241 3373 1364 3461 ceppio
1386 3379 1444 3444 tuo
1469 3374 1597 3464 utpote,
1624 3370 1760 3446 scilicet
1784 3371 1871 3445 Ful-

696 3491 851 3586 cerium,
883 3489 1008 3566 virum
1039 3509 1128 3564 vere
1160 3489 1336 3584 ferocem,
1368 3492 1428 3564 clte
1458 3494 1598 3565 diventa
1628 3495 1804 3564 mercator
1833 3493 1873 3564 di

696 3615 770 3708 pte'
788 3613 873 3704 tupi,
898 3609 990 3684 idest
1018 3617 1235 3704 persecutor
1265 3611 1557 3704 lloreutinorum,
1581 3613 1618 3684 iu
1650 3632 1692 3684 cu
1722 3614 1760 3684 to
1788 3615 1871 3684 rica

695 3737 753 3810 aet
776 3735 865 3825 [tero
891 3735 1009 3824 ptume,
1043 3729 1179 3806 scilicet
1208 3729 1306 3824 drui,
1341 3752 1361 3804 e
1388 3735 1464 3805 tutti
1493 3734 1519 3805 a·
1548 3741 1743 3824 spumante,
1777 3730 1870 3806 idest

695 3852 885 3929 disturbat.
913 3850 957 3925 Et
981 3849 1137 3925 ostendit
1170 3850 1369 3944 quomodo,
1394 3851 1535 3926 diceus:
1567 3853 1676 3925 vende
1699 3855 1736 3926 to
1761 3872 1873 3925 carru

696 3977 788 4066 loro,
803 3973 947 4045 essendo
965 3973 1067 4064 utva;
1089 3970 1176 4065 quia
1192 3971 1369 4044 llusattus
1386 3968 1613 4066 Francmiue,
1631 3971 1696 4064 qui
1713 3970 1870 4066 pecunia

695 4113 764 4168 sua
789 4097 1006 4185 corruperat
1030 4090 1204 4165 Carolum
1230 4089 1382 4166 tratrem
1410 4090 1506 4187 regis
1525 4089 1781 4184 Frauciae,·qui
1804 4111 1871 4167 ve-

695 4218 803 4290 nerat
820 4211 1042 4286 Florentiam
1061 4217 1251 4305 tamquam
1270 4210 1452 4305 paciarius
1466 4202 1518 4304 (⁵),
1535 4211 1631 4286 bene
1647 4211 1766 4306 potnit
1784 4233 1870 4287 cor-

695 4353 871 4430 rumpere
895 4331 1118 4426 Fulcerium,
1144 4331 1209 4425 qui
1240 4337 1393 4406 venerat
1422 4330 1644 4406 Florentiam
1675 4336 1867 4429 tamquam

695 4461 834 4530 rector:
856 4455 981 4546 pesclo
1004 4455 1055 4543 pti
1078 4454 1203 4526 conde
1226 4473 1323 4525 come
1346 4454 1465 4525 anteo
1488 4453 1602 4544 belua,
1623 4452 1716 4528 idest
1739 4455 1866 4548 beotia,
1960 4450 1964 4458 ’

693 4576 788 4650 sicut
812 4574 878 4648 bos
904 4573 1077 4650 innocens
1101 4573 1140 4646 in
1165 4579 1356 4648 senectute
1385 4571 1507 4647 securi
1536 4572 1759 4669 percutitur,
1785 4573 1868 4650 ideo

691 4695 794 4770 dicit:
822 4697 919 4768 motti
944 4697 1052 4787 privo
1074 4696 1113 4767 dt
1137 4695 1222 4783 utto,
1247 4701 1286 4768 et
1316 4691 1421 4766 bonis
1449 4711 1594 4786 eorum,
1619 4713 1640 4766 e
1662 4689 1703 4768 se*
1724 4695 1762 4767 di
1781 4714 1868 4786 pre-

754 4920 1016 4983 fflbmsswm
1267 4919 1535 4984 fflssmsswm

754 4995 781 5059 (¹)
797 4996 828 5046 E.
845 4999 873 5045 et
888 5003 1048 5061 consequuta
1064 5001 1132 5050 cunt.
1268 4998 1297 5059 (⁸)
1314 5001 1369 5058 11⁷,
1385 5009 1447 5049 rara
1462 4999 1583 5062 pracepit
1597 4997 1658 5063 quin
1674 4997 1777 5062 poterit.

755 5071 1082 5136 fflbwwmmm
