4542 6842
701 937 772 1003 248
841 961 842 964 Ν
1059 946 1262 1002 cottuuruu
1287 948 1509 1003 rununronn

700 1094 833 1187 scendi,
858 1096 896 1165 in
919 1113 960 1166 su
985 1093 1119 1184 l’erbo,
1144 1092 1247 1187 idest,
1269 1092 1306 1166 in
1331 1091 1392 1166 illo
1415 1093 1493 1167 solo
1511 1092 1679 1187 berbuso,
1697 1092 1761 1167 ubi
1788 1100 1869 1168 erat

701 1214 815 1288 lectus
840 1211 986 1286 illorum
1013 1211 1235 1307 illustrium3
1261 1211 1361 1287 unde
1384 1212 1489 1287 dicit:
1505 1202 1551 1290 td
1576 1216 1664 1287 doce
1689 1217 1765 1289 tutti
1795 1217 1871 1288 cin-

700 1354 765 1430 qne
787 1335 985 1424 sedeoumo,
1011 1330 1159 1425 scilicet,
1186 1332 1366 1428 Virgilius,
1396 1332 1472 1427 ipse
1500 1333 1645 1429 llautes,
1671 1333 1869 1429 Sordellus,

694 1453 810 1551 judex
835 1452 961 1547 Ninus,
991 1459 1029 1526 et
1058 1452 1222 1526 marchio
1256 1452 1450 1527 Corradus.
1483 1455 1527 1527 lit
1559 1454 1619 1529 bic
1654 1461 1739 1530 nota
1770 1453 1869 1549 quod

699 1575 833 1648 nantes
858 1572 1028 1647 describit
1052 1592 1256 1667 congruam
1283 1574 1412 1648 boram
1439 1573 1495 1646 sui
1513 1574 1650 1668 somni,
1675 1594 1870 1650 namnum

702 1702 789 1771 tunc
813 1701 909 1769 esset
934 1704 1078 1789 tempus
1103 1693 1311 1787 aeqntnoctti
1337 1694 1413 1789 ipse
1432 1694 1490 1767 vir
1506 1694 1690 1769 studiosus
1707 1702 1788 1770 erat
1807 1716 1869 1770 so-

701 1814 785 1890 litus
811 1813 963 1910 vigilare
987 1833 1053 1908 per
1079 1818 1154 1887 tres
1176 1815 1285 1888 boras
1301 1805 1466 1905 noctisl¹t
1486 1821 1524 1888 et
1540 1815 1714 1911 evigilare
1739 1814 1776 1888 in
1800 1836 1869 1889 au-

701 1956 787 2011 rora
811 1934 907 2009 sicut
931 1954 1029 2008 nunc
1049 1933 1143 2009 lecit.
1157 1937 1306 2009 -Nett'
1319 1955 1398 2007 oro.
1425 1935 1530 2009 Nunc
1549 1942 1668 2031 poeta,
1689 1936 1869 2033 descripta

702 2057 792 2129 bora
818 2054 992 2149 temporis
1025 2076 1100 2148 qua
1129 2054 1352 2149 obdormuit,
1382 2054 1519 2130 scilicet
1553 2077 1730 2132 auroram
1759 2057 1868 2152 lune,
1934 2080 1946 2092 ⁷

699 2176 868 2253 describit
897 2164 1028 2249 boram
1069 2195 1143 2269 qua
1177 2176 1360 2250 somnium
1394 2176 1489 2271 iecit,
1522 2176 1657 2252 scilicet
1688 2197 1866 2251 auroram

701 2297 808 2372 solis:
835 2302 871 2371 et
896 2295 1057 2371 breviter
1088 2295 1167 2369 vult
1197 2295 1331 2387 dicere,
1357 2295 1456 2389 qtrod
1486 2316 1572 2371 cum
1605 2296 1799 2371 dormisset
1823 2295 1869 2371 od

700 2416 954 2492 sufficientiam
973 2414 1177 2490 secundum
1195 2436 1300 2489 suam
1322 2422 1493 2490 naturam
1511 2423 1553 2491 et>
1566 2417 1868 2514 consuetudinem

699 2536 827 2611 babuit
852 2556 964 2609 uuam
993 2534 1169 2611 visionem
1195 2535 1293 2609 circa
1322 2556 1498 2610 auroram
1530 2535 1612 2630 diei,
1639 2537 1786 2630 quando
1811 2557 1871 2611 so·

700 2658 775 2733 lent
800 2656 881 2753 plus
907 2655 986 2729 deri
1011 2654 1153 2730 somnia
1177 2674 1277 2730 vera.
1304 2654 1401 2729 Visio
1426 2661 1553 2730 autem
1580 2664 1672 2750 erat,
1698 2656 1798 2751 quod
1813 2656 1870 2731 ri-

701 2778 857 2853 debatur
882 2774 948 2848 sibi
974 2774 1099 2850 videre
1124 2792 1237 2848 unam
1256 2774 1418 2870 aquilam
1436 2774 1473 2849 in
1493 2776 1579 2871 alto,
1597 2796 1682 2870 quae
1701 2776 1869 2851 celeriter

633 2889 635 2896 ’
701 2895 923 2972 descendens
949 2895 1112 2990 rapiebat
1138 2914 1225 2968 euru
1253 2900 1290 2969 et
1313 2894 1627 2991 portabat-usque
1651 2895 1698 2971 ad
1722 2916 1868 2991 speram

701 3018 805 3115 ignis,
833 3016 894 3089 ubi
919 3036 995 3111 prae
1020 3014 1133 3089 nimiu
1158 3015 1281 3090 calore
1304 3015 1439 3089 ardeus
1461 3016 1663 3112 cogebatur
1682 3017 1868 3113 evigilare.

700 3137 835 3212 Ordiua
861 3156 960 3210 nunc
984 3136 1127 3211 literam
1154 3134 1228 3209 sic:
1254 3138 1291 3207 in
1314 3155 1440 3229 cogno,
1465 3135 1568 3229 idest,
1593 3136 1630 3209 iu
1645 3128 1682 3228 (²)
1715 3137 1870 3231 somnio,

702 3261 749 3330 mi
769 3276 884 3350 porea
911 3258 1014 3330 ceder
1037 3258 1096 3328 un'
1109 3258 1242 3347 aquilo,
1271 3254 1339 3329 ista
1371 3260 1451 3328 erat
1471 3255 1594 3348 Lucia,
1620 3254 1722 3349 idest,
1747 3256 1870 3331 divina

699 3378 829 3477 gratia,
846 3377 893 3451 de
918 3396 992 3472 qua
1009 3376 1147 3451 dictum
1167 3382 1223 3450 est
1239 3376 1345 3471 plene
1369 3374 1530 3450 secundo
1547 3376 1706 3472 capitulo
1722 3376 1867 3471 lnlerni,

700 3520 844 3593 sospem
867 3500 926 3571 nel
948 3500 1023 3590 ciel,
1049 3497 1135 3592 quia
1160 3496 1294 3591 pendet
1321 3516 1345 3569 a
1375 3502 1499 3570 mente
1522 3495 1656 3590 divina,
1676 3518 1872 3590 conpetere

701 3621 827 3710 d’oro,
848 3619 894 3694 de
910 3616 1079 3693 nobiliori
1096 3616 1250 3692 materia
1269 3636 1342 3691 uon
1362 3616 1480 3711 potuit
1498 3616 1659 3691 lormare
1675 3618 1752 3692 alas
1769 3616 1871 3692 istius

701 3742 846 3836 aquilae,
864 3738 1110 3834 quianullum
1129 3737 1320 3811 metallum
1340 3736 1546 3831 perfectius,
1561 3738 1647 3831 quia
1664 3758 1869 3831 numquam

702 3860 963 3956 corrumpitur,
995 3878 1199 3952 numquam
1232 3855 1459 3951 diminuitur,
1490 3878 1694 3951 numquam
1726 3857 1869 3952 delicit3

701 3983 783 4058 ideo
800 3980 895 4074 dicit,
913 4000 979 4052 con
996 3980 1080 4053 l’oli
1098 3986 1231 4071 operte,
1257 3977 1343 4071 quia
1368 3977 1493 4073 gratia
1504 3977 1568 4053 llei
1585 3998 1732 4073 semper
1753 3978 1870 4073 aperit

559 4166 560 4172 t
701 4101 863 4195 brechia,
900 4106 937 4175 et
980 4099 1135 4174 libenter
1176 4096 1333 4200 admittit
1352 4087 1390 4189 (³)
1424 4116 1553 4171 omnes
1591 4097 1870 4172 redeuntes-ad

702 4242 802 4315 euru,
823 4221 921 4294 ¹sicut
946 4239 1045 4293 nunc
1070 4223 1216 4313 poetam
1237 4222 1426 4310 nostrum;
1444 4216 1543 4291 uude
1559 4216 1663 4291 dicit:
1680 4221 1871 4292 elocutor

700 4346 839 4435 inteso3
865 4341 967 4433 idest,
993 4338 1170 4413 intentam
1196 4347 1234 4411 et
1259 4345 1424 4432 paratam
1449 4337 1495 4410 ad
1512 4336 1805 4413 descendendum
1832 4337 1870 4414 in

664 4512 666 4515 -
701 4462 901 4537 subsidium
929 4460 1081 4535 autoris·
1105 4458 1207 4534 Sicut
1222 4458 1319 4533 enirn
1337 4458 1403 4532 ista
1419 4456 1532 4531 Lucia
1551 4457 1736 4532 succurrit
1753 4465 1870 4552 poetae

701 4589 825 4657 nostro
851 4582 1032 4657 intraturo
1058 4580 1094 4653 in
1120 4578 1317 4672 internum,
1341 4578 1428 4653 dum
1455 4577 1706 4672 impederetur
1729 4578 1777 4651 ab
1803 4577 1870 4653 illis

702 4703 817 4776 tribus
843 4700 927 4776 ieris
953 4700 1117 4796 pessimis
1143 4696 1512 4795 impedientibus-sibi
1537 4716 1729 4771 ascensum
1762 4718 1870 4772 mou·

763 4930 790 4989 (¹)
806 4932 860 4987 itt,
876 4929 967 4988 noctis,
981 4934 1008 4977 et
1025 4928 1138 4991 vigilare.

764 5004 791 5063 (¹)
808 5002 838 5053 E.
855 5004 881 5053 ln
896 5003 1032 5053 insomnio.

764 5080 790 5141 ι’)
807 5079 837 5129 Ε.
854 5078 965 5129 admittit
980 5078 1166 5130 redeuntes·
1178 5084 1232 5138 ur,
1248 5079 1361 5129 admittit
1376 5080 1499 5130 deantes
1515 5079 1634 5130 adeum
