4542 6842
857 951 995 1008 caurus
1015 946 1189 1007 ‘oremus
1537 938 1607 1007 279

436 1105 555 1191 questa
579 1100 730 1189 omniur,
754 1096 816 1173 dat
842 1118 977 1173 nornen
1003 1098 1193 1194 proprium
1220 1098 1305 1173 huic
1329 1099 1416 1191 uiae3
1434 1098 1485 1173 sic
1509 1096 1607 1172 enim

436 1218 639 1314 appellatur
663 1218 711 1292 ab
726 1218 1038 1293 *architectoribus
1065 1217 1145 1293 talis
1170 1219 1249 1313 via3
1276 1222 1460 1313 minoren
1484 1220 1607 1307 coma,

435 1338 537 1434 idest,
564 1346 640 1413 tam
665 1339 738 1413 alta
763 1344 800 1413 et
824 1346 944 1433 arcta3
971 1346 1101 1431 qrrauto
1126 1341 1281 1414 t'occdio
1303 1342 1373 1413 nuo
1395 1347 1501 1432 poteo
1526 1347 1607 1412 trar

434 1463 469 1533 d’
481 1464 550 1550 ale,
569 1458 672 1552 idest,
691 1465 871 1552 quantum
897 1459 996 1534 visus
1014 1480 1120 1535 meus
1138 1466 1282 1555 poterat
1298 1461 1426 1535 volare
1441 1478 1605 1553 sursum,

435 1580 522 1675 quia
547 1579 615 1653 ista
639 1578 697 1652 via
723 1578 952 1673 protenditur
978 1600 1098 1673 usque
1122 1567 1170 1653 ad
1190 1599 1336 1673 speram
1354 1579 1460 1675 ignis,
1479 1584 1520 1652 ut
1540 1598 1605 1672 pa-

435 1700 525 1777 tebit
541 1700 587 1773 in
612 1698 705 1793 liue3
731 1704 768 1773 et
799 1699 906 1774 dicit:
934 1719 978 1771 or
1011 1701 1060 1772 da
1090 1702 1235 1773 dudda
1265 1705 1299 1771 et
1324 1720 1370 1771 or
1402 1700 1466 1771 dut
1489 1700 1606 1772 desto

432 1824 564 1914 ficnco,
589 1820 723 1894 scilicet
749 1818 871 1894 eundo
896 1819 993 1895 circa
1021 1826 1196 1895 montem.

508 1930 560 2012 ιὰ
584 1958 722 2022 suana
746 1959 845 2012 eran
877 1941 948 2013 lsta
972 1946 1028 2014 est
1052 1937 1213 2014 secunda
1238 1960 1323 2034 pars
1347 1937 1540 2035 generalis,
1567 1936 1605 2010 in

434 2082 509 2155 qua
534 2068 640 2156 poeta
666 2060 773 2135 docet
792 2060 991 2136 relraenare
1007 2059 1219 2155 superbiam
1238 2079 1304 2155 per
1325 2058 1459 2133 nobilia
1476 2078 1606 2133 exem-

433 2182 492 2277 pla
517 2200 675 2256 summae
699 2180 930 2275 humilitatis;
958 2187 995 2256 et
1019 2182 1139 2277 primo
1156 2180 1259 2277 fingit
1277 2180 1376 2275 quod
1393 2178 1605 2274 superficies

434 2301 566 2375 montis
592 2306 671 2375 erat
701 2299 900 2376 incrustata
932 2321 1121 2376 marmore
1148 2301 1245 2393 albo,
1272 2300 1309 2373 in
1342 2320 1418 2394 quo
1447 2298 1603 2373 mirabili

430 2420 586 2496 artificio
610 2428 715 2495 erant
740 2422 891 2517 sculptae
916 2422 1085 2516 quaedam
1110 2420 1271 2495 historiae
1287 2420 1515 2495 continentes
1533 2421 1604 2493 hu-

432 2540 622 2615 militatem
646 2539 907 2614 altissimarum
933 2561 1195 2636 personarum3
1223 2539 1321 2613 unde
1342 2539 1443 2613 dicit:
1460 2542 1475 2611 i
1490 2541 1605 2613 nostru·

428 2664 487 2755 pet
517 2681 589 2735 uon
620 2682 709 2735 ocu
740 2665 846 2735 mosot
879 2682 969 2735 auco
1002 2652 1039 2735 td
1069 2682 1125 2752 su,
1155 2660 1259 2755 quasi
1291 2659 1409 2734 dicat:
1437 2660 1598 2734 nondum

431 2783 716 2857 ascenderamus
741 2782 839 2855 illam
866 2783 962 2863 riam
986 2780 1219 2875 descriptam,
1244 2779 1380 2855 scilicet
1404 2780 1602 2873 cornicem,

432 2904 562 2994 quuud’
573 2905 609 2977 io
633 2903 777 2975 amobit
801 2906 915 2993 quella
934 2905 1017 2995 rapa
1037 2904 1192 2983 intorno.
1209 2901 1312 2994 idest,
1331 2906 1477 2997 tergum
1496 2920 1603 2975 mou-

433 3024 476 3098 tis
510 3042 762 3097 marmoreum
794 3022 831 3096 in
865 3023 1034 3116 circuitu,
1065 3012 1126 3095 cita
1156 3042 1270 3095 amon
1292 3024 1399 3095 dritta
1432 3024 1470 3095 di
1499 3023 1603 3093 solitu

431 3163 570 3234 manco,
596 3142 701 3237 quasi
726 3142 832 3236 dicat,
860 3142 1116 3219 rectitudinem
1145 3162 1320 3217 ascensus
1338 3162 1411 3218 non
1433 3141 1601 3235 habebat,

431 3264 517 3359 quia
544 3284 618 3337 non
642 3269 785 3357 poterat
811 3269 911 3338 recte
935 3262 1081 3338 ascendi
1103 3283 1170 3358 per
1190 3263 1322 3358 ipsum,
1340 3262 1403 3337 sed
1421 3282 1486 3355 per
1504 3261 1599 3335 viam

429 3408 513 3482 quae
544 3383 674 3459 circuit
698 3384 843 3478 ipsum3
869 3404 964 3457 asser
993 3386 1031 3458 dt
1063 3404 1216 3475 munao,
1244 3382 1345 3476 idest,
1385 3383 1518 3456 iactam
1554 3401 1598 3456 er

429 3524 629 3597 marmore,
654 3506 806 3577 candido
831 3509 864 3576 et
885 3506 1038 3595 adorno,
1056 3503 1160 3595 idest,
1177 3504 1261 3577 albo
1287 3509 1325 3577 et
1341 3508 1484 3595 ornato,
1501 3505 1602 3575 d'iu-
1633 3492 1640 3509 '

427 3629 525 3717 tacit,
543 3624 646 3718 idest,
663 3623 870 3719 sculpturis,
887 3616 930 3715 si,
948 3623 1051 3716 idest,
1066 3630 1141 3697 tarn
1161 3623 1321 3717 perlecto
1339 3628 1479 3697 etcum
1498 3627 1600 3695 tanto

407 3745 584 3842 ingenio,
609 3746 670 3818 alte
694 3765 767 3817 nou
788 3764 860 3836 pur
883 3746 1056 3835 Poltclato,
1080 3742 1144 3836 qui
1170 3742 1239 3816 luit
1264 3741 1449 3815 maximus
1468 3740 1598 3815 artilex

426 3871 646 3959 statuarum,
673 3870 716 3936 ut
740 3862 864 3937 scribit
889 3862 1122 3957 philosophus
1149 3862 1210 3935 Vll
1229 3861 1457 3951 lithicorum,
1483 3882 1543 3933 mu
1562 3863 1600 3933 la

426 3992 568 4079 nutura,
602 4002 686 4079 quae
720 3990 775 4057 cst
808 3982 1110 4076 potentiorem,
1142 4002 1230 4055 cum
1263 4002 1324 4056 ars
1354 3981 1401 4055 sit
1429 3980 1598 4075 quaedam

425 4106 550 4202 imago
572 4111 726 4196 naturae,
743 4105 794 4194 ytt
810 4102 976 4175 arnalde
992 4122 1133 4193 soorao,
1158 4101 1246 4195 quia
1267 4101 1407 4175 videret
1419 4094 1456 4192 (¹)
1474 4120 1515 4175 se
1533 4100 1596 4174 de-

425 4227 557 4319 lusam,
584 4231 621 4299 et
652 4243 856 4318 numquam
888 4223 1016 4297 iecisse
1046 4221 1186 4319 liguros
1215 4243 1324 4317 acque
1353 4222 1499 4317 pulcras
1533 4229 1599 4293 aut

425 4346 560 4419 similes
572 4344 658 4421 isus.
672 4346 716 4419 Et
728 4343 786 4417 hic
801 4350 898 4437 nota,
912 4342 1010 4437 quod
1027 4343 1095 4417 iste
1109 4343 1315 4439 Polycletus
1332 4342 1400 4415 luit
1414 4341 1596 4417 excelleu-

426 4466 586 4539 tissimus
602 4464 801 4539 statuarius
813 4484 969 4560 graecus,
982 4464 1029 4537 de
1042 4484 1117 4557 quo
1135 4462 1259 4537 scribit
1273 4462 1408 4537 Plinius
1423 4462 1601 4537 xxxiiii·

424 4584 601 4661 naturalis
626 4583 796 4675 historiae‚
819 4581 954 4677 dicens,
973 4582 1072 4677 quod
1097 4583 1304 4679 Polycletus
1328 4582 1506 4657 Sicionius
1524 4584 1596 4657 lla-
1720 4658 1727 4673 ,

423 4704 560 4802 geladis
585 4703 782 4797 discipulus
812 4704 925 4776 multa
956 4722 1069 4797 opera
1103 4702 1281 4776 mirabilia
1313 4702 1360 4775 de
1392 4721 1468 4777 aere
1497 4702 1595 4795 lecit,

422 4826 515 4901 adeo
541 4823 639 4919 quod
656 4824 755 4897 solus
774 4822 964 4896 hominum
982 4827 1102 4896 artem
1121 4821 1228 4895 istam
1245 4821 1373 4897 iecisse
1384 4821 1593 4917 judicatur:

486 5082 514 5148 (¹)
529 5084 561 5137 E.
578 5085 717 5136 rideretur.
