4542 6842
699 920 770 989 332
1057 930 1262 987 teneurunt
1286 930 1507 986 nunearurau

698 1100 765 1175 pro
790 1078 961 1173 superbia
986 1098 1077 1153 ausa
1103 1084 1160 1153 θεῖ
1184 1077 1360 1171 praeterre
1384 1094 1424 1151 se
1449 1074 1596 1168 Palladi,
1622 1093 1706 1169 que
1736 1074 1870 1149 dicitur

698 1319 832 1393 multas
857 1326 956 1393 artes
986 1318 1033 1393 de
1061 1338 1171 1412 novo,
1196 1317 1292 1391 sicut
1321 1314 1518 1390 lanificium
1551 1320 1589 1389 et
1618 1314 1719 1389 alias.
1753 1314 1870 1389 Pallas

697 1460 800 1534 ergo,
818 1440 942 1515 audita
964 1439 1173 1515 temeritate
1198 1437 1369 1530 toeminae,
1387 1436 1424 1509 in
1447 1435 1574 1509 habitu
1600 1436 1734 1511 vetnloe
1760 1435 1870 1530 coepit

698 1579 851 1635 monere
888 1578 971 1635 eam
1011 1557 1171 1655 benigne
1207 1564 1249 1631 ut
1287 1561 1448 1631 cessaret
1485 1576 1507 1629 a
1542 1555 1750 1631 temeritate
1789 1576 1868 1631 sua.

698 1680 866 1754 Arachne
891 1684 1015 1753 autem
1045 1677 1162 1773 magis
1186 1676 1402 1772 superbiens
1421 1676 1479 1749 vel
1495 1675 1686 1771 indignans
1704 1676 1870 1751 minaba-

700 1808 762 1875 tur
788 1799 856 1892 illi;
875 1806 963 1872 tunc
980 1799 1098 1873 Pallas
1123 1797 1223 1871 venit
1247 1797 1294 1871 ad
1319 1802 1508 1871 certamen
1526 1788 1656 1889 telaed)
1676 1817 1815 1891 secum,
1833 1802 1871 1871 et

699 1919 873 2017 figuravit
885 1919 921 1993 in
935 1940 1002 1993 sua
1020 1920 1091 1993 tela
1113 1924 1233 1993 certas
1251 1918 1379 1992 laudes
1396 1917 1571 2011 deorum3
1592 1918 1760 1993 Arachne
1777 1937 1868 1993 vero

699 2040 737 2113 in
762 2060 830 2114 sua
857 2039 928 2113 tela
954 2037 1148 2112 artificiosa
1167 2038 1273 2112 valde
1290 2037 1462 2134 figuravit
1478 2037 1633 2113 crimine
1650 2045 1688 2113 et
1708 2038 1870 2113 convicia

698 2160 868 2252 deorum,
894 2159 988 2233 sicut
1012 2157 1194 2234 adulteria
1220 2158 1319 2233 levis
1344 2159 1581 2253 etalinrum3
1602 2158 1871 2254 propterquod

699 2283 816 2357 Pallas
833 2270 870 2373 (²)
909 2280 1001 2353 irata
1041 2279 1221 2373 percussit
1257 2300 1341 2353 earn
1379 2279 1417 2353 in
1454 2279 1573 2375 capite
1611 2300 1697 2354 cum
1735 2280 1873 2353 instru-

701 2410 825 2477 mento
856 2402 957 2494 telae3
984 2408 1022 2476 et
1050 2401 1111 2475 illa
1143 2400 1181 2474 in
1211 2400 1338 2477 iurnre
1368 2422 1409 2475 εθ
1433 2400 1630 2495 suspendit.
1661 2400 1732 2475 Sed
1757 2401 1873 2475 Pallas

700 2522 875 2599 continue
901 2521 1011 2599 vertit
1024 2511 1059 2613 (³)
1088 2541 1172 2596 eam
1197 2520 1235 2594 in
1260 2540 1426 2597 vermem
1453 2520 1510 2594 sui
1536 2521 1704 2616 neminis,
1727 2528 1770 2597 et·
1789 2521 1874 2595 reli-

700 2642 780 2737 quit
805 2662 888 2717 eam
916 2640 966 2715 sic
992 2640 1211 2735 pendentem
1239 2660 1386 2735 semper
1411 2640 1658 2717 intendentem
1677 2641 1779 2736 operi
1798 2647 1872 2716 tam

700 2761 819 2859 fragili
846 2767 883 2836 et
908 2760 1048 2835 caduce
1065 2760 1235 2854 quamvis
1252 2759 1384 2834 subtili.
1404 2760 1457 2835 Ad
1474 2760 1618 2835 literam
1636 2781 1747 2857 ergo,
1765 2768 1873 2856 poeta

700 2883 932 2978 indignanter
958 2880 1163 2957 exclamat:
1195 2867 1232 2954 0'
1247 2883 1331 2975 [olle
1359 2887 1516 2973 Arnpne,
1547 2881 1649 2976 idest,
1670 2882 1872 2957 temeraria

702 3002 855 3097 mulier;
882 3022 968 3075 nam
995 3000 1024 3074 si
1050 3001 1176 3095 Niobe,
1201 3000 1248 3075 de
1272 3022 1347 3095 qna
1371 3001 1508 3076 dictum
1536 3009 1592 3078 est
1615 3004 1725 3096 paulu
1750 3024 1873 3099 supra,

701 3144 823 3221 graeca
850 3123 987 3220 regina,
1014 3121 1211 3215 nobilitate,
1237 3121 1378 3215 divitiis,
1405 3142 1521 3218 regno
1546 3129 1585 3196 et
1605 3122 1708 3216 prole
1735 3124 1873 3216 pellens

702 3244 873 3319 damnata
901 3250 956 3317 θεῖ
979 3241 1077 3337 turpi
1094 3240 1278 3337 superbia,
1299 3246 1439 3335 quanto
1466 3240 1583 3337 magis
1612 3242 1780 3317 Arachne
1805 3241 1874 3315 ice-

702 3365 801 3439 mina
826 3362 950 3437 asiana
977 3362 1129 3457 plebeia,
1157 3382 1242 3456 qnae
1265 3362 1327 3436 vili
1352 3369 1434 3438 arte
1457 3369 1600 3435 tantum
1622 3361 1808 3456 intumuit,
1833 3368 1875 3434 ut

701 3507 776 3561 non
801 3484 948 3559 cederet
973 3482 1176 3556 divinitati?
1199 3474 1230 3555 sl
1255 3486 1363 3556 eaden
1385 3485 1421 3555 ie
1446 3490 1477 3555 tc
1500 3473 1562 3574 pid
1586 3504 1710 3555 mazza
1741 3502 1874 3573 runnu,

702 3606 805 3682 reiut
828 3603 858 3677 si
883 3610 972 3677 tunc
989 3608 1312 3695 transmutaretur,
1330 3604 1432 3675 trista
1448 3605 1486 3675 in
1505 3624 1547 3676 su
1562 3605 1613 3694 pli
1627 3606 1769 3692 struccr',
1788 3601 1875 3695 quia

702 3725 819 3801 Pallas
839 3723 1013 3799 laceravit
1033 3744 1126 3818 opus
1147 3721 1239 3816 eius,
1268 3724 1480 3815 dellopera‚
1498 3722 1590 3797 idest
1609 3722 1703 3815 telae,
1723 3724 1783 3795 circ
1804 3724 1878 3795 mut

699 3848 882 3939 pertesi
911 3846 971 3939 se’,
1001 3844 1148 3937 scilicet,
1180 3843 1278 3917 main
1307 3848 1373 3915 tuo
1403 3848 1441 3917 et
1470 3842 1606 3917 damno
1636 3849 1712 3916 tun.
1744 3842 1788 3915 Et
1817 3841 1876 3916 hic

703 3953 840 4057 netad)
867 3965 965 4060 quod
992 3965 1060 4058 ista
1085 3964 1220 4057 tabula,
1245 3984 1330 4057 quae
1356 3962 1502 4039 ridetur
1527 3962 1700 4038 ioeminea
1725 3971 1764 4039 et
1789 3963 1876 4038 ridi-

700 4088 799 4182 cula,
820 4084 980 4161 continet
1004 4084 1073 4159 snb
1099 4104 1140 4159 se
1164 4081 1427 4179 pulcerrimam
1448 4081 1675 4179 allegoriam.
1694 4082 1787 4157 Nam
1808 4103 1874 4177 per

703 4206 887 4283 Palladem
919 4206 1030 4281 debes
1059 4204 1264 4301 intelligere
1297 4203 1419 4277 virum
1450 4222 1539 4278 rere
1568 4204 1784 4299 sapientem,
1809 4224 1876 4300 per

703 4328 909 4402 Arachnem
936 4324 1132 4420 sophistam
1161 4325 1360 4399 rerhesum
1385 4324 1450 4418 qui
1475 4324 1657 4399 eviscerat
1672 4346 1724 4419 se,
1742 4332 1780 4400 et
1797 4331 1873 4401 tete

704 4468 810 4544 posse
834 4447 975 4521 laborat
1001 4452 1041 4519 ut
1067 4445 1175 4521 iaciat
1199 4444 1335 4539 aliquid
1356 4445 1490 4521 subtile
1513 4466 1619 4541 epus,
1650 4446 1744 4521 sicut
1775 4453 1876 4521 recte

592 4578 631 4637 ts
705 4568 840 4643 iaciunt
865 4565 972 4642 hodie
997 4565 1054 4641 isti
1082 4564 1247 4639 moderni
1278 4564 1384 4662 logici
1409 4565 1560 4662 anglici3
1586 4566 1650 4642 sed
1681 4568 1754 4641 tale
1782 4587 1874 4661 epus

703 4686 813 4761 durat
838 4686 932 4761 sicut
952 4686 1024 4761 tela
1050 4704 1213 4759 aranee:
1235 4690 1273 4759 θῖ
1296 4685 1392 4760 εἰθθῖ
1416 4686 1488 4761 tela
1506 4685 1583 4782 ipsa
1608 4708 1756 4763 aranee
1785 4688 1873 4762 suh-

769 4986 797 5051 i¹l
814 4988 844 5037 E·
861 4985 911 5038 ¹⁸¹0
928 5001 1026 5039 recum.
1337 4985 1365 5050 (t
1381 4988 1412 5037 Ε.
1429 4988 1690 5052 indiminutum

771 5064 798 5127 (¹)
815 5066 859 5114 til
876 5078 891 5117 a
908 5064 937 5114 lh
955 5064 1083 5115 convertit
1098 5076 1166 5113 cam.
1337 5062 1365 5128 (⁸)
1382 5068 1436 5124 117,
1453 5069 1523 5122 ncta,
1540 5063 1631 5123 lector,
1647 5062 1727 5126 qnod.
