4542 6842
713 991 853 1047 cunnus
877 990 1034 1044 uncinus
1059 988 1204 1044 snxrus.
1470 971 1539 1040 tat

371 1137 520 1230 coelum,
546 1156 592 1211 eo
619 1135 727 1210 modo
753 1155 828 1230 quo
853 1135 911 1209 bio
937 1133 1132 1231 singularis
1150 1139 1268 1228 poeta.
1295 1133 1339 1205 Et
1364 1131 1453 1227 petit
1469 1129 1544 1206 duo

367 1253 513 1332 dicens:
539 1277 612 1329 ooo
637 1259 686 1329 mi
704 1259 800 1329 colar
824 1257 879 1328 obt
895 1259 979 1349 [osb
1003 1256 1143 1326 auzito
1160 1259 1284 1344 morte,
1302 1252 1407 1348 quasi
1427 1250 1544 1325 dicate

371 1376 445 1452 dixi
471 1377 534 1452 tibi
560 1377 767 1471 quodsum
793 1376 915 1450 adbuc
942 1375 1046 1449 vivus
1075 1375 1170 1449 inter
1200 1380 1387 1467 mortuos;
1413 1371 1478 1448 sed
1503 1377 1543 1446 tu

371 1498 428 1573 dic
454 1497 554 1590 mibi,
573 1517 675 1594 rogo,
697 1497 779 1591 quis
804 1495 917 1570 iueris
942 1495 1037 1570 inter
1063 1493 1179 1588 vivos,
1200 1515 1260 1566 mo
1279 1496 1391 1584 minti,
1407 1491 1471 1566 sed
1487 1489 1545 1564 (lic'

373 1616 460 1692 mibi
485 1620 597 1712 olare,
621 1641 640 1692 e
665 1619 785 1692 dimmt‘
817 1620 891 1690 s’io
917 1637 961 1689 vo
986 1618 1069 1688 bene
1100 1619 1140 1688 ul
1168 1637 1291 1705 ooroo,
1317 1615 1419 1707 idest,
1449 1619 1488 1689 et
1513 1615 1544 1690 si

373 1744 474 1813 recte
500 1739 593 1814 vado
624 1740 670 1814 ad
705 1737 802 1813 vlam
831 1731 966 1830 meam,
992 1743 1029 1811 et
1061 1748 1116 1813 est
1151 1735 1311 1812 securim
1337 1735 1481 1830 petitio:
1507 1741 1545 1811 et

372 1858 476 1933 dicit:
502 1881 521 1932 e
546 1867 599 1933 tue
617 1863 747 1952 parole
767 1861 843 1951 pon
869 1861 900 1931 le
923 1855 1294 1950 absumeremur
1319 1875 1386 1930 nos
1409 1841 1551 1928 ambu-'

373 1978 530 2052 labimus
556 1979 758 2053 secundum
785 1997 994 2052 sermonem
1017 1983 1138 2069 tuum,
1155 1975 1242 2072 quia
1264 1995 1337 2051 non
1363 1976 1546 2050 babemus

373 2098 488 2172 alium
514 2099 645 2173 ducem
673 2097 709 2172 in
728 2097 796 2172 isto
813 2097 926 2171 lumo.
941 2137 990 2152 --
1005 2097 1213 2170 lombardo.
1233 2097 1338 2170 Nune
1353 2102 1462 2190 poeta
1481 2115 1548 2190 po-

375 2217 426 2290 nit
444 2217 715 2314 responsionem
743 2217 838 2292 illius
864 2218 1010 2312 spiritus
1027 2218 1074 2292 ad
1094 2225 1295 2310 utramque
1312 2215 1546 2311 petitionem

374 2345 411 2412 et
436 2339 554 2433 primo
579 2339 625 2413 ad
651 2337 821 2435 primam,
849 2337 1014 2412 videlicet
1039 2338 1123 2431 quis
1148 2337 1269 2410 luerit.
1296 2337 1339 2411 Et
1365 2336 1412 2409 ad
1438 2335 1549 2409 buius

374 2457 503 2554 primae
528 2459 673 2554 plenam
702 2459 944 2554 responsionis
970 2458 1245 2554 intelligentiam
1272 2465 1327 2532 est
1352 2457 1548 2552 praescien-

375 2577 477 2672 dum,
509 2578 608 2672 quod
643 2579 711 2652 iste
741 2579 885 2654 llarcus
917 2578 1158 2672 Lombartlus,
1178 2579 1251 2673 'qui
1287 2579 1464 2672 loquutus
1492 2585 1548 2652 est

377 2713 474 2771 nuno
499 2717 585 2771 cum
612 2705 720 2793 poeta
751 2704 789 2772 et
819 2698 992 2792 loquetur
1024 2699 1210 2792 usquein
1241 2699 1351 2772 linem
1386 2697 1552 2792 capituli·

376 2815 446 2890 loit
470 2817 620 2910 quidam
639 2817 743 2892 miles
760 2818 907 2892 curialis
932 2817 977 2892 de
1003 2817 1113 2892 nobili
1134 2817 1281 2892 civitate
1298 2817 1548 2911 venetiarum,

377 2935 440 3029 qui
458 2928 495 3028 (¹)
514 2957 588 3011 non
612 2956 719 3012 more
736 2937 962 3012 nebulonum
981 2938 1247 3012 modernorum
1266 2937 1420 3011 vacabat
1438 2938 1550 3012 rebus

379 3055 557 3150 obscenis
576 3057 639 3130 sed
656 3058 826 3132 honestis.
845 3057 928 3131 Fuit
945 3059 1041 3132 enim
1062 3059 1119 3132 vir
1137 3058 1265 3132 nobilis
1285 3057 1409 3151 animi,
1439 3045 1550 3132 olore

379 3177 534 3270 virtutis,
552 3178 615 3252 sed
632 3178 744 3252 lboilrs
770 3179 835 3252 irae
861 3184 898 3253 et
924 3179 1143 3274 indignantis
1160 3186 1314 3254 naturae.
1333 3179 1464 3252 Audiri
1481 3196 1551 3252 au·

379 3305 453 3371 tem
481 3298 639 3372 nobilem
669 3299 952 3396 indignationem
974 3299 1021 3374 de
1038 3300 1188 3374 bomine
1207 3299 1287 3393 isto,
1309 3299 1427 3395 qualis
1444 3318 1552 3395 repe·

380 3418 475 3492 ritur
500 3419 538 3492 in
563 3407 745 3493 nobilibus
765 3419 928 3516 ingeniis.
947 3421 1040 3494 Nam
1058 3442 1144 3495 oum
1164 3423 1278 3496 semel
1299 3427 1395 3496 esset
1411 3428 1552 3516 captus,
1592 3431 1597 3440 ’

379 3544 416 3613 et
448 3539 616 3635 imposita
647 3540 712 3614 sibi
743 3529 924 3616 immensa
955 3542 1051 3616 tallia
1087 3543 1183 3617 ultra
1216 3550 1332 3636 posse',
1361 3543 1460 3616 misit
1489 3551 1555 3639 per

380 3659 552 3735 nuntium
575 3681 687 3734 suum
714 3661 761 3735 ad
786 3659 976 3734 dominum
1000 3662 1198 3736 ltizardum
1219 3663 1267 3737 de
1284 3663 1447 3757 Camino,
1466 3670 1555 3738 trino

381 3778 572 3853 dominum
599 3779 762 3874 Tarvisii,
782 3801 916 3878 rogans
936 3781 1158 3877 supplicitei,
1179 3784 1277 3877 qnod
1304 3804 1377 3857 non
1404 3767 1556 3879 permit'·

383 3905 477 3973 teret
504 3919 592 3974 eum
621 3900 715 3974 mori
733 3899 769 3974 in
787 3901 955 3996 angustia
973 3903 1161 3977 carcerali.
1182 3903 1253 3990 Qui
1274 3904 1445 3978 misertus
1463 3902 1556 3978 indi·

381 4038 464 4115 gnae
489 4020 579 4094 sorti
602 4019 725 4111 amici,
747 4021 868 4095 statim
895 4021 1036 4116 scripsit
1062 4022 1186 4096 multis
1211 4022 1367 4096 dominis
1392 4019 1556 4097 lombar·

380 4138 434 4212 dis
443 4129 492 4232 (¹),
510 4139 548 4213 in
565 4160 727 4234 quorum
745 4141 857 4217 curiis
874 4143 1017 4217 Marcus
1028 4134 1065 4234 (³)
1087 4151 1170 4218 erat
1186 4144 1315 4218 solitus
1331 4145 1555 4240 conversari,

383 4259 482 4353 qood
506 4257 683 4336 deberent
699 4261 870 4336 conferre
887 4261 1128 4358 redemptioni
1147 4263 1227 4338 eius
1246 4263 1455 4339 liberaliter.
1474 4260 1557 4353 Quo

382 4377 507 4453 audito
524 4372 667 4454 Marcus
685 4381 968 4477 magnanimiter
985 4381 1204 4479 indignatus,
1225 4385 1365 4459 remisit
1381 4385 1558 4463 continuo

384 4500 554 4574 nuntium
584 4501 630 4576 ad
664 4501 854 4577 dominum
881 4503 1091 4597 liberdum,
1123 4505 1257 4599 dicens,
1281 4507 1380 4600 quod
1408 4509 1555 4584 volebat

383 4620 503 4714 potius
528 4621 623 4695 mori
648 4621 686 4694 in
711 4621 928 4717 captivitate,
950 4640 1064 4717 quam
1082 4643 1164 4701 esse
1189 4646 1319 4700 servus
1345 4633 1399 4701 tot
1421 4633 1459 4703 et
1476 4635 1558 4704 tan·

385 4749 520 4814 torum.
556 4742 658 4816 Tunc
692 4741 861 4817 dominus
892 4741 1068 4818 ltizardus
1101 4746 1243 4840 pudore
1274 4748 1460 4840 confusus,
1492 4749 1559 4823 da·

385 4881 517 4935 mnans
530 4860 704 4938 vilitatem
718 4883 837 4957 suam,
849 4864 955 4938 solvit
967 4865 1014 4938 le
1027 4867 1175 4960 propria
1189 4867 1343 4961 pecunia
1357 4889 1558 4964 summam,

447 5108 475 5171 (¹)
491 5109 521 5160 E
537 5111 596 5175 qula
612 5126 673 5165 uon.
769 5113 795 5178 Γ)
811 5113 837 5166 S.
854 5115 1025 5168 Lombsrcllo.
1119 5117 1150 5180 (ἦ
1165 5119 1195 5170 n
1212 5119 1319 5171 lterum
1334 5119 1389 5183 lpse
1402 5125 1469 5171 orat
