4542 6842
705 956 775 1023 162
1066 959 1271 1022 connnrurr
1297 964 1515 1022 nunormnu

704 1110 856 1206 regione
888 1110 998 1204 aeris,
1023 1113 1103 1202 maol
1129 1131 1244 1204 uapor
1273 1114 1405 1202 umido,
1437 1110 1539 1205 idest,
1570 1130 1731 1207 grossus,
1761 1114 1821 1184 cite
1839 1114 1876 1184 'rt

705 1252 819 1324 aeguo
843 1234 953 1323 riade,
969 1231 1073 1324 idest,
1091 1232 1301 1327 resolvitur,
1320 1238 1408 1306 torn
1422 1234 1484 1304 cle
1495 1234 1521 1303 'l
1535 1234 1621 1331 sole,
1640 1231 1743 1325 idest,
1763 1252 1876 1325 quam

702 1352 775 1427 cito
800 1351 973 1447 ascendit,
999 1355 1088 1427 dove
1108 1354 1238 1447 froddo
1270 1356 1298 1427 il
1324 1356 1448 1445 mulie,
1474 1350 1577 1445 idest,
1602 1352 1649 1427 ad
1679 1354 1878 1429 secundmn

704 1472 895 1569 regionem
920 1472 1018 1548 aeris
1044 1473 1233 1571 trigidam3
1259 1472 1310 1547 ita
1336 1493 1435 1548 nunc
1465 1471 1627 1569 Angelus
1660 1475 1778 1549 malus
1811 1494 1879 1549 sua

705 1594 896 1671 antefecit
921 1615 1034 1669 unam
1060 1594 1223 1690 pluviam
1254 1592 1518 1689 innaturalem3
1545 1593 1644 1668 unde
1674 1594 1777 1671 dicit:
1804 1598 1883 1687 quel

706 1718 782 1789 mol
804 1718 914 1806 noter,
934 1715 1080 1809 scilicet,
1106 1715 1302 1811 praedictus
1326 1714 1561 1809 demensio
1574 1736 1645 1808 pur
1670 1718 1744 1789 mol
1765 1718 1880 1789 eliade

707 1856 775 1909 con
800 1836 1005 1927 iioteletto,
1031 1834 1133 1930 idest,
1160 1836 1224 1930 qui
1250 1854 1396 1930 semper
1421 1834 1554 1929 quaerit
1584 1833 1706 1911 iacere
1736 1836 1878 1910 malum

707 1974 795 2029 cum
821 1955 1005 2030 intellectu
1031 1976 1101 2029 suo
1127 1956 1260 2053 sagaci,
1282 1953 1368 2049 quia
1395 1954 1444 2031 ita
1470 1965 1525 2033 est
1550 1954 1763 2049 obstinatus,
1781 1954 1879 2050 quud

707 2096 899 2169 nunquam
926 2081 1044 2171 potest
1070 2077 1165 2151 velle
1185 2075 1252 2150 nisi
1270 2076 1422 2168 malum,
1440 2076 1535 2150 sicut
1555 2075 1674 2150 bonus
1689 2069 1737 2171 (¹),
1758 2083 1813 2151 est
1830 2078 1879 2149 itu

653 2288 656 2291 .
707 2195 958 2289 confirmatus,
983 2195 1083 2289 quod
1108 2215 1300 2290 nunquam
1315 2186 1352 2288 (²)
1379 2201 1498 2290 potest
1515 2196 1609 2271 velle
1632 2196 1699 2270 nisi
1724 2196 1877 2288 bonum,

705 2319 828 2409 gistum
855 2337 874 2390 e
905 2337 1018 2390 messe
1046 2319 1212 2411 ilsumo,
1244 2315 1347 2410 idest,
1376 2316 1572 2391 concitavit
1601 2316 1786 2411 nebulam,
1818 2319 1882 2389 e’t

707 2445 829 2530 veum·
855 2443 893 2511 et
918 2456 1005 2511 ecce
1029 2436 1216 2531 quomodo
1242 2436 1360 2531 potuit
1385 2438 1454 2512 hoc
1474 2436 1610 2529 iacere,
1628 2458 1696 2531 per
1721 2441 1758 2511 lu
1784 2431 1882 2511 uoti

705 2558 766 2630 cle
793 2576 860 2629 suo
888 2562 1021 2629 metro
1049 2558 1161 2648 dede,
1200 2556 1286 2651 quia
1314 2557 1396 2631 licet
1427 2557 1588 2655 Angelus
1621 2559 1741 2633 malus
1772 2557 1882 2633 suerit

707 2676 873 2772 privatus
904 2676 1023 2773 gratia
1056 2676 1206 2751 retinuit
1239 2684 1362 2752 tamen
1391 2678 1578 2753 scientiam
1610 2685 1648 2753 et
1681 2678 1881 2775 potentiam

709 2797 930 2891 naturalem,
957 2796 1004 2872 ita
1040 2797 1139 2891 quod
1174 2804 1292 2893 potest
1323 2798 1474 2873 faciliter
1502 2818 1656 2874 movere
1688 2818 1813 2874 aerem
1844 2804 1882 2874 et

708 2938 858 3012 aquam,
879 2924 916 2993 et
943 2916 1095 2992 turbare
1111 2918 1183 2992 alia
1200 2920 1394 2993 elementa.
1412 2920 1456 2993 Et
1473 2919 1530 2992 hic
1547 2926 1633 2994 nota
1654 2918 1753 3013 quod
1773 2924 1880 3014 poeta

709 3045 835 3113 noster
866 3038 950 3112 data
978 3058 1093 3132 opera
1123 3038 1207 3113 iecit
1243 3038 1301 3113 hic
1332 3038 1437 3113 istam
1471 3038 1653 3114 fictionem
1684 3038 1731 3112 de
1760 3038 1882 3135 pluvia

709 3178 823 3252 quam
849 3156 1020 3232 excitavit
1048 3157 1207 3253 daemon,
1234 3166 1276 3233 ut
1306 3166 1451 3235 notaret
1480 3159 1618 3253 aliquid
1647 3159 1693 3235 de
1722 3158 1885 3254 potentia¹

708 3277 897 3372 daemonis,
921 3277 968 3353 de
992 3299 1067 3372 qua
1092 3278 1318 3375 Augustinus
1345 3280 1461 3353 multa
1492 3278 1625 3373 scribit,
1652 3289 1690 3356 et
1714 3278 1884 3353 Albertus

709 3419 867 3495 magnus
891 3400 928 3472 in
952 3421 1021 3475 suo
1047 3400 1169 3475 libello
1193 3399 1240 3474 de
1264 3400 1425 3496 potentia
1442 3400 1629 3475 daemonis.
1644 3404 1796 3491 -lodt
1818 3400 1883 3475 llic

708 3520 944 3613 prosequitur
970 3522 1164 3596 materiam
1188 3521 1396 3596 inchoatam
1422 3520 1469 3596 de
1493 3522 1630 3617 pluvia,
1647 3528 1684 3597 el
1702 3524 1781 3597 vult
1797 3523 1884 3598 bre·

708 3638 803 3714 viter
827 3638 951 3716 dicere
982 3641 1082 3736 quod
1112 3642 1260 3716 daemon
1291 3642 1376 3717 iecit
1410 3661 1583 3738 magnam
1616 3642 1804 3737 nebulam,
1834 3662 1882 3716 ex

710 3780 785 3853 qna
811 3780 946 3857 magna
971 3761 1094 3857 pluvia
1122 3769 1207 3837 nata
1232 3768 1308 3856 est;
1329 3762 1379 3836 ita
1400 3761 1501 3856 quod
1525 3783 1624 3856 aqua
1651 3781 1786 3859 magno
1812 3762 1884 3835 im-

711 3885 798 3974 petu
824 3880 979 3955 detrusit
1002 3903 1138 3978 corpus
1162 3882 1357 3957 Boucontis
1382 3882 1420 3955 in
1445 3882 1598 3976 Arnum,
1618 3881 1679 3955 ubi
1697 3883 1882 3977 sepultum

711 3997 779 4073 luit
803 4001 873 4074 sub
897 4002 1034 4097 glarea.
1060 4001 1241 4077 Construe
1258 4000 1310 4077 sic
1326 4001 1484 4097 literam,
1504 4022 1589 4096 quae
1610 4001 1757 4077 videtur
1777 4000 1884 4077 valde

711 4119 899 4196 intricata:
926 4124 1019 4213 lodi,
1046 4122 1148 4217 idest,
1175 4122 1304 4198 deinde
1330 4122 1389 4197 ille
1406 4122 1562 4217 daemon,
1580 4144 1721 4215 coperse
1736 4126 1775 4195 to
1794 4122 1884 4195 uuile

712 4243 751 4315 cli
774 4242 896 4315 netum
921 4246 960 4317 ut
981 4243 1332 4339 monoloquium,
1351 4265 1471 4339 usque
1487 4243 1533 4319 ad
1550 4244 1781 4339 Apenninum
1796 4268 1806 4339 ;
1825 4244 1882 4319 vel

677 4459 680 4466 Ι
712 4361 916 4437 secundum
940 4363 1050 4438 aliam
1077 4364 1242 4439 literam:
1267 4367 1303 4438 tu
1329 4367 1419 4437 noue
1442 4385 1584 4457 soporae
1608 4368 1637 4439 st
1657 4386 1753 4457 grau
1777 4368 1885 4457 giogo

711 4473 908 4577 dt'raebtio,
933 4484 984 4559 ita
1010 4485 1108 4579 quod
1134 4486 1267 4560 nebula
1293 4484 1440 4581 incoepit
1470 4508 1493 4561 a
1525 4486 1621 4561 valle
1650 4493 1688 4561 et
1717 4484 1885 4582 pervenit

711 4600 758 4677 au
783 4606 959 4679 montem.
985 4605 1088 4681 Unde
1112 4612 1199 4680 nota
1224 4604 1283 4680 hic
1303 4605 1404 4699 quod
1422 4605 1570 4699 quando
1587 4605 1721 4681 nebula
1737 4625 1760 4679 a
1778 4626 1885 4681 mon·

712 4722 808 4797 tibus
832 4723 1018 4800 descendit
1042 4724 1078 4798 in
1105 4724 1218 4799 valles
1242 4724 1376 4800 indicat
1400 4724 1661 4819 serenitatem;
1682 4732 1719 4801 et
1748 4745 1771 4799 e
1795 4744 1885 4800 con-

711 4862 820 4917 verso
853 4842 1032 4941 significat
1062 4845 1237 4939 pluviam,
1266 4844 1363 4919 sicut
1391 4844 1467 4940 hic;
1493 4844 1594 4940 quod
1628 4846 1682 4920 his
1717 4846 1885 4921 versibus

777 5108 804 5171 (¹)
822 5114 875 5173 117,
892 5111 975 5163 bonus
990 5112 1116 5178 Angelus.
1366 5111 1394 5175 (¹)
1411 5116 1465 5173 lli,
1482 5126 1614 5177 nunquam
1631 5110 1709 5162 vellet
1725 5110 1782 5162 uid.
