4542 6842
859 978 998 1035 caurus
1023 981 1166 1035 ramus.
1550 968 1597 1034 37

424 1126 711 1205 misericordiam
738 1124 850 1198 bostis
875 1124 1100 1199 odiosissimi.
1124 1124 1288 1199 Tertium
1306 1125 1375 1198 luit
1399 1125 1454 1197 ira
1479 1131 1517 1200 et
1542 1126 1598 1198 in·

421 1247 601 1346 dignatio:
627 1248 717 1324 Cato
743 1244 840 1320 enim
863 1245 1024 1320 offensus
1049 1265 1072 1318 a
1097 1245 1252 1339 Caesare,
1270 1245 1335 1339 qui
1361 1245 1398 1318 in
1419 1267 1487 1320 suo
1509 1266 1598 1320 con-

422 1370 544 1444 sulatu
570 1368 707 1442 fecerat
733 1366 851 1461 ipsum
879 1365 1026 1462 indigne
1051 1365 1147 1439 trabi
1164 1365 1210 1439 ad
1230 1385 1433 1460 carcerem,
1451 1386 1597 1460 semper

423 1487 590 1584 quaesivit
615 1486 823 1580 vindictam,
850 1493 887 1562 et
911 1487 960 1560 ob
990 1487 1060 1559 boc
1085 1485 1291 1559 adbaeserat
1315 1486 1506 1581 Pompei03
1533 1485 1599 1560 sed

425 1608 554 1686 ultimo
579 1606 719 1706 perdita
744 1626 808 1702 spe
833 1604 1012 1699 vindictae,
1037 1605 1115 1680 viso
1137 1607 1281 1680 Caesare
1305 1606 1456 1699 victore,
1479 1627 1518 1680 se
1535 1627 1598 1681 oc·

423 1728 517 1807 cidit.
544 1729 726 1816 Quartum
742 1727 820 1800 luit
843 1725 1003 1819 uanitas3
1031 1747 1116 1799 uam
1143 1726 1236 1799 sicut
1257 1727 1351 1800 bene
1376 1726 1516 1821 scripsit
1541 1727 1598 1802 vir

424 1849 578 1944 sapiens,
592 1850 681 1932 Cato
695 1848 840 1929 videtur
860 1847 1034 1941 quaesisse
1050 1867 1201 1921 causam
1222 1846 1412 1938 moriendi,
1430 1855 1596 1921 nontam

424 1976 467 2042 ut
492 1969 672 2052 Caesarem
700 1968 846 2066 lugeret
867 1987 981 2060 quam
1008 1972 1049 2039 ut
1074 1967 1274 2040 stoicorum
1303 1987 1459 2041 numero
1484 1969 1598 2042 ascri-

423 2089 587 2182 beretur,
614 2107 801 2188 suumque
833 2108 967 2162 nomen
994 2087 1117 2181 aliquo
1143 2087 1272 2182 grandi
1297 2087 1458 2162 facinore
1488 2087 1597 2161 clari-

423 2207 559 2290 ficaret.
587 2210 744 2282 nemum
771 2228 838 2302 pro
855 2207 1002 2301 aliquali
1025 2207 1262 2281 excusatione
1286 2207 1431 2282 Catonis
1456 2215 1511 2281 est
1529 2230 1598 2281 uo-

424 2330 589 2426 tandum‚
615 2329 713 2424 quod
735 2334 823 2402 tunc
844 2328 1037 2402 videbatur
1062 2347 1144 2402 esse
1169 2328 1370 2423 gloriosum
1397 2328 1596 2423 anticipare

423 2458 600 2546 mortem,
632 2469 719 2522 curn
752 2449 863 2522 bomo
896 2447 1048 2522 timebat
1078 2447 1252 2522 devenire
1285 2448 1322 2520 in
1360 2468 1492 2522 manus
1530 2448 1596 2522 ad-

425 2570 675 2648 versariorum
708 2587 876 2660 suorum,
912 2574 979 2640 aut
1011 2567 1089 2642 lieri
1123 2568 1322 2642 ludibrium
1349 2567 1505 2641 fortunae
1530 2575 1597 2641 aut

422 2691 522 2766 aliud
546 2689 730 2786 indignius
755 2687 826 2783 pati
853 2687 956 2782 peius
984 2695 1121 2762 morte:
1140 2695 1242 2764 elne
1262 2688 1429 2782 exempla
1450 2687 1598 2762 aliunde

423 2810 636 2907 perquiram
664 2815 830 2903 tempore
855 2807 1015 2902 praedicti
1041 2808 1124 2882 belli
1150 2808 1312 2902 africani,
1342 2803 1417 2902 quo
1442 2809 1531 2883 Cato
1557 2829 1598 2882 se

424 2931 565 3025 occidit,
591 2929 709 3024 Scipio
735 2949 840 3004 socer
866 2928 1015 3023 Pompei
1042 2949 1082 3004 se
1107 2929 1247 3024 occidit,
1273 2936 1310 3004 et
1336 2951 1402 3004 rex
1428 2929 1534 3022 laba,
1546 2928 1598 3002 'de

371 3029 377 3046 ’
425 3071 586 3146 quorum
614 3049 792 3123 mortibus
807 3041 843 3140 (¹)
871 3048 1013 3122 dicetur
1043 3048 1087 3121 Vl
1117 3048 1276 3143 capitulo
1306 3049 1477 3123 Paradisi.
1504 3049 1597 3137 Quid

424 3171 542 3246 dicam
568 3171 615 3244 de
639 3169 840 3243 Hannibale
857 3175 895 3244 et
912 3189 1000 3264 rege
1018 3169 1233 3263 Mithridate,
1254 3190 1415 3264 quorum
1440 3176 1598 3264 uterque

424 3311 465 3366 se
490 3310 632 3365 veneno
658 3288 823 3383 extinxit,
845 3294 886 3361 ut
902 3287 1047 3362 dicetur
1064 3287 1215 3383 praelato
1232 3287 1392 3382 capitulo
1411 3289 1599 3363 Paradisi‘l

424 3418 461 3486 ot
486 3411 535 3484 ita
560 3429 704 3504 possem
731 3407 854 3483 dicere
878 3407 924 3482 de
950 3409 1060 3482 mille.
1085 3407 1179 3496 Quid
1209 3408 1438 3503 singulorum
1469 3430 1598 3485 exem-

424 3532 483 3626 pla
508 3549 647 3624 quaem,
674 3529 821 3624 quando
848 3529 981 3620 aliquae
1004 3528 1142 3602 nobiles
1164 3528 1329 3603 civitates
1346 3550 1412 3624 pro
1430 3529 1598 3605 libertate

424 3651 598 3746 expositae
623 3650 775 3724 luerunt
799 3648 898 3722 terro
922 3655 960 3722 et
986 3649 1070 3744 igne
1096 3648 1348 3723 crudelissimo
1360 3641 1396 3741 θ)
1417 3650 1598 3725 excidioa

424 3769 579 3866 propriis
604 3767 756 3861 civibus,
775 3767 867 3841 sicut
888 3767 1107 3863 Saguntum,
1125 3768 1323 3842 Numantia
1346 3776 1384 3843 et
1409 3768 1542 3842 dstaba
1561 3769 1597 3842 in

425 3891 619 3986 Hispania?
644 3896 681 3964 et
706 3889 756 3963 ita
786 3887 832 3963 de
858 3887 998 3982 multis;
1024 3895 1061 3962 et
1082 3909 1172 3963 rere
1196 3889 1279 3964 licet
1305 3911 1405 3963 mors
1428 3890 1598 3964 volunta-

414 4009 480 4084 ria
505 4009 675 4104 culpetur
695 4009 784 4104 jure
799 3999 835 4100 (³)
867 4008 966 4103 apud
991 4029 1130 4102 omnes,
1157 4009 1244 4102 quia
1266 4009 1469 4104 depositum
1498 4009 1597 4084 reddi

426 4149 499 4203 non
525 4129 634 4204 debet
658 4130 799 4223 absque
824 4136 1006 4224 praecepto
1031 4130 1264 4224 deponentis;
1292 4137 1414 4204 tamen
1437 4131 1598 4205 circum-

427 4250 559 4345 scripta
577 4249 648 4325 lide
665 4251 701 4324 in
719 4270 807 4324 casu
822 4249 1045 4324 necessitatis
1059 4240 1160 4324 mors
1178 4251 1322 4325 videtur
1334 4252 1596 4346 amplectenda.

426 4369 543 4443 lluius
579 4370 631 4445 rei
666 4369 949 4444 memorandum
984 4371 1194 4464 exemplum
1231 4369 1376 4444 videtur
1410 4371 1599 4466 reliquisse

320 4554 326 4567 .
426 4491 552 4564 Vibius
584 4489 716 4583 virius,
749 4490 811 4584 qui
834 4489 976 4562 nobilis
1011 4497 1160 4564 senator
1195 4511 1383 4585 capuanus
1420 4512 1466 4565 eo
1503 4497 1599 4566 tem-

426 4630 515 4706 pure
541 4625 616 4705 quo·
640 4609 765 4705 Capua
790 4609 852 4706 diu
878 4609 1025 4684 obsessa
1052 4617 1132 4684 erat
1159 4611 1342 4685 reddenda
1369 4597 1541 4706 romanisq
1562 4612 1599 4686 iu

425 4738 555 4805 senatu
582 4750 650 4804 suo
674 4729 940 4804 animosissima
958 4718 994 4822 (⁴)
1022 4729 1189 4804 oratioue
1206 4731 1350 4805 locutus
1370 4738 1436 4825 est,
1456 4753 1600 4806 merno-

427 4871 512 4926 rans
537 4850 605 4924 illis
632 4851 766 4925 multas
792 4855 828 4924 et
854 4869 1006 4945 magnas
1040 4849 1191 4924 iniurias
1226 4871 1317 4944 quas
1348 4851 1510 4926 leceraut
1536 4874 1598 4927 ca·

489 5039 515 5098 (¹)
531 5037 556 5086 S.
573 5043 667 5088 morta.
978 5038 1005 5100 (¹)
1020 5038 1046 5087 S.
1063 5052 1093 5087 au
1109 5039 1297 5089 crudelissimo.

489 5111 515 5176 (⁸)
532 5113 557 5163 S·
574 5113 607 5163 <¹⁰
619 5113 689 5177 iure·
699 5159 711 5183 ,
978 5115 1005 5178 (⁸)
1022 5115 1053 5165 E.
1069 5116 1190 5166 animosa.
