4542 6842
681 947 751 1015 182
1041 956 1246 1014 counnruu
1269 960 1488 1015 nnncrronu

679 1104 840 1197 thorum,
870 1108 911 1176 ut
943 1103 1070 1198 pulcre
1096 1104 1269 1179 scribitur
1297 1104 1458 1180 Paradisi
1487 1106 1646 1202 capitulo
1672 1108 1729 1204 lli,
1754 1130 1792 1182 se
1815 1112 1853 1181 tu

676 1226 763 1299 seda
787 1220 814 1297 c*
843 1229 956 1297 volu?
992 1222 1139 1319 scilicet,
1172 1244 1326 1318 sessore,
1362 1225 1466 1320 idest,
1503 1226 1534 1301 si
1570 1228 1676 1303 sedes
1709 1228 1852 1325 imperii

679 1350 780 1419 caret
806 1344 1040 1439 imperatore,
1065 1344 1128 1438 qni
1153 1348 1224 1418 stat
1249 1342 1287 1417 in
1311 1344 1519 1441 Germania,
1541 1346 1724 1423 utstatim
1750 1355 1853 1444 pate·

678 1464 751 1559 hit;
778 1470 814 1539 et
840 1463 945 1539 dicit:
972 1467 1066 1539 senz’
1079 1486 1156 1537 esso
1176 1468 1263 1559 sora
1279 1468 1316 1539 tu
1333 1486 1515 1557 nmpopua
1534 1466 1853 1562 mendicastis

635 1660 640 1667 ,
677 1584 853 1661 recundia
877 1584 972 1659 toret
998 1584 1118 1659 minor
1135 1584 1214 1661 sine
1233 1586 1311 1681 ipso
1329 1586 1459 1660 hoenn.
1478 1585 1604 1661 Simile
1619 1586 1705 1662 dicit
1715 1582 1751 1681 (¹)
1775 1589 1850 1664 Lu-

677 1726 792 1781 canus
824 1706 870 1781 de
904 1704 1077 1799 romanis,
1113 1705 1275 1799 quodsi
1309 1705 1462 1781 tuissent
1488 1726 1636 1801 semper
1667 1708 1775 1803 servi,
1807 1716 1850 1783 ut

677 1827 782 1901 multi
807 1827 966 1921 barbari,
992 1827 1115 1901 minus
1141 1826 1296 1901 moleste
1324 1826 1519 1901 terendum
1550 1835 1656 1903 esset
1688 1830 1731 1901 Ει
1760 1849 1850 1904 cou-
1967 1914 1975 1922 κ

678 1947 780 2022 tinun
804 1948 942 2023 invehit
967 1954 1094 2022 contra
1120 1954 1284 2043 pastores
1310 1946 1491 2041 Ecclesiae,
1509 1947 1574 2043 qui
1597 1967 1670 2023 non
1694 1950 1849 2045 permit-

678 2075 761 2143 tunt
777 2069 1037 2163 imperatorem
1057 2087 1215 2164 regnare
1230 2067 1268 2141 in
1284 2067 1397 2143 ltalia.
1415 2068 1508 2142 Dicit
1525 2088 1635 2166 ergo:
1654 2072 1722 2145 Alli
1737 2080 1850 2163 peut,

677 2186 779 2281 idest,
805 2188 970 2263 dolenter
997 2187 1129 2281 retem,
1154 2208 1247 2283 gens
1278 2186 1535 2283 sacerdotalis3
1567 2197 1606 2263 et
1635 2210 1709 2265 nnn
1738 2190 1850 2284 dicas,

675 2326 765 2402 gens
797 2306 928 2401 italica,
956 2307 1050 2382 sicut
1076 2306 1226 2401 quidam
1252 2314 1453 2403 exponunt,
1479 2314 1517 2383 et
1542 2328 1616 2385 non
1641 2310 1760 2404 hene;
1790 2313 1851 2384 cte

675 2427 829 2500 domeni
851 2448 946 2501 esser
971 2430 1104 2519 dicata,
1120 2426 1256 2503 scilicet
1273 2427 1361 2521 Deo,
1379 2434 1417 2503 et
1433 2448 1568 2503 vacare
1588 2428 1848 2525 spiritualibus,

676 2552 712 2621 et
739 2548 952 2643 temporalia
977 2548 1162 2623 dimittere
1177 2547 1402 2643 imperatori.
1419 2542 1525 2623 Unde
1542 2547 1647 2624 dicit:
1672 2571 1692 2622 e
1715 2554 1848 2625 tardor

675 2670 776 2741 reda
804 2673 944 2761 cesare,
975 2668 1075 2763 idest,
1109 2668 1383 2762 imperatorem,
1408 2671 1447 2742 ta
1476 2672 1514 2742 lc
1543 2672 1642 2761 setta,
1674 2692 1758 2764 quar
1793 2678 1849 2747 est

676 2808 793 2863 vacua
819 2808 973 2883 sessore,
1001 2795 1041 2861 ut
1067 2789 1147 2885 jam
1172 2787 1312 2863 dictum
1337 2794 1403 2883 est,
1429 2795 1467 2863 et
1491 2786 1596 2883 dieit;
1620 2810 1659 2863 rc
1686 2791 1771 2863 teuc
1793 2794 1850 2862 iu·

675 2910 768 2981 badi
793 2900 846 2981 rid
870 2912 930 2983 cltc
955 2912 1075 2983 Diod
1107 2915 1215 2981 noto!
1245 2928 1332 2983 cum
1365 2908 1455 2983 dixit
1486 2908 1673 2985 Christus:
1706 2913 1849 2987 Reddite

675 3046 752 3119 pute
777 3035 858 3103 sunt
884 3032 1035 3102 Cusarts
1063 3031 1210 3118 daran,
1236 3036 1270 3101 et
1299 3048 1376 3120 quoe
1406 3035 1488 3101 cunt
1519 3031 1587 3101 Dei
1610 3034 1686 3102 Deo
1698 3056 1714 3123 ‚·
1739 3028 1845 3125 quasi

674 3147 793 3224 dicat:
820 3149 849 3223 si
875 3168 949 3224 non
975 3148 1028 3222 vis
1053 3148 1159 3225 aliter
1184 3147 1388 3244 intelligere
1412 3154 1450 3223 et
1475 3166 1662 3243 exponere
1686 3148 1775 3223 illud
1790 3148 1847 3223 di·

674 3276 777 3346 ctum
792 3262 828 3362 (¹)
856 3270 996 3344 Christi.
1024 3270 1068 3343 Et
1092 3270 1152 3343 hic
1177 3275 1275 3363 nota
1293 3277 1335 3343 ut
1351 3269 1486 3365 videas,
1504 3269 1603 3365 quod
1627 3276 1734 3365 poeta
1746 3271 1847 3364 juste

674 3390 838 3485 increpat
864 3390 1096 3486 prohibentes
1126 3389 1388 3484 imperatorem
1419 3409 1501 3465 esse
1532 3388 1570 3463 iu
1600 3389 1720 3483 ltalia,
1745 3391 1846 3485 quod

673 3511 710 3585 in
735 3511 962 3587 dccxcviii
986 3511 1159 3585 hibertus
1186 3509 1263 3584 dux
1294 3508 1461 3604 Austriae,
1488 3510 1668 3605 Rodulphi
1692 3509 1847 3585 Caesaris
1889 3566 1899 3584 .

673 3632 949 3729 primogenitus,
976 3637 1167 3727 perempto
1183 3630 1351 3725 tdutpno
1376 3630 1504 3725 electo,
1530 3630 1567 3703 in
1591 3630 1734 3726 proelio,
1761 3650 1848 3705 suc·

672 3754 779 3830 cessit
804 3754 853 3827 illi
880 3752 916 3826 in
942 3773 1073 3849 regn03
1100 3751 1164 3846 qui
1189 3771 1287 3826 auno
1312 3749 1480 3846 sequenti
1507 3750 1603 3825 misit
1633 3752 1773 3848 legatos
1796 3749 1844 3825 ad

672 3873 911 3967 bonifacium,
930 3872 1135 3969 significans
1152 3890 1193 3945 se
1210 3870 1305 3946 velle
1329 3869 1457 3945 venire
1473 3870 1520 3943 ad
1545 3869 1669 3945 sedern
1695 3878 1843 3966 aposto-

672 3994 790 4089 licam,
818 4000 1056 4090 suscepturus
1080 3992 1127 4067 de
1152 4010 1260 4065 more
1287 4009 1474 4064 coronam.
1501 3989 1641 4077 Quibus
1665 4011 1759 4086 papa
1784 4012 1846 4068 re·

671 4115 824 4211 spondit,
854 4114 953 4208 quod
988 4114 1160 4187 hibertus
1191 4132 1265 4185 non
1303 4117 1384 4185 erat
1422 4110 1562 4185 electus
1600 4110 1774 4207 legitime,
1807 4120 1846 4187 et

671 4235 769 4330 quod
795 4241 875 4309 erat
901 4233 1068 4330 indignus
1095 4232 1260 4328 imperio,
1281 4231 1345 4326 qui
1368 4228 1545 4305 adversus
1570 4250 1699 4328 regem
1724 4232 1845 4306 domi-

670 4378 759 4429 num
779 4377 890 4429 suurn
908 4355 1045 4454 bellum
1063 4353 1239 4427 iniustum
1265 4356 1444 4445 moverat,
1462 4356 1499 4425 et
1521 4350 1720 4447 proditorie
1737 4352 1841 4428 illum

669 4476 861 4552 occiderat.
888 4476 931 4550 Et
956 4474 1086 4551 sedens
1111 4485 1278 4550 armatus
1309 4472 1347 4545 in
1380 4470 1483 4563 solio,
1508 4477 1546 4545 et
1570 4490 1659 4545 ense
1690 4472 1843 4568 cinctus,

669 4603 705 4671 et
730 4599 869 4673 hahens
894 4596 931 4671 in
956 4595 1073 4691 capite
1099 4594 1289 4691 imperiale
1317 4590 1497 4684 diadema,
1525 4597 1728 4685 tenensque
1762 4614 1843 4669 ma-

669 4739 759 4792 num
785 4719 831 4792 ad
857 4719 1028 4813 capulum
1056 4715 1153 4791 ensis
1168 4715 1287 4808 cincti,
1305 4712 1418 4788 dixit:
1439 4713 1569 4786 Nonne
1593 4731 1663 4808 ego
1689 4734 1840 4808 possum

669 4839 811 4933 imperii
832 4840 920 4933 jura
954 4837 1081 4912 tuerit
1115 4838 1192 4932 Ego
1227 4856 1310 4909 sum
1344 4835 1475 4908 caesar.
1509 4832 1640 4906 Postea
1672 4838 1754 4909 orta
1787 4835 1843 4909 di-

730 5104 756 5165 [“)
773 5103 803 5153 Ε.
821 5103 883 5153 dicit
898 5084 1034 5153 Bnehonus
1050 5101 1082 5152 da
1101 5100 1222 5151 romanis
1316 5096 1345 5159 (¹)
1360 5099 1392 5149 B.
1409 5098 1507 5148 dictum
1524 5096 1631 5147 Domini
1645 5096 1708 5147 lesu
1722 5096 1826 5150 Christi.
