4542 6842
707 917 755 985 68
1065 927 1272 983 coronarunt
1298 928 1518 984 nunoaronu

705 1075 846 1172 gratie,
859 1076 973 1149 homo
986 1095 1131 1170 magne
1151 1073 1349 1169 sapientise,
1366 1075 1535 1169 portabat
1552 1096 1648 1151 nora
1665 1078 1776 1172 pacis,
1794 1078 1882 1172 quia

705 1195 898 1289 querebat
914 1194 1106 1290 pacificare
1128 1215 1170 1269 se
1187 1201 1226 1269 et
1241 1193 1332 1268 alios
1348 1195 1437 1290 Deo,
1452 1194 1686 1291 triumphatis
1705 1199 1883 1292 hostibus,

706 1316 808 1410 idest,
834 1314 939 1390 vitiis.
959 1355 1009 1370 -
1030 1319 1071 1388 lo
1106 1319 1185 1389 uidi
1218 1315 1284 1389 llic
1318 1322 1427 1411 poeta
1460 1316 1632 1392 describit
1665 1318 1702 1391 in
1736 1318 1882 1415 speciali

706 1457 821 1512 unam
846 1436 1007 1510 animam
1036 1436 1252 1511 modernam
1282 1436 1330 1511 de
1362 1457 1521 1511 numero
1546 1437 1818 1535 predictamm,
1844 1447 1883 1515 et

706 1556 863 1632 ostendit
887 1556 967 1631 eius
993 1577 1166 1653 magnam
1192 1555 1423 1631 allectionem
1449 1558 1496 1630 ad
1521 1579 1574 1651 se,
1592 1559 1679 1651 quia
1701 1579 1774 1633 non
1792 1581 1884 1634 con-

707 1685 806 1752 tenta
832 1676 958 1752 videre
984 1676 1103 1771 ipsum
1129 1675 1176 1750 de
1201 1695 1325 1772 prope,
1352 1670 1478 1770 ruit(¹)
1505 1678 1711 1773 impetuose
1736 1681 1774 1753 in
1798 1701 1883 1755 am·

707 1799 837 1894 plexus
862 1796 952 1871 eius.
979 1795 1071 1870 Dicit
1095 1815 1207 1892 ergo:
1233 1799 1275 1868 lo
1298 1799 1372 1870 vidi
1394 1817 1467 1872 mro
1498 1801 1538 1870 di
1565 1802 1635 1890 lor,
1660 1800 1698 1874 in
1722 1800 1880 1896 speciali,

707 1921 819 1992 trorsi
842 1919 1007 2006 ducante,
1024 1922 1111 1990 ante
1126 1917 1228 2009 alias,
1240 1937 1310 2010 per
1325 1917 1584 1991 uodrocciurmt
1599 1941 1666 1993 con
1688 1915 1720 1994 si
1743 1923 1885 2012 pronde

707 2046 837 2134 uffctto,
863 2038 965 2130 idest,
991 2057 1077 2110 cum
1105 2042 1206 2111 tanta
1230 2035 1435 2131 allectione,
1460 2042 1522 2112 cte
1551 2061 1664 2114 neusse
1693 2063 1748 2114 nte
1772 2062 1796 2113 u
1818 2045 1885 2135 sur

708 2166 742 2236 to
766 2161 986 2252 simipltuote,
1012 2163 1053 2232 ut
1079 2157 1273 2232 redderem
1302 2157 1369 2232 sibi
1394 2159 1512 2234 vicem
1544 2161 1768 2256 curialitatis,
1799 2162 1882 2236 licet

709 2282 872 2356 nondum
897 2299 1158 2376 cognoscerem
1192 2278 1322 2374 ipsum.
1349 2280 1395 2354 lit
1425 2282 1512 2374 quia
1545 2303 1617 2357 non
1651 2284 1768 2378 potuit
1801 2305 1883 2358 am·

708 2402 814 2499 plecti
840 2421 927 2506 eum
954 2399 1048 2473 sicut
1072 2399 1257 2492 credebat,
1283 2420 1357 2473 non
1382 2399 1505 2474 minus
1530 2402 1685 2477 miratus
1707 2403 1882 2497 estquod

709 2543 783 2597 non
809 2527 929 2616 posset
945 2527 1098 2617 tangere
1114 2540 1211 2613 eam,
1230 2540 1342 2613 quam
1365 2521 1436 2595 ille
1451 2522 1594 2597 miratae
1615 2523 1766 2600 tuissent
1782 2524 1881 2618 quod

709 2644 875 2719 riderent
909 2662 995 2716 eum
1028 2640 1168 2734 vivum,
1194 2641 1281 2734 quia
1306 2662 1374 2737 par
1400 2643 1493 2717 ratio
1525 2650 1607 2718 erat
1635 2645 1672 2718 in
1703 2646 1879 2739 utrisque.

709 2764 811 2838 Siout
836 2763 934 2837 enim
960 2761 1153 2836 videbatur
1179 2761 1322 2834 umbris
1346 2762 1515 2837 mirabile
1545 2764 1670 2839 videre
1694 2765 1881 2839 hominem

710 2884 848 2977 vivum,
874 2883 924 2957 ita
949 2881 1143 2957 videbatur
1167 2880 1273 2955 Danti
1299 2881 1384 2956 vivo
1410 2882 1536 2958 videre
1555 2884 1717 2959 animam
1741 2886 1884 2981 ample-

709 3011 868 3080 ctentem
895 3024 945 3096 se,
972 3010 1009 3078 et
1034 3023 1108 3076 non
1133 3023 1240 3098 posse
1264 3004 1434 3099 amplecti
1460 3025 1564 3099 eam3
1583 3005 1665 3080 ideo
1682 3027 1729 3081 ex
1747 3029 1881 3104 magna

709 3125 951 3200 admiratione
975 3125 1183 3220 prorumpit
1208 3124 1245 3197 in
1272 3145 1384 3198 unam
1411 3127 1716 3202 exclamationem
1737 3128 1881 3202 dicens:

710 3247 876 3320 nombre
901 3267 1003 3336 vane,
1029 3265 1063 3340 o,
1090 3244 1193 3339 idest,
1218 3244 1311 3339 dico,
1329 3245 1471 3320 animas
1490 3266 1628 3321 vacuas
1653 3254 1690 3322 et
1715 3256 1886 3322 carentes

709 3388 865 3462 corpore
890 3373 1024 3462 praeter
1041 3387 1154 3460 quam
1172 3366 1208 3438 in
1227 3387 1328 3460 nno;
1354 3365 1453 3440 unde
1477 3365 1587 3440 dicit:
1615 3371 1701 3461 soor
1725 3371 1785 3441 clu
1808 3374 1885 3442 uel-

711 3491 891 3581 tuspetto!
911 3487 1014 3581 idest,
1035 3493 1170 3582 praeter
1194 3507 1306 3580 quam
1325 3486 1457 3560 insola
1478 3487 1627 3582 visione,
1645 3488 1750 3582 quasi
1775 3488 1883 3582 dicat,

711 3608 809 3704 quod
835 3608 911 3681 istae
937 3608 1080 3681 umbre
1106 3607 1194 3680 nihil
1219 3606 1438 3680 videbantur
1463 3608 1601 3683 habere
1620 3610 1883 3705 corporeitatis,

710 3731 776 3803 nisi
803 3730 840 3801 in
867 3734 1009 3801 tantum
1036 3728 1135 3820 quod
1161 3731 1266 3801 erant
1291 3727 1459 3821 visibiles,
1476 3726 1541 3802 sed
1561 3748 1634 3802 non
1652 3735 1757 3803 erant
1778 3728 1886 3803 aliter

711 3849 916 3941 sensibiles;
942 3847 1040 3942 quod
1064 3847 1227 3923 declarat
1255 3867 1323 3942 per
1352 3847 1524 3921 ellectum
1551 3846 1692 3922 dicens:
1718 3855 1772 3921 tre
1795 3851 1886 3922 volte

711 3973 822 4045 dietro
847 3991 871 4040 o
896 3971 940 4042 lei
963 3970 995 4041 le
1019 3970 1116 4040 muni
1139 3969 1288 4057 aoniosi,
1308 3966 1413 4061 idest,
1431 3975 1488 4043 ter
1503 3969 1696 4063 amplexus
1712 3970 1764 4043 lui
1782 3971 1880 4043 illam

711 4093 871 4166 animam
899 4089 1069 4164 manibus
1093 4093 1175 4184 post
1199 4098 1346 4184 tergum
1365 4088 1445 4161 eius
1456 4087 1604 4183 junctis
1622 4111 1643 4161 e
1659 4096 1764 4181 tono,
1780 4089 1882 4183 idest,

711 4221 749 4290 et
775 4213 922 4287 totidem
953 4210 1101 4303 vicibuS,
1128 4212 1176 4280 mi
1201 4212 1321 4281 tornai
1349 4229 1415 4282 con
1445 4211 1543 4282 nollo
1574 4212 1613 4282 ul
1632 4217 1735 4303 petto.
1762 4211 1883 4284 Verba

711 4340 797 4409 strnt
814 4331 951 4428 Virgilii
969 4351 1054 4405 curn
1073 4329 1177 4403 dicit:
1201 4333 1268 4403 Ter
1292 4337 1438 4404 coriatus
1462 4353 1562 4404 mum
1587 4334 1676 4405 collo
1692 4334 1782 4405 dure
1797 4333 1884 4403 trra-

711 4457 789 4529 odio
822 4456 965 4543 circum,
1001 4455 1066 4524 Ter
1092 4453 1232 4544 frustra
1261 4453 1509 4542 comprelensa
1540 4473 1666 4524 monus
1695 4457 1763 4526 etc.
1797 4451 1882 4525 ldeo

711 4575 812 4672 ponit
836 4571 1009 4649 ellectum
1034 4593 1081 4647 ex
1106 4578 1212 4666 parte
1236 4570 1294 4644 sui
1320 4577 1358 4646 et
1383 4570 1477 4644 illius
1508 4572 1654 4665 animae,
1679 4571 1822 4646 dicens:
1847 4573 1886 4643 di

712 4697 939 4785 murucdptiu,
956 4693 1074 4784 oredo,
1092 4694 1141 4763 mi
1156 4693 1306 4783 stipium,-
1324 4690 1410 4784 quia
1430 4690 1572 4766 mutavi
1597 4692 1772 4784 colorem,
1791 4690 1886 4763 siout

712 4817 850 4891 lecerat
865 4803 902 4905 (²)
933 4813 1043 4907 paulo
1074 4818 1160 4885 ante
1189 4810 1269 4900 iste,
1294 4816 1331 4884 et
1354 4809 1416 4884 alii
1441 4810 1546 4904 socii3
1572 4817 1610 4886 et
1638 4810 1735 4904 dicit,
1761 4811 1882 4900 credo,

777 5083 803 5146 (¹)
820 5084 850 5133 E.
867 5083 920 5134 ivit.
1107 5079 1135 5146 (¹)
1151 5081 1182 5133 Ε.
1200 5082 1314 5133 socerum
1330 5082 1409 5146 poulo
1425 5087 1493 5143 unte,
1509 5087 1537 5133 et
1552 5082 1597 5133 ulli
1613 5081 1684 5132 socii.
