4542 6842
687 922 758 989 296
1046 931 1251 989 cottum
1275 931 1496 989 eunonronn

684 1310 849 1379 GANTUS
873 1310 1063 1379 DECIMUS
1086 1312 1260 1393 PRIMUS,
1283 1314 1319 1379 iu
1341 1334 1401 1397 puro
1419 1318 1542 1380 'tractat
1556 1313 1595 1379 dc
1610 1313 1726 1379 mter·
1747 1333 1859 1395 supcr-

761 1424 809 1489 bis
832 1424 1014 1489 cernentibus
1036 1422 1139 1491 Pater
1159 1430 1266 1491 numu
1286 1424 1475 1509 ropamou
1505 1444 1558 1491 coc
1585 1430 1623 1490 ut
1643 1430 1776 1507 prcocnt
1790 1444 1856 1506 pro

762 1537 807 1601 cis
822 1535 879 1601 urb
900 1535 991 1601 titulo
1007 1535 1175 1601 Humberti
1190 1536 1230 1601 dc
1245 1534 1338 1601 Seno
1354 1542 1385 1601 ot
1398 1536 1535 1601 ulionrm
1551 1535 1740 1616 multonem
1757 1541 1789 1602 et
1809 1536 1859 1603 tir

761 1646 902 1713 declarat
917 1647 1062 1737 domiuus
1077 1646 1307 1713 Proocurunuc
1322 1646 1456 1714 Sduuni
1476 1648 1517 1714 dc
1536 1646 1628 1714 Sene
1651 1649 1732 1715 sicud
1745 1650 1856 1713 induis

762 1757 868 1841 piceio
889 1758 1000 1823 mundi
1021 1764 1067 1823 est
1088 1764 1208 1825 uentus.

757 2058 925 2225 Prono
950 2158 1071 2225 nostro
1096 2153 1157 2223 cie
1179 2155 1236 2224 nei
1260 2154 1336 2223 dcii
1358 2153 1436 2225 stoi.
1462 2150 1660 2245 Postquam
1686 2149 1722 2223 in
1749 2170 1859 2245 supe-

684 2271 769 2346 riori
796 2272 955 2366 capituio
982 2271 1150 2366 proxime
1173 2270 1391 2365 precedenti
1413 2278 1521 2365 poeto
1539 2278 1665 2344 noster
1688 2270 1859 2345 tractavit

682 2398 720 2465 et
752 2391 1009 2465 determinavit
1041 2391 1088 2465 de
1120 2392 1296 2484 qualitate
1324 2398 1364 2465 et
1398 2410 1506 2485 poenu
1539 2390 1786 2485 superborum
1819 2389 1857 2465 in

683 2511 870 2607 genereti3
898 2532 995 2585 nunc
1021 2519 1291 2605 consequenter
1316 2511 1353 2585 in
1378 2512 1447 2587 isto
1472 2512 1632 2606 capituto
1649 2510 1698 2585 xl
1719 2511 1796 2607 egit
1821 2517 1858 2585 et

683 2638 815 2705 tractat
840 2631 886 2705 de
912 2632 1047 2705 eisdem
1075 2629 1242 2726 superbis
1259 2632 1296 2705 in
1312 2631 1469 2725 speciali.
1487 2632 1531 2704 Et
1548 2637 1666 2704 totum
1694 2650 1856 2724 praesens

683 2751 883 2846 capitutum
911 2758 1029 2845 potest
1054 2751 1218 2825 breviter
1242 2750 1351 2824 dividi
1383 2751 1419 2823 iu
1450 2758 1612 2845 quatuor
1641 2756 1764 2845 partes
1788 2771 1854 2845 ge·

684 2873 849 2967 neraies3
882 2872 918 2945 in
950 2872 1067 2966 prima
1093 2892 1253 2965 quorum
1287 2872 1473 2965 premittit
1503 2872 1707 2947 orationem
1741 2892 1855 2966 quum

683 2998 829 3068 cantent
855 2994 910 3067 isti
937 2992 1095 3087 superbi.
1122 2992 1161 3065 in
1188 2993 1348 3067 secunda
1378 2993 1575 3066 introducit
1606 3014 1723 3066 unum
1749 2992 1858 3087 spiri-

683 3121 763 3186 tum
806 3114 1024 3187 modernum
1060 3114 1274 3207 superbum,
1306 3113 1448 3187 ratione
1479 3114 1732 3211 generositatis
1770 3136 1856 3189 son·

681 3232 812 3329 guinis,
827 3234 893 3306 ibi:
909 3236 1003 3306 Det!
1014 3255 1051 3305 sc
1065 3236 1240 3324 pinetircu.
1254 3234 1292 3305 in
1313 3233 1419 3308 tertia
1437 3232 1633 3309 introducit
1649 3235 1854 3309 secundum

681 3354 848 3448 spiritum
877 3353 1095 3428 modernum
1118 3353 1320 3447 superbum
1347 3359 1385 3428 et
1411 3374 1549 3428 vonum
1573 3353 1713 3429 ratione
1728 3347 1765 3446 (¹)
1788 3376 1854 3430 er·

681 3474 859 3549 celtentiae
883 3473 985 3567 artis,
1007 3473 1075 3547 ibi:
1094 3476 1316 3546 Ascottando.
1343 3472 1383 3546 ln
1409 3480 1541 3568 quarta
1562 3474 1761 3550 introducit
1780 3482 1855 3549 ter-

681 3592 773 3667 tium
801 3592 968 3687 spiritum
996 3592 1214 3666 modernum
1241 3592 1443 3687 superbum
1469 3592 1612 3668 ratione
1631 3593 1855 3688 potentiaeet

680 3719 795 3787 status
822 3712 1043 3807 temporalis,
1069 3701 1276 3801 ibiz‘Gotui,
1301 3713 1666 3787 concitantium
1694 3713 1854 3808 primum

682 3833 832 3908 veniens
857 3831 950 3927 dico,
975 3832 1074 3925 quod
1100 3837 1208 3927 poeto
1237 3832 1424 3926 praemittit
1455 3833 1658 3908 orationem
1676 3824 1714 3926 (¹)
1740 3855 1853 3927 quom

682 3960 831 4029 cantant
856 3953 911 4027 isti
939 3952 1098 4047 superbi,
1116 3954 1215 4049 quia,
1236 3953 1382 4047 scilicet,
1400 3961 1549 4031 cuntant
1568 3954 1770 4029 orationem
1789 3953 1856 4029 do-

683 4074 865 4168 minicam,
891 4074 1069 4148 dicentes:
1097 4079 1206 4148 Pater
1230 4082 1358 4147 noster.
1384 4075 1453 4149 Sed
1479 4082 1679 4168 antequam
1705 4074 1852 4149 veniam

681 4194 727 4268 ad
753 4193 1013 4291 expositionem
1042 4195 1168 4289 litere,
1194 4202 1251 4270 est
1279 4195 1401 4289 primo
1434 4195 1722 4290 providendum,
1755 4195 1854 4289 quod

681 4315 793 4408 ntiqui
812 4315 930 4389 mirati
949 4322 1045 4409 sunt,
1060 4316 1135 4389 imo
1152 4315 1256 4410 quasi
1275 4315 1503 4410 trudoti‚cur
1515 4324 1624 4411 poeta
1641 4316 1779 4391 inserat
1796 4317 1854 4392 hic

681 4434 786 4508 istam
806 4433 1009 4509 orationem
1028 4455 1280 4529 communem,
1307 4456 1419 4530 quam
1446 4436 1566 4511 sciunt
1590 4458 1720 4512 omnes
1746 4437 1850 4531 pueri

680 4562 718 4630 et
743 4555 881 4649 puetiae.
907 4554 960 4627 Ad
986 4554 1085 4648 quod
1117 4556 1208 4650 dico,
1235 4556 1333 4649 quod
1367 4575 1439 4629 non
1471 4555 1657 4651 inutiliter,
1684 4578 1757 4631 uon
1789 4579 1853 4630 su-

677 4676 820 4771 pertloe
844 4676 915 4751 hoc
941 4674 1035 4770 iecit,
1062 4697 1149 4751 cnm
1176 4676 1212 4750 iu
1238 4698 1283 4752 ea
1308 4677 1379 4750 sint
1398 4678 1500 4751 motti
1519 4699 1647 4773 passus
1664 4698 1737 4753 non
1755 4678 1850 4752 bene

739 4913 766 4974 (¹)
784 4916 838 4974 117,
854 4914 955 4964 ratione
971 4914 1122 4965 excelientis
1138 4916 1209 4974 crtts,
1226 4914 1269 4966 uu

679 5064 729 5115 sod
740 4985 768 5051 (¹)
785 4990 815 5039 E.
833 4991 977 5041 ontionem
995 4991 1160 5053 dominicum,
1172 5005 1250 5056 quum
1262 4997 1366 5043 canunt
1381 4993 1422 5045 icti
1438 4993 1551 5056 superbi,
1562 4992 1661 5042 cciticct
1671 4992 1750 5042 Potor
1758 4998 1849 5044 norm.

746 5072 893 5129 antequam.
