<?xml version="1.0" encoding="UTF-8"?>
<!DOCTYPE html PUBLIC "-//W3C//DTD XHTML 1.0 Transitional//EN"
    "http://www.w3.org/TR/xhtml1/DTD/xhtml1-transitional.dtd">
<html xmlns="http://www.w3.org/1999/xhtml" xml:lang="en" lang="en">
 <head>
  <title>
</title>
<meta http-equiv="Content-Type" content="text/html;charset=utf-8" />
  <meta name='ocr-system' content='tesseract 3.04.00' />
  <meta name='ocr-capabilities' content='ocr_page ocr_carea ocr_par ocr_line ocrx_word'/>
</head>
<body>
  <div class='ocr_page' id='page_1' title='image "./comentumsuperda01unkngoog_0255.png"; bbox 0 0 4542 6842; ppageno 0'>
   <div class='ocr_carea' id='block_1_1' title="bbox 804 950 1557 1019">
    <p class='ocr_par' dir='ltr' id='par_1_1' title="bbox 804 950 1557 1019">
     <span class='ocr_line' id='line_1_1' title="bbox 804 950 1557 1019; baseline 0 0"><span class='ocrx_word' id='word_1_1' title='bbox 804 963 943 1019; x_wconf 75' lang='lat' dir='ltr'>murus</span> <span class='ocrx_word' id='word_1_2' title='bbox 965 962 1137 1018; x_wconf 75' lang='lat' dir='ltr'>ocrrvus.</span> <span class='ocrx_word' id='word_1_3' title='bbox 1487 950 1557 1019; x_wconf 81' lang='lat'>231</span> 
     </span>
    </p>
   </div>
   <div class='ocr_carea' id='block_1_2' title="bbox 386 1100 1571 4925">
    <p class='ocr_par' dir='ltr' id='par_1_2' title="bbox 386 1100 1571 4925">
     <span class='ocr_line' id='line_1_2' title="bbox 387 1100 1560 1201; baseline 0 -18"><span class='ocrx_word' id='word_1_4' title='bbox 387 1110 447 1183; x_wconf 82' lang='lat' dir='ltr'>clte</span> <span class='ocrx_word' id='word_1_5' title='bbox 464 1100 658 1183; x_wconf 82' lang='lat' dir='ltr'>transmuld</span> <span class='ocrx_word' id='word_1_6' title='bbox 675 1110 706 1179; x_wconf 85' lang='lat' dir='ltr'>lc</span> <span class='ocrx_word' id='word_1_7' title='bbox 722 1108 864 1181; x_wconf 82' lang='lat' dir='ltr'>btonctc</span> <span class='ocrx_word' id='word_1_8' title='bbox 880 1108 1001 1198; x_wconf 81' lang='lat' dir='ltr'>dende,</span> <span class='ocrx_word' id='word_1_9' title='bbox 1019 1126 1111 1201; x_wconf 89' lang='lat' dir='ltr'>quas</span> <span class='ocrx_word' id='word_1_10' title='bbox 1131 1106 1301 1201; x_wconf 86' lang='lat' dir='ltr'>portabat</span> <span class='ocrx_word' id='word_1_11' title='bbox 1317 1106 1354 1181; x_wconf 89' lang='lat' dir='ltr'>iu</span> <span class='ocrx_word' id='word_1_12' title='bbox 1372 1106 1560 1200; x_wconf 86' lang='lat' dir='ltr'>viduitate,</span> 
     </span>
     <span class='ocr_line' id='line_1_3' title="bbox 386 1225 1560 1337; baseline -0.002 -34"><span class='ocrx_word' id='word_1_13' title='bbox 386 1228 492 1322; x_wconf 87' lang='lat' dir='ltr'>idest,</span> <span class='ocrx_word' id='word_1_14' title='bbox 518 1236 714 1324; x_wconf 74' lang='lat' dir='ltr'><strong>postquam</strong></span> <span class='ocrx_word' id='word_1_15' title='bbox 739 1228 976 1337; x_wconf 75' lang='lat' dir='ltr'>transvolavit</span> <span class='ocrx_word' id='word_1_16' title='bbox 992 1226 1039 1301; x_wconf 93' lang='lat' dir='ltr'>ad</span> <span class='ocrx_word' id='word_1_17' title='bbox 1057 1225 1236 1301; x_wconf 86' lang='lat' dir='ltr'>secundas</span> <span class='ocrx_word' id='word_1_18' title='bbox 1260 1226 1405 1321; x_wconf 76' lang='lat' dir='ltr'><strong>nuptias</strong></span> <span class='ocrx_word' id='word_1_19' title='bbox 1421 1225 1560 1302; x_wconf 86' lang='lat' dir='ltr'>domiui</span> 
     </span>
     <span class='ocr_line' id='line_1_4' title="bbox 386 1347 1560 1444; baseline -0.003 -19"><span class='ocrx_word' id='word_1_20' title='bbox 386 1349 552 1425; x_wconf 89' lang='lat' dir='ltr'>Galeatli.</span> <span class='ocrx_word' id='word_1_21' title='bbox 578 1349 649 1423; x_wconf 89' lang='lat' dir='ltr'>Per</span> <span class='ocrx_word' id='word_1_22' title='bbox 675 1350 744 1425; x_wconf 90' lang='lat' dir='ltr'>boc</span> <span class='ocrx_word' id='word_1_23' title='bbox 770 1354 867 1442; x_wconf 89' lang='lat' dir='ltr'>uota,</span> <span class='ocrx_word' id='word_1_24' title='bbox 894 1348 992 1442; x_wconf 84' lang='lat' dir='ltr'>quod</span> <span class='ocrx_word' id='word_1_25' title='bbox 1018 1353 1126 1443; x_wconf 86' lang='lat' dir='ltr'>poeta</span> <span class='ocrx_word' id='word_1_26' title='bbox 1152 1347 1261 1422; x_wconf 88' lang='lat' dir='ltr'>tacite</span> <span class='ocrx_word' id='word_1_27' title='bbox 1287 1348 1401 1444; x_wconf 82' lang='lat' dir='ltr'>tangit</span> <span class='ocrx_word' id='word_1_28' title='bbox 1426 1368 1560 1422; x_wconf 86' lang='lat' dir='ltr'>vanam</span> 
     </span>
     <span class='ocr_line' id='line_1_5' title="bbox 388 1466 1560 1563; baseline -0.002 -20"><span class='ocrx_word' id='word_1_29' title='bbox 388 1488 518 1544; x_wconf 87' lang='lat' dir='ltr'>curam</span> <span class='ocrx_word' id='word_1_30' title='bbox 546 1468 807 1563; x_wconf 86' lang='lat' dir='ltr'>quorumdam,</span> <span class='ocrx_word' id='word_1_31' title='bbox 833 1468 898 1562; x_wconf 82' lang='lat' dir='ltr'>qui</span> <span class='ocrx_word' id='word_1_32' title='bbox 922 1487 968 1542; x_wconf 86' lang='lat' dir='ltr'>ex</span> <span class='ocrx_word' id='word_1_33' title='bbox 996 1466 1109 1542; x_wconf 89' lang='lat' dir='ltr'>nimio</span> <span class='ocrx_word' id='word_1_34' title='bbox 1128 1486 1269 1560; x_wconf 88' lang='lat' dir='ltr'>amore,</span> <span class='ocrx_word' id='word_1_35' title='bbox 1291 1487 1404 1560; x_wconf 88' lang='lat' dir='ltr'>quem</span> <span class='ocrx_word' id='word_1_36' title='bbox 1426 1467 1560 1543; x_wconf 88' lang='lat' dir='ltr'>babent</span> 
     </span>
     <span class='ocr_line' id='line_1_6' title="bbox 387 1580 1559 1682; baseline -0.002 -18"><span class='ocrx_word' id='word_1_37' title='bbox 387 1588 435 1664; x_wconf 93' lang='lat' dir='ltr'>ad</span> <span class='ocrx_word' id='word_1_38' title='bbox 461 1609 608 1682; x_wconf 84' lang='lat' dir='ltr'>uxores,</span> <span class='ocrx_word' id='word_1_39' title='bbox 634 1610 657 1664; x_wconf 93' lang='lat' dir='ltr'>a</span> <span class='ocrx_word' id='word_1_40' title='bbox 683 1588 817 1682; x_wconf 89' lang='lat' dir='ltr'>quibus</span> <span class='ocrx_word' id='word_1_41' title='bbox 850 1586 1020 1662; x_wconf 83' lang='lat' dir='ltr'>videntur</span> <span class='ocrx_word' id='word_1_42' title='bbox 1054 1584 1155 1681; x_wconf 81' lang='lat' dir='ltr'>diligi</span> <span class='ocrx_word' id='word_1_43' title='bbox 1167 1580 1205 1677; x_wconf 79' lang='lat'>(¹)</span> <span class='ocrx_word' id='word_1_44' title='bbox 1238 1586 1276 1658; x_wconf 92' lang='lat' dir='ltr'>in</span> <span class='ocrx_word' id='word_1_45' title='bbox 1308 1586 1395 1680; x_wconf 83' lang='lat' dir='ltr'>vita,</span> <span class='ocrx_word' id='word_1_46' title='bbox 1420 1586 1559 1662; x_wconf 77' lang='lat' dir='ltr'>solliciti</span> 
     </span>
     <span class='ocr_line' id='line_1_7' title="bbox 388 1706 1561 1804; baseline 0 -23"><span class='ocrx_word' id='word_1_47' title='bbox 388 1714 475 1783; x_wconf 91' lang='lat' dir='ltr'>suut</span> <span class='ocrx_word' id='word_1_48' title='bbox 500 1708 588 1804; x_wconf 89' lang='lat' dir='ltr'>quid</span> <span class='ocrx_word' id='word_1_49' title='bbox 612 1714 752 1783; x_wconf 78' lang='lat' dir='ltr'>acturae</span> <span class='ocrx_word' id='word_1_50' title='bbox 785 1706 856 1781; x_wconf 90' lang='lat' dir='ltr'>sint</span> <span class='ocrx_word' id='word_1_51' title='bbox 883 1713 964 1801; x_wconf 88' lang='lat' dir='ltr'>post</span> <span class='ocrx_word' id='word_1_52' title='bbox 999 1711 1156 1779; x_wconf 89' lang='lat' dir='ltr'>mortem</span> <span class='ocrx_word' id='word_1_53' title='bbox 1189 1724 1333 1799; x_wconf 89' lang='lat' dir='ltr'>eorum,</span> <span class='ocrx_word' id='word_1_54' title='bbox 1364 1711 1401 1779; x_wconf 92' lang='lat' dir='ltr'>et</span> <span class='ocrx_word' id='word_1_55' title='bbox 1426 1706 1561 1781; x_wconf 77' lang='lat' dir='ltr'>vellent</span> 
     </span>
     <span class='ocr_line' id='line_1_8' title="bbox 389 1824 1561 1924; baseline -0.004 -21"><span class='ocrx_word' id='word_1_56' title='bbox 389 1828 442 1903; x_wconf 87' lang='lat' dir='ltr'>eis</span> <span class='ocrx_word' id='word_1_57' title='bbox 466 1828 705 1924; x_wconf 75' lang='lat' dir='ltr'>prescribere</span> <span class='ocrx_word' id='word_1_58' title='bbox 737 1828 857 1924; x_wconf 77' lang='lat' dir='ltr'>legem</span> <span class='ocrx_word' id='word_1_59' title='bbox 890 1845 937 1901; x_wconf 91' lang='lat' dir='ltr'>ue</span> <span class='ocrx_word' id='word_1_60' title='bbox 970 1824 1166 1901; x_wconf 80' lang='lat' dir='ltr'>transirent</span> <span class='ocrx_word' id='word_1_61' title='bbox 1196 1824 1244 1899; x_wconf 91' lang='lat' dir='ltr'>ad</span> <span class='ocrx_word' id='word_1_62' title='bbox 1275 1824 1437 1899; x_wconf 86' lang='lat' dir='ltr'>secunda</span> <span class='ocrx_word' id='word_1_63' title='bbox 1462 1830 1561 1918; x_wconf 85' lang='lat' dir='ltr'>vota,</span> 
     </span>
     <span class='ocr_line' id='line_1_9' title="bbox 388 1943 1561 2043; baseline -0.006 -20"><span class='ocrx_word' id='word_1_64' title='bbox 388 1968 475 2023; x_wconf 91' lang='lat' dir='ltr'>cum</span> <span class='ocrx_word' id='word_1_65' title='bbox 503 1955 627 2023; x_wconf 76' lang='lat' dir='ltr'>tanmu</span> <span class='ocrx_word' id='word_1_66' title='bbox 651 1946 788 2043; x_wconf 85' lang='lat' dir='ltr'>possint</span> <span class='ocrx_word' id='word_1_67' title='bbox 811 1946 880 2021; x_wconf 92' lang='lat' dir='ltr'>dici</span> <span class='ocrx_word' id='word_1_68' title='bbox 907 1944 993 2019; x_wconf 88' lang='lat' dir='ltr'>satis</span> <span class='ocrx_word' id='word_1_69' title='bbox 1018 1944 1140 2020; x_wconf 86' lang='lat' dir='ltr'>ielices</span> <span class='ocrx_word' id='word_1_70' title='bbox 1165 1944 1195 2018; x_wconf 91' lang='lat' dir='ltr'>si</span> <span class='ocrx_word' id='word_1_71' title='bbox 1220 1945 1258 2019; x_wconf 89' lang='lat' dir='ltr'>iu</span> <span class='ocrx_word' id='word_1_72' title='bbox 1283 1943 1358 2019; x_wconf 84' lang='lat' dir='ltr'>rita</span> <span class='ocrx_word' id='word_1_73' title='bbox 1391 1950 1561 2019; x_wconf 84' lang='lat' dir='ltr'>servetur</span> 
     </span>
     <span class='ocr_line' id='line_1_10' title="bbox 388 2064 1559 2165; baseline -0.003 -24"><span class='ocrx_word' id='word_1_74' title='bbox 388 2089 456 2165; x_wconf 88' lang='lat' dir='ltr'>par</span> <span class='ocrx_word' id='word_1_75' title='bbox 479 2068 655 2160; x_wconf 90' lang='lat' dir='ltr'>debitum,</span> <span class='ocrx_word' id='word_1_76' title='bbox 682 2066 833 2161; x_wconf 76' lang='lat' dir='ltr'>aequalis</span> <span class='ocrx_word' id='word_1_77' title='bbox 866 2086 985 2159; x_wconf 89' lang='lat' dir='ltr'>amor,</span> <span class='ocrx_word' id='word_1_78' title='bbox 1021 2072 1058 2139; x_wconf 92' lang='lat' dir='ltr'>et</span> <span class='ocrx_word' id='word_1_79' title='bbox 1093 2072 1224 2140; x_wconf 89' lang='lat' dir='ltr'>mutua</span> <span class='ocrx_word' id='word_1_80' title='bbox 1258 2064 1347 2139; x_wconf 85' lang='lat' dir='ltr'>fides</span> <span class='ocrx_word' id='word_1_81' title='bbox 1380 2064 1559 2161; x_wconf 80' lang='lat' dir='ltr'>coniugii:</span> 
     </span>
     <span class='ocr_line' id='line_1_11' title="bbox 389 2184 1560 2279; baseline -0.001 -19"><span class='ocrx_word' id='word_1_82' title='bbox 389 2187 472 2263; x_wconf 93' lang='lat' dir='ltr'>ideo</span> <span class='ocrx_word' id='word_1_83' title='bbox 505 2187 572 2261; x_wconf 90' lang='lat' dir='ltr'>iste</span> <span class='ocrx_word' id='word_1_84' title='bbox 605 2186 743 2262; x_wconf 89' lang='lat' dir='ltr'>divinat</span> <span class='ocrx_word' id='word_1_85' title='bbox 771 2186 837 2261; x_wconf 89' lang='lat' dir='ltr'>sibi</span> <span class='ocrx_word' id='word_1_86' title='bbox 868 2186 1021 2279; x_wconf 91' lang='lat' dir='ltr'>malum,</span> <span class='ocrx_word' id='word_1_87' title='bbox 1050 2184 1193 2261; x_wconf 89' lang='lat' dir='ltr'>diceus:</span> <span class='ocrx_word' id='word_1_88' title='bbox 1224 2189 1256 2258; x_wconf 86' lang='lat' dir='ltr'>tc</span> <span class='ocrx_word' id='word_1_89' title='bbox 1283 2188 1380 2277; x_wconf 77' lang='lat' dir='ltr'>quot,</span> <span class='ocrx_word' id='word_1_90' title='bbox 1413 2185 1560 2279; x_wconf 88' lang='lat' dir='ltr'>scilicet,</span> 
     </span>
     <span class='ocr_line' id='line_1_12' title="bbox 389 2288 1561 2400; baseline -0.003 -19"><span class='ocrx_word' id='word_1_91' title='bbox 389 2288 517 2381; x_wconf 85' lang='lat' dir='ltr'>biudas</span> <span class='ocrx_word' id='word_1_92' title='bbox 541 2306 655 2400; x_wconf 88' lang='lat' dir='ltr'>albas,</span> <span class='ocrx_word' id='word_1_93' title='bbox 680 2309 825 2381; x_wconf 75' lang='lat' dir='ltr'>musteo</span> <span class='ocrx_word' id='word_1_94' title='bbox 849 2308 909 2379; x_wconf 84' lang='lat' dir='ltr'>clte</span> <span class='ocrx_word' id='word_1_95' title='bbox 933 2308 1063 2379; x_wconf 81' lang='lat' dir='ltr'>mtserc</span> <span class='ocrx_word' id='word_1_96' title='bbox 1088 2325 1201 2378; x_wconf 85' lang='lat' dir='ltr'>uocor</span> <span class='ocrx_word' id='word_1_97' title='bbox 1224 2306 1363 2399; x_wconf 85' lang='lat' dir='ltr'>bromt;</span> <span class='ocrx_word' id='word_1_98' title='bbox 1381 2304 1468 2399; x_wconf 87' lang='lat' dir='ltr'>quia</span> <span class='ocrx_word' id='word_1_99' title='bbox 1489 2304 1561 2381; x_wconf 91' lang='lat' dir='ltr'>sci-</span> 
     </span>
     <span class='ocr_line' id='line_1_13' title="bbox 390 2425 1563 2521; baseline -0.003 -18"><span class='ocrx_word' id='word_1_100' title='bbox 390 2428 474 2503; x_wconf 88' lang='lat' dir='ltr'>licet</span> <span class='ocrx_word' id='word_1_101' title='bbox 498 2425 667 2501; x_wconf 78' lang='lat' dir='ltr'>deveniet</span> <span class='ocrx_word' id='word_1_102' title='bbox 691 2425 737 2503; x_wconf 91' lang='lat' dir='ltr'>ad</span> <span class='ocrx_word' id='word_1_103' title='bbox 763 2428 874 2501; x_wconf 90' lang='lat' dir='ltr'>talem</span> <span class='ocrx_word' id='word_1_104' title='bbox 895 2432 1045 2521; x_wconf 85' lang='lat' dir='ltr'>statum,</span> <span class='ocrx_word' id='word_1_105' title='bbox 1062 2425 1162 2519; x_wconf 83' lang='lat' dir='ltr'>quod</span> <span class='ocrx_word' id='word_1_106' title='bbox 1179 2426 1289 2501; x_wconf 91' lang='lat' dir='ltr'>vellet</span> <span class='ocrx_word' id='word_1_107' title='bbox 1308 2425 1563 2501; x_wconf 90' lang='lat' dir='ltr'>libenteresse</span> 
     </span>
     <span class='ocr_line' id='line_1_14' title="bbox 392 2544 1559 2642; baseline -0.003 -21"><span class='ocrx_word' id='word_1_108' title='bbox 392 2546 430 2621; x_wconf 93' lang='lat' dir='ltr'>in</span> <span class='ocrx_word' id='word_1_109' title='bbox 456 2545 575 2642; x_wconf 88' lang='lat' dir='ltr'>primo</span> <span class='ocrx_word' id='word_1_110' title='bbox 600 2552 697 2621; x_wconf 92' lang='lat' dir='ltr'>statu</span> <span class='ocrx_word' id='word_1_111' title='bbox 723 2545 924 2621; x_wconf 86' lang='lat' dir='ltr'>viduitatis:</span> <span class='ocrx_word' id='word_1_112' title='bbox 951 2550 987 2621; x_wconf 90' lang='lat' dir='ltr'>et</span> <span class='ocrx_word' id='word_1_113' title='bbox 1011 2546 1063 2620; x_wconf 89' lang='lat' dir='ltr'>sic</span> <span class='ocrx_word' id='word_1_114' title='bbox 1088 2544 1157 2618; x_wconf 87' lang='lat' dir='ltr'>luit</span> <span class='ocrx_word' id='word_1_115' title='bbox 1182 2545 1229 2619; x_wconf 91' lang='lat' dir='ltr'>dc</span> <span class='ocrx_word' id='word_1_116' title='bbox 1258 2544 1364 2639; x_wconf 87' lang='lat' dir='ltr'>lacto,</span> <span class='ocrx_word' id='word_1_117' title='bbox 1390 2545 1477 2639; x_wconf 89' lang='lat' dir='ltr'>quia</span> <span class='ocrx_word' id='word_1_118' title='bbox 1503 2544 1559 2617; x_wconf 86' lang='lat' dir='ltr'>vir</span> 
     </span>
     <span class='ocr_line' id='line_1_15' title="bbox 393 2664 1562 2762; baseline -0.003 -21"><span class='ocrx_word' id='word_1_119' title='bbox 393 2688 484 2741; x_wconf 89' lang='lat' dir='ltr'>suus</span> <span class='ocrx_word' id='word_1_120' title='bbox 509 2666 692 2742; x_wconf 90' lang='lat' dir='ltr'>secundus</span> <span class='ocrx_word' id='word_1_121' title='bbox 716 2666 892 2762; x_wconf 82' lang='lat' dir='ltr'>expulsus</span> <span class='ocrx_word' id='word_1_122' title='bbox 908 2666 954 2741; x_wconf 95' lang='lat' dir='ltr'>de</span> <span class='ocrx_word' id='word_1_123' title='bbox 974 2664 1188 2762; x_wconf 83' lang='lat' dir='ltr'>Mediolano,</span> <span class='ocrx_word' id='word_1_124' title='bbox 1205 2664 1324 2739; x_wconf 90' lang='lat' dir='ltr'>lactus</span> <span class='ocrx_word' id='word_1_125' title='bbox 1346 2672 1402 2739; x_wconf 90' lang='lat' dir='ltr'>est</span> <span class='ocrx_word' id='word_1_126' title='bbox 1425 2664 1562 2759; x_wconf 85' lang='lat' dir='ltr'>stipen-</span> 
     </span>
     <span class='ocr_line' id='line_1_16' title="bbox 391 2785 1563 2880; baseline -0.003 -17"><span class='ocrx_word' id='word_1_127' title='bbox 391 2788 531 2863; x_wconf 90' lang='lat' dir='ltr'>diarius</span> <span class='ocrx_word' id='word_1_128' title='bbox 555 2787 754 2863; x_wconf 89' lang='lat' dir='ltr'>Castruccii</span> <span class='ocrx_word' id='word_1_129' title='bbox 779 2788 816 2861; x_wconf 92' lang='lat' dir='ltr'>iu</span> <span class='ocrx_word' id='word_1_130' title='bbox 847 2786 989 2880; x_wconf 87' lang='lat' dir='ltr'>Tuscia,</span> <span class='ocrx_word' id='word_1_131' title='bbox 1015 2796 1053 2863; x_wconf 88' lang='lat' dir='ltr'>et</span> <span class='ocrx_word' id='word_1_132' title='bbox 1076 2794 1248 2859; x_wconf 89' lang='lat' dir='ltr'>mortuus</span> <span class='ocrx_word' id='word_1_133' title='bbox 1276 2791 1332 2860; x_wconf 79' lang='lat' dir='ltr'>est</span> <span class='ocrx_word' id='word_1_134' title='bbox 1357 2785 1416 2859; x_wconf 86' lang='lat' dir='ltr'>ibi.</span> <span class='ocrx_word' id='word_1_135' title='bbox 1448 2786 1491 2857; x_wconf 83' lang='lat' dir='ltr'>Et</span> <span class='ocrx_word' id='word_1_136' title='bbox 1517 2805 1563 2860; x_wconf 78' lang='lat' dir='ltr'>ex</span> 
     </span>
     <span class='ocr_line' id='line_1_17' title="bbox 393 2905 1565 3005; baseline -0.004 -21"><span class='ocrx_word' id='word_1_137' title='bbox 393 2910 463 2984; x_wconf 90' lang='lat' dir='ltr'>boc</span> <span class='ocrx_word' id='word_1_138' title='bbox 488 2908 602 2982; x_wconf 88' lang='lat' dir='ltr'>Ninus</span> <span class='ocrx_word' id='word_1_139' title='bbox 626 2907 750 3005; x_wconf 80' lang='lat' dir='ltr'>arguit</span> <span class='ocrx_word' id='word_1_140' title='bbox 773 2908 821 2983; x_wconf 92' lang='lat' dir='ltr'>ab</span> <span class='ocrx_word' id='word_1_141' title='bbox 841 2928 959 2981; x_wconf 82' lang='lat' dir='ltr'>uxore</span> <span class='ocrx_word' id='word_1_142' title='bbox 976 2928 1044 2981; x_wconf 90' lang='lat' dir='ltr'>sua</span> <span class='ocrx_word' id='word_1_143' title='bbox 1060 2906 1107 2981; x_wconf 92' lang='lat' dir='ltr'>ad</span> <span class='ocrx_word' id='word_1_144' title='bbox 1123 2906 1213 2979; x_wconf 87' lang='lat' dir='ltr'>alias</span> <span class='ocrx_word' id='word_1_145' title='bbox 1232 2905 1436 2983; x_wconf 73' lang='lat' dir='ltr'>instabilem</span> <span class='ocrx_word' id='word_1_146' title='bbox 1458 2926 1565 2980; x_wconf 93' lang='lat' dir='ltr'>amo-</span> 
     </span>
     <span class='ocr_line' id='line_1_18' title="bbox 395 3027 1565 3122; baseline -0.003 -20"><span class='ocrx_word' id='word_1_147' title='bbox 395 3050 475 3103; x_wconf 92' lang='lat' dir='ltr'>rem</span> <span class='ocrx_word' id='word_1_148' title='bbox 501 3028 712 3122; x_wconf 87' lang='lat' dir='ltr'>mulierum,</span> <span class='ocrx_word' id='word_1_149' title='bbox 732 3028 874 3103; x_wconf 90' lang='lat' dir='ltr'>dicens:</span> <span class='ocrx_word' id='word_1_150' title='bbox 888 3049 956 3119; x_wconf 85' lang='lat' dir='ltr'>per</span> <span class='ocrx_word' id='word_1_151' title='bbox 973 3029 1017 3099; x_wconf 81' lang='lat' dir='ltr'>tei</span> <span class='ocrx_word' id='word_1_152' title='bbox 1032 3028 1129 3099; x_wconf 83' lang='lat' dir='ltr'>assat</span> <span class='ocrx_word' id='word_1_153' title='bbox 1144 3027 1183 3099; x_wconf 83' lang='lat' dir='ltr'>dl</span> <span class='ocrx_word' id='word_1_154' title='bbox 1198 3028 1281 3099; x_wconf 84' lang='lat' dir='ltr'>ttevc</span> <span class='ocrx_word' id='word_1_155' title='bbox 1296 3028 1328 3099; x_wconf 80' lang='lat' dir='ltr'>si</span> <span class='ocrx_word' id='word_1_156' title='bbox 1343 3028 1565 3118; x_wconf 78' lang='lat' dir='ltr'>comprende,</span> 
     </span>
     <span class='ocr_line' id='line_1_19' title="bbox 394 3146 1566 3244; baseline -0.002 -23"><span class='ocrx_word' id='word_1_157' title='bbox 394 3148 497 3243; x_wconf 85' lang='lat' dir='ltr'>idest,</span> <span class='ocrx_word' id='word_1_158' title='bbox 515 3169 581 3244; x_wconf 89' lang='lat' dir='ltr'>per</span> <span class='ocrx_word' id='word_1_159' title='bbox 605 3168 719 3223; x_wconf 90' lang='lat' dir='ltr'>uuam</span> <span class='ocrx_word' id='word_1_160' title='bbox 746 3148 898 3223; x_wconf 82' lang='lat' dir='ltr'>faciliter</span> <span class='ocrx_word' id='word_1_161' title='bbox 923 3146 1155 3244; x_wconf 84' lang='lat' dir='ltr'>cognoscitur</span> <span class='ocrx_word' id='word_1_162' title='bbox 1173 3146 1219 3220; x_wconf 88' lang='lat' dir='ltr'>de</span> <span class='ocrx_word' id='word_1_163' title='bbox 1236 3146 1335 3240; x_wconf 84' lang='lat' dir='ltr'>aliis3</span> <span class='ocrx_word' id='word_1_164' title='bbox 1352 3146 1411 3221; x_wconf 88' lang='lat' dir='ltr'>vel</span> <span class='ocrx_word' id='word_1_165' title='bbox 1431 3167 1566 3223; x_wconf 90' lang='lat' dir='ltr'>secun-</span> 
     </span>
     <span class='ocr_line' id='line_1_20' title="bbox 394 3261 1563 3361; baseline -0.003 -18"><span class='ocrx_word' id='word_1_166' title='bbox 394 3270 486 3343; x_wconf 91' lang='lat' dir='ltr'>dum</span> <span class='ocrx_word' id='word_1_167' title='bbox 515 3270 624 3344; x_wconf 89' lang='lat' dir='ltr'>allam</span> <span class='ocrx_word' id='word_1_168' title='bbox 656 3270 812 3361; x_wconf 87' lang='lat' dir='ltr'>literam,</span> <span class='ocrx_word' id='word_1_169' title='bbox 838 3272 877 3343; x_wconf 85' lang='lat' dir='ltr'>dt</span> <span class='ocrx_word' id='word_1_170' title='bbox 901 3261 949 3359; x_wconf 89' lang='lat' dir='ltr'>ld,</span> <span class='ocrx_word' id='word_1_171' title='bbox 975 3268 1077 3361; x_wconf 91' lang='lat' dir='ltr'>idest,</span> <span class='ocrx_word' id='word_1_172' title='bbox 1103 3268 1140 3341; x_wconf 92' lang='lat' dir='ltr'>iu</span> <span class='ocrx_word' id='word_1_173' title='bbox 1170 3266 1309 3340; x_wconf 90' lang='lat' dir='ltr'>mundo</span> <span class='ocrx_word' id='word_1_174' title='bbox 1337 3266 1563 3361; x_wconf 74' lang='lat' dir='ltr'>virentium,</span> 
     </span>
     <span class='ocr_line' id='line_1_21' title="bbox 394 3386 1565 3485; baseline -0.003 -21"><span class='ocrx_word' id='word_1_175' title='bbox 394 3398 524 3483; x_wconf 78' lang='lat' dir='ltr'>quanto</span> <span class='ocrx_word' id='word_1_176' title='bbox 549 3394 586 3463; x_wconf 85' lang='lat' dir='ltr'>io</span> <span class='ocrx_word' id='word_1_177' title='bbox 608 3394 741 3485; x_wconf 83' lang='lat' dir='ltr'>semina</span> <span class='ocrx_word' id='word_1_178' title='bbox 762 3396 843 3485; x_wconf 78' lang='lat' dir='ltr'>[oco</span> <span class='ocrx_word' id='word_1_179' title='bbox 869 3392 1018 3463; x_wconf 83' lang='lat' dir='ltr'>d’amor</span> <span class='ocrx_word' id='word_1_180' title='bbox 1042 3390 1149 3479; x_wconf 85' lang='lat' dir='ltr'>dura,</span> <span class='ocrx_word' id='word_1_181' title='bbox 1175 3388 1277 3481; x_wconf 88' lang='lat' dir='ltr'>idest,</span> <span class='ocrx_word' id='word_1_182' title='bbox 1309 3408 1383 3461; x_wconf 93' lang='lat' dir='ltr'>nou</span> <span class='ocrx_word' id='word_1_183' title='bbox 1407 3386 1467 3462; x_wconf 88' lang='lat' dir='ltr'>diu</span> <span class='ocrx_word' id='word_1_184' title='bbox 1494 3387 1565 3461; x_wconf 92' lang='lat' dir='ltr'>du-</span> 
     </span>
     <span class='ocr_line' id='line_1_22' title="bbox 396 3509 1566 3603; baseline -0.003 -19"><span class='ocrx_word' id='word_1_185' title='bbox 396 3518 453 3585; x_wconf 92' lang='lat' dir='ltr'>rat</span> <span class='ocrx_word' id='word_1_186' title='bbox 477 3510 611 3585; x_wconf 89' lang='lat' dir='ltr'>ardens</span> <span class='ocrx_word' id='word_1_187' title='bbox 636 3530 742 3585; x_wconf 92' lang='lat' dir='ltr'>amor</span> <span class='ocrx_word' id='word_1_188' title='bbox 767 3510 804 3583; x_wconf 92' lang='lat' dir='ltr'>iu</span> <span class='ocrx_word' id='word_1_189' title='bbox 831 3509 997 3603; x_wconf 90' lang='lat' dir='ltr'>muliere,</span> <span class='ocrx_word' id='word_1_190' title='bbox 1022 3530 1059 3581; x_wconf 84' lang='lat' dir='ltr'>sc</span> <span class='ocrx_word' id='word_1_191' title='bbox 1084 3509 1236 3582; x_wconf 79' lang='lat' dir='ltr'>t’occla’o</span> <span class='ocrx_word' id='word_1_192' title='bbox 1255 3529 1277 3580; x_wconf 93' lang='lat' dir='ltr'>o</span> <span class='ocrx_word' id='word_1_193' title='bbox 1299 3509 1326 3580; x_wconf 89' lang='lat' dir='ltr'>&#39;l</span> <span class='ocrx_word' id='word_1_194' title='bbox 1348 3513 1432 3581; x_wconf 84' lang='lat' dir='ltr'>totto</span> <span class='ocrx_word' id='word_1_195' title='bbox 1447 3528 1566 3599; x_wconf 81' lang='lat' dir='ltr'>rpesso</span> 
     </span>
     <span class='ocr_line' id='line_1_23' title="bbox 393 3618 1565 3723; baseline -0.002 -19"><span class='ocrx_word' id='word_1_196' title='bbox 393 3633 457 3704; x_wconf 83' lang='lat' dir='ltr'>aot</span> <span class='ocrx_word' id='word_1_197' title='bbox 486 3632 667 3703; x_wconf 79' lang='lat' dir='ltr'>racccodc.</span> <span class='ocrx_word' id='word_1_198' title='bbox 703 3629 832 3705; x_wconf 88' lang='lat' dir='ltr'>Mulier</span> <span class='ocrx_word' id='word_1_199' title='bbox 856 3629 967 3723; x_wconf 90' lang='lat' dir='ltr'>euim,</span> <span class='ocrx_word' id='word_1_200' title='bbox 995 3636 1037 3703; x_wconf 93' lang='lat' dir='ltr'>ut</span> <span class='ocrx_word' id='word_1_201' title='bbox 1069 3626 1155 3703; x_wconf 91' lang='lat' dir='ltr'>alibi</span> <span class='ocrx_word' id='word_1_202' title='bbox 1183 3627 1321 3701; x_wconf 91' lang='lat' dir='ltr'>dictum</span> <span class='ocrx_word' id='word_1_203' title='bbox 1337 3618 1374 3719; x_wconf 79' lang='lat'>(¹)</span> <span class='ocrx_word' id='word_1_204' title='bbox 1406 3634 1472 3721; x_wconf 84' lang='lat' dir='ltr'>est,</span> <span class='ocrx_word' id='word_1_205' title='bbox 1498 3647 1565 3702; x_wconf 91' lang='lat' dir='ltr'>ua-</span> 
     </span>
     <span class='ocr_line' id='line_1_24' title="bbox 395 3746 1566 3845; baseline -0.002 -21"><span class='ocrx_word' id='word_1_206' title='bbox 395 3750 564 3826; x_wconf 90' lang='lat' dir='ltr'>turaliter</span> <span class='ocrx_word' id='word_1_207' title='bbox 595 3755 652 3825; x_wconf 89' lang='lat' dir='ltr'>est</span> <span class='ocrx_word' id='word_1_208' title='bbox 681 3748 821 3845; x_wconf 82' lang='lat' dir='ltr'>frigida,</span> <span class='ocrx_word' id='word_1_209' title='bbox 847 3749 910 3824; x_wconf 92' lang='lat' dir='ltr'>sed</span> <span class='ocrx_word' id='word_1_210' title='bbox 938 3768 1041 3824; x_wconf 91' lang='lat' dir='ltr'>more</span> <span class='ocrx_word' id='word_1_211' title='bbox 1066 3748 1153 3821; x_wconf 90' lang='lat' dir='ltr'>lerri</span> <span class='ocrx_word' id='word_1_212' title='bbox 1184 3748 1212 3821; x_wconf 90' lang='lat' dir='ltr'>si</span> <span class='ocrx_word' id='word_1_213' title='bbox 1246 3747 1459 3823; x_wconf 89' lang='lat' dir='ltr'>accenditur</span> <span class='ocrx_word' id='word_1_214' title='bbox 1484 3746 1566 3822; x_wconf 88' lang='lat' dir='ltr'>visu</span> 
     </span>
     <span class='ocr_line' id='line_1_25' title="bbox 396 3867 1569 3962; baseline -0.004 -16"><span class='ocrx_word' id='word_1_215' title='bbox 396 3872 457 3946; x_wconf 85' lang='lat' dir='ltr'>rel</span> <span class='ocrx_word' id='word_1_216' title='bbox 481 3876 579 3945; x_wconf 83' lang='lat' dir='ltr'>tactu</span> <span class='ocrx_word' id='word_1_217' title='bbox 607 3868 765 3944; x_wconf 88' lang='lat' dir='ltr'>efficitur</span> <span class='ocrx_word' id='word_1_218' title='bbox 790 3868 939 3943; x_wconf 80' lang='lat' dir='ltr'>calidior</span> <span class='ocrx_word' id='word_1_219' title='bbox 964 3868 1056 3962; x_wconf 86' lang='lat' dir='ltr'>vire,</span> <span class='ocrx_word' id='word_1_220' title='bbox 1081 3888 1166 3962; x_wconf 84' lang='lat' dir='ltr'>quae</span> <span class='ocrx_word' id='word_1_221' title='bbox 1191 3867 1352 3942; x_wconf 78' lang='lat' dir='ltr'>caliditas</span> <span class='ocrx_word' id='word_1_222' title='bbox 1380 3888 1453 3944; x_wconf 91' lang='lat' dir='ltr'>nou</span> <span class='ocrx_word' id='word_1_223' title='bbox 1478 3887 1569 3942; x_wconf 90' lang='lat' dir='ltr'>oon·</span> 
     </span>
     <span class='ocr_line' id='line_1_26' title="bbox 397 3986 1569 4083; baseline -0.004 -18"><span class='ocrx_word' id='word_1_224' title='bbox 397 3989 576 4083; x_wconf 87' lang='lat' dir='ltr'>tinuatur,</span> <span class='ocrx_word' id='word_1_225' title='bbox 592 3988 660 4062; x_wconf 90' lang='lat' dir='ltr'>nisi</span> <span class='ocrx_word' id='word_1_226' title='bbox 685 4008 783 4082; x_wconf 83' lang='lat' dir='ltr'>saepe</span> <span class='ocrx_word' id='word_1_227' title='bbox 809 3988 1082 4063; x_wconf 85' lang='lat' dir='ltr'>reaccendatur.</span> <span class='ocrx_word' id='word_1_228' title='bbox 1097 4028 1147 4041; x_wconf 96' lang='lat'>—</span> <span class='ocrx_word' id='word_1_229' title='bbox 1161 3991 1251 4059; x_wconf 77' lang='lat' dir='ltr'>lton.</span> <span class='ocrx_word' id='word_1_230' title='bbox 1269 3986 1334 4061; x_wconf 89' lang='lat' dir='ltr'>llic</span> <span class='ocrx_word' id='word_1_231' title='bbox 1351 3987 1465 4061; x_wconf 89' lang='lat' dir='ltr'>Ninus</span> <span class='ocrx_word' id='word_1_232' title='bbox 1481 4007 1569 4082; x_wconf 85' lang='lat' dir='ltr'>pro-</span> 
     </span>
     <span class='ocr_line' id='line_1_27' title="bbox 395 4097 1567 4204; baseline -0.003 -20"><span class='ocrx_word' id='word_1_233' title='bbox 395 4109 471 4203; x_wconf 88' lang='lat' dir='ltr'>bat,</span> <span class='ocrx_word' id='word_1_234' title='bbox 489 4108 587 4204; x_wconf 82' lang='lat' dir='ltr'>quod</span> <span class='ocrx_word' id='word_1_235' title='bbox 613 4108 681 4182; x_wconf 89' lang='lat' dir='ltr'>ista</span> <span class='ocrx_word' id='word_1_236' title='bbox 706 4127 781 4182; x_wconf 91' lang='lat' dir='ltr'>non</span> <span class='ocrx_word' id='word_1_237' title='bbox 798 4108 892 4183; x_wconf 91' lang='lat' dir='ltr'>bene</span> <span class='ocrx_word' id='word_1_238' title='bbox 910 4107 1035 4183; x_wconf 86' lang='lat' dir='ltr'>lecerit</span> <span class='ocrx_word' id='word_1_239' title='bbox 1055 4106 1227 4181; x_wconf 91' lang='lat' dir='ltr'>nubendo</span> <span class='ocrx_word' id='word_1_240' title='bbox 1244 4107 1402 4181; x_wconf 82' lang='lat' dir='ltr'>securMa</span> <span class='ocrx_word' id='word_1_241' title='bbox 1418 4097 1455 4199; x_wconf 78' lang='lat'>(³)</span> <span class='ocrx_word' id='word_1_242' title='bbox 1475 4107 1567 4201; x_wconf 87' lang='lat' dir='ltr'>vice,</span> 
     </span>
     <span class='ocr_line' id='line_1_28' title="bbox 397 4226 1569 4325; baseline -0.003 -22"><span class='ocrx_word' id='word_1_243' title='bbox 397 4230 588 4325; x_wconf 90' lang='lat' dir='ltr'>quianon</span> <span class='ocrx_word' id='word_1_244' title='bbox 621 4235 702 4303; x_wconf 90' lang='lat' dir='ltr'>erat</span> <span class='ocrx_word' id='word_1_245' title='bbox 732 4227 797 4303; x_wconf 92' lang='lat' dir='ltr'>sibi</span> <span class='ocrx_word' id='word_1_246' title='bbox 832 4234 907 4303; x_wconf 88' lang='lat' dir='ltr'>tam</span> <span class='ocrx_word' id='word_1_247' title='bbox 944 4228 1158 4303; x_wconf 86' lang='lat' dir='ltr'>honorabile</span> <span class='ocrx_word' id='word_1_248' title='bbox 1195 4233 1275 4321; x_wconf 86' lang='lat' dir='ltr'>post</span> <span class='ocrx_word' id='word_1_249' title='bbox 1307 4234 1464 4302; x_wconf 88' lang='lat' dir='ltr'>mortem</span> <span class='ocrx_word' id='word_1_250' title='bbox 1498 4226 1569 4301; x_wconf 89' lang='lat' dir='ltr'>dici</span> 
     </span>
     <span class='ocr_line' id='line_1_29' title="bbox 398 4345 1567 4443; baseline -0.003 -20"><span class='ocrx_word' id='word_1_251' title='bbox 398 4368 494 4423; x_wconf 82' lang='lat' dir='ltr'>uxor</span> <span class='ocrx_word' id='word_1_252' title='bbox 519 4348 682 4442; x_wconf 89' lang='lat' dir='ltr'>Galeatii,</span> <span class='ocrx_word' id='word_1_253' title='bbox 708 4348 802 4423; x_wconf 89' lang='lat' dir='ltr'>sicut</span> <span class='ocrx_word' id='word_1_254' title='bbox 826 4348 857 4422; x_wconf 91' lang='lat' dir='ltr'>si</span> <span class='ocrx_word' id='word_1_255' title='bbox 882 4347 1067 4423; x_wconf 90' lang='lat' dir='ltr'>diceretur</span> <span class='ocrx_word' id='word_1_256' title='bbox 1101 4367 1198 4421; x_wconf 84' lang='lat' dir='ltr'>uxor</span> <span class='ocrx_word' id='word_1_257' title='bbox 1222 4345 1314 4420; x_wconf 90' lang='lat' dir='ltr'>Nini.</span> <span class='ocrx_word' id='word_1_258' title='bbox 1340 4345 1433 4420; x_wconf 85' lang='lat' dir='ltr'>llicit</span> <span class='ocrx_word' id='word_1_259' title='bbox 1457 4367 1567 4443; x_wconf 84' lang='lat' dir='ltr'>ergo:</span> 
     </span>
     <span class='ocr_line' id='line_1_30' title="bbox 396 4457 1570 4566; baseline -0.001 -23"><span class='ocrx_word' id='word_1_260' title='bbox 396 4471 434 4543; x_wconf 87' lang='lat' dir='ltr'>tu</span> <span class='ocrx_word' id='word_1_261' title='bbox 459 4472 593 4561; x_wconf 58' lang='lat' dir='ltr'>uipera</span> <span class='ocrx_word' id='word_1_262' title='bbox 619 4468 814 4566; x_wconf 85' lang='lat' dir='ltr'>insignium</span> <span class='ocrx_word' id='word_1_263' title='bbox 830 4457 867 4561; x_wconf 75' lang='lat'>(⁴)</span> <span class='ocrx_word' id='word_1_264' title='bbox 902 4467 1160 4544; x_wconf 86' lang='lat' dir='ltr'>vicecomitum</span> <span class='ocrx_word' id='word_1_265' title='bbox 1191 4468 1238 4541; x_wconf 90' lang='lat' dir='ltr'>de</span> <span class='ocrx_word' id='word_1_266' title='bbox 1271 4467 1485 4562; x_wconf 87' lang='lat' dir='ltr'>Mediolano,</span> <span class='ocrx_word' id='word_1_267' title='bbox 1509 4470 1570 4542; x_wconf 83' lang='lat' dir='ltr'>cle</span> 
     </span>
     <span class='ocr_line' id='line_1_31' title="bbox 396 4586 1571 4683; baseline -0.003 -18"><span class='ocrx_word' id='word_1_268' title='bbox 396 4593 592 4665; x_wconf 65' lang='lat' dir='ltr'>inclamet</span> <span class='ocrx_word' id='word_1_269' title='bbox 615 4611 799 4683; x_wconf 82' lang='lat' dir='ltr'>accompa,</span> <span class='ocrx_word' id='word_1_270' title='bbox 825 4590 927 4683; x_wconf 80' lang='lat' dir='ltr'>idest,</span> <span class='ocrx_word' id='word_1_271' title='bbox 956 4610 1068 4683; x_wconf 89' lang='lat' dir='ltr'>quam</span> <span class='ocrx_word' id='word_1_272' title='bbox 1104 4586 1394 4663; x_wconf 87' lang='lat' dir='ltr'>mediolanenses</span> <span class='ocrx_word' id='word_1_273' title='bbox 1423 4594 1571 4682; x_wconf 86' lang='lat' dir='ltr'>portant</span> 
     </span>
     <span class='ocr_line' id='line_1_32' title="bbox 397 4707 1570 4807; baseline 0 -24"><span class='ocrx_word' id='word_1_274' title='bbox 397 4710 435 4783; x_wconf 91' lang='lat' dir='ltr'>iu</span> <span class='ocrx_word' id='word_1_275' title='bbox 460 4730 602 4807; x_wconf 87' lang='lat' dir='ltr'>campo,</span> <span class='ocrx_word' id='word_1_276' title='bbox 628 4711 715 4805; x_wconf 83' lang='lat' dir='ltr'>quia</span> <span class='ocrx_word' id='word_1_277' title='bbox 739 4709 924 4786; x_wconf 88' lang='lat' dir='ltr'>Galeatius</span> <span class='ocrx_word' id='word_1_278' title='bbox 953 4716 1034 4784; x_wconf 92' lang='lat' dir='ltr'>erat</span> <span class='ocrx_word' id='word_1_279' title='bbox 1060 4714 1148 4783; x_wconf 92' lang='lat' dir='ltr'>tuuc</span> <span class='ocrx_word' id='word_1_280' title='bbox 1172 4707 1344 4782; x_wconf 89' lang='lat' dir='ltr'>domiuus</span> <span class='ocrx_word' id='word_1_281' title='bbox 1367 4707 1570 4804; x_wconf 90' lang='lat' dir='ltr'>Mediolani,</span> 
     </span>
     <span class='ocr_line' id='line_1_33' title="bbox 397 4820 1570 4925; baseline -0.002 -22"><span class='ocrx_word' id='word_1_282' title='bbox 397 4850 470 4903; x_wconf 82' lang='lat' dir='ltr'>non</span> <span class='ocrx_word' id='word_1_283' title='bbox 494 4832 525 4901; x_wconf 85' lang='lat' dir='ltr'>lc</span> <span class='ocrx_word' id='word_1_284' title='bbox 551 4820 639 4922; x_wconf 77' lang='lat' dir='ltr'>sord</span> <span class='ocrx_word' id='word_1_285' title='bbox 671 4822 702 4903; x_wconf 79' lang='lat' dir='ltr'>si</span> <span class='ocrx_word' id='word_1_286' title='bbox 734 4831 825 4903; x_wconf 87' lang='lat' dir='ltr'>bello</span> <span class='ocrx_word' id='word_1_287' title='bbox 856 4832 1046 4923; x_wconf 78' lang='lat' dir='ltr'>sepultura,</span> <span class='ocrx_word' id='word_1_288' title='bbox 1073 4828 1164 4903; x_wconf 84' lang='lat' dir='ltr'>idest</span> <span class='ocrx_word' id='word_1_289' title='bbox 1195 4835 1272 4902; x_wconf 89' lang='lat' dir='ltr'>tarn</span> <span class='ocrx_word' id='word_1_290' title='bbox 1306 4828 1570 4925; x_wconf 86' lang='lat' dir='ltr'>honorabilem,</span> 
     </span>
    </p>
   </div>
   <div class='ocr_carea' id='block_1_3' title="bbox 460 5010 1400 5157">
    <p class='ocr_par' dir='ltr' id='par_1_3' title="bbox 460 5010 1400 5157">
     <span class='ocr_line' id='line_1_34' title="bbox 460 5010 1400 5077; baseline -0.01 -5"><span class='ocrx_word' id='word_1_291' title='bbox 460 5010 489 5074; x_wconf 79' lang='lat' dir='ltr'>l&#39;t</span> <span class='ocrx_word' id='word_1_292' title='bbox 506 5016 561 5073; x_wconf 82' lang='lat'>¹¹⁷,</span> <span class='ocrx_word' id='word_1_293' title='bbox 577 5025 605 5061; x_wconf 76' lang='lat' dir='ltr'>se</span> <span class='ocrx_word' id='word_1_294' title='bbox 621 5013 725 5077; x_wconf 56' lang='lat' dir='ltr'>diligis</span> <span class='ocrx_word' id='word_1_295' title='bbox 1148 5014 1222 5075; x_wconf 72' lang='lat' dir='ltr'>(au</span> <span class='ocrx_word' id='word_1_296' title='bbox 1238 5018 1338 5065; x_wconf 76' lang='lat' dir='ltr'>aetum</span> <span class='ocrx_word' id='word_1_297' title='bbox 1351 5017 1400 5065; x_wconf 73' lang='grc' dir='ltr'>αι.</span> 
     </span>
     <span class='ocr_line' id='line_1_35' title="bbox 462 5089 1373 5157; baseline 0.002 -19"><span class='ocrx_word' id='word_1_298' title='bbox 462 5090 489 5154; x_wconf 81' lang='grc'>(“)</span> <span class='ocrx_word' id='word_1_299' title='bbox 505 5089 536 5139; x_wconf 81' lang='grc' dir='ltr'>Ε.</span> <span class='ocrx_word' id='word_1_300' title='bbox 553 5090 666 5141; x_wconf 82' lang='lat' dir='ltr'>secundo</span> <span class='ocrx_word' id='word_1_301' title='bbox 683 5091 739 5144; x_wconf 83' lang='lat' dir='ltr'>rire</span> <span class='ocrx_word' id='word_1_302' title='bbox 755 5091 816 5157; x_wconf 78' lang='lat' dir='ltr'>qula</span> <span class='ocrx_word' id='word_1_303' title='bbox 831 5104 884 5141; x_wconf 89' lang='lat' dir='ltr'>non</span> <span class='ocrx_word' id='word_1_304' title='bbox 899 5092 950 5141; x_wconf 89' lang='lat' dir='ltr'>erit</span> <span class='ocrx_word' id='word_1_305' title='bbox 964 5091 1021 5141; x_wconf 83' lang='lat' dir='ltr'>sibi.</span> <span class='ocrx_word' id='word_1_306' title='bbox 1147 5090 1174 5154; x_wconf 60' lang='grc' dir='ltr'>ι’)</span> <span class='ocrx_word' id='word_1_307' title='bbox 1192 5095 1246 5153; x_wconf 84' lang='lat' dir='ltr'>lll,</span> <span class='ocrx_word' id='word_1_308' title='bbox 1262 5092 1373 5155; x_wconf 63' lang='lat' dir='ltr'>dmum.</span> 
     </span>
    </p>
   </div>
   <div class='ocr_carea' id='block_1_4' title="bbox 0 0 2293 6836">
    <p class='ocr_par' dir='ltr' id='par_1_4' title="bbox 0 0 2293 6836">
     <span class='ocr_line' id='line_1_36' title="bbox 0 0 2293 6836; baseline 0 0"><span class='ocrx_word' id='word_1_309' title='bbox 0 0 2293 6836; x_wconf 95' lang='lat' dir='ltr'> </span> 
     </span>
    </p>
   </div>
  </div>
 </body>
</html>
