4542 6842
719 991 857 1050 esurus
882 993 1038 1050 uncinus
1062 995 1208 1050 sexsus.
1395 970 1400 980 ‘
1473 985 1543 1054 111

375 1159 448 1214 nou
465 1159 597 1234 opere,
623 1159 669 1214 ex
697 1159 772 1232 quo
797 1141 964 1235 sequitur
989 1139 1204 1235 depravatio
1228 1142 1433 1217 bominum.
1451 1144 1544 1219 Dicit

375 1277 466 1354 ergo
490 1259 634 1334 Marcus
659 1259 721 1353 qui
747 1267 991 1336 consueverat
1016 1261 1053 1334 in
1085 1261 1160 1336 vita
1189 1262 1285 1338 bene
1314 1262 1409 1339 scire
1443 1285 1545 1338 mor·

374 1378 479 1453 dere:
506 1383 552 1453 Le
568 1383 660 1470 teupi
675 1401 776 1472 sono,
798 1381 892 1456 sicut
918 1401 1100 1478 mosayca,
1118 1382 1341 1478 evangelica,
1358 1384 1452 1460 sacri
1478 1406 1541 1462 ca·

374 1520 488 1575 nones
504 1495 553 1593 (¹),
580 1521 639 1574 mu
663 1503 718 1574 clti
738 1522 812 1593 poo
838 1523 943 1576 mono
961 1505 1011 1576 ud
1025 1508 1129 1576 esse?
1154 1502 1258 1596 idest,
1278 1504 1542 1598 operationem.

373 1621 418 1694 Et
441 1621 615 1696 continuo
647 1620 840 1717 respondet
874 1622 940 1696 sibi
972 1622 1037 1717 ipsi
1069 1621 1212 1696 dicens:
1242 1625 1358 1697 nullo:
1388 1631 1426 1700 et
1455 1643 1543 1700 ecce

373 1761 535 1836 causam,
556 1733 647 1834 pero
672 1744 770 1816 cte'l
786 1749 914 1836 postor
933 1745 993 1816 cle
1010 1745 1173 1836 precede,
1190 1741 1293 1837 idest,
1311 1743 1541 1838 apostolicus,

304 1943 307 1950 .
373 1859 436 1954 qui
461 1859 629 1955 praesidet
653 1861 780 1958 generi
807 1861 1014 1956 christiano,
1034 1867 1074 1936 ut
1095 1861 1203 1938 saciat
1219 1862 1316 1936 viam
1344 1863 1406 1958 illi,
1430 1866 1543 1936 rumi-

371 2000 442 2052 nor
468 1973 554 2072 pao,
580 1981 672 2056 idest
703 1981 817 2077 loqui,
848 2003 908 2056 mo
939 2004 1010 2056 non
1039 1985 1087 2056 llo
1118 1985 1142 2056 t
1154 1986 1280 2074 unplrie
1305 1986 1409 2078 sesso,
1438 1983 1542 2078 idest,

371 2100 632 2195 operationem.
660 2103 704 2176 Et
742 2103 788 2177 ad
814 2101 1085 2199 intelligendam
1123 2103 1231 2207 plene
1261 2104 1365 2178 istam
1397 2102 1540 2179 literam

371 2221 482 2296 debes
507 2221 612 2314 scire,
631 2222 742 2316 quod,
760 2222 854 2297 sicut
876 2222 1048 2297 scribitur
1064 2222 1102 2296 iu
1125 2221 1285 2297 Levitico
1305 2222 1464 2317 capitulo
1481 2223 1542 2317 lll,

371 2341 469 2416 Deus
493 2340 665 2435 praecepit
690 2343 826 2436 populo
852 2341 1086 2416 hebreorum
1102 2334 1140 2435 (²)
1167 2348 1209 2416 ut
1233 2342 1471 2417 comederent
1495 2341 1542 2418 de

370 2462 470 2535 omni
495 2461 643 2535 animali
670 2462 769 2556 quod
795 2462 1001 2538 ruminaret
1017 2468 1054 2537 et
1075 2463 1228 2538 baberet
1249 2464 1427 2559 ungulam
1450 2463 1542 2537 divi-

239 2619 240 2624 *
371 2603 468 2676 sam,
494 2582 541 2657 de
567 2602 611 2656 eo
636 2587 762 2657 autem
788 2582 888 2677 quod
905 2603 978 2658 non
1001 2583 1218 2677 ruminaret,
1235 2589 1273 2658 et
1290 2604 1362 2658 non
1389 2584 1542 2660 baberet

371 2700 548 2797 ungulam
574 2701 709 2796 lissam,
732 2723 805 2777 non
831 2703 1077 2796 comederent,
1095 2703 1160 2778 sed
1176 2703 1410 2777 immundum
1429 2723 1541 2798 repu-

256 2815 258 2818 ’
371 2829 511 2916 tarent3
537 2828 592 2897 est
615 2828 741 2898 autern
768 2823 973 2917 ruminare,
999 2823 1124 2898 cibum
1154 2843 1178 2896 a
1203 2824 1392 2898 stomacho
1421 2823 1469 2898 ad
1498 2843 1540 2896 os

370 2963 558 3018 revocare.
585 2941 690 3017 Modo
714 2942 761 3016 ad
786 2943 1013 3037 propositum
1040 2943 1118 3016 vult
1148 2942 1271 3019 dicere
1294 2950 1414 3035 autor,
1441 2941 1541 3036 quod

369 3070 493 3160 pastor
519 3061 719 3136 modernus
737 3062 832 3136 bene
849 3063 1023 3156 ruminat,
1045 3061 1130 3156 quia
1148 3062 1258 3138 babet
1278 3063 1314 3135 in
1334 3083 1402 3136 ore
1418 3062 1539 3158 legem

369 3184 446 3277 Dei,
473 3191 509 3258 et
534 3183 640 3278 plene
665 3182 820 3277 discutit,
847 3190 884 3258 et
909 3183 955 3258 de
981 3183 1034 3258 rei
1061 3183 1215 3258 veritate
1240 3182 1457 3277 Bonilacius,
1475 3182 1540 3276 qui

369 3309 457 3378 tuuc
483 3309 563 3377 erat
587 3321 693 3397 pape,
718 3303 813 3376 bene
841 3303 978 3378 sciebat
1005 3303 1105 3399 leges
1135 3309 1173 3376 et
1206 3308 1369 3376 sanctam
1384 3293 1422 3394 (³)
1449 3301 1541 3376 scri-

369 3432 528 3521 pturam,
547 3430 585 3499 et
604 3423 745 3519 scripsit
770 3423 805 3497 in
826 3425 914 3518 jure
939 3423 1125 3516 canonico,
1143 3423 1207 3498 sed
1233 3443 1306 3498 non
1331 3422 1449 3496 divisit
1474 3441 1541 3516 po-

369 3551 537 3620 testatem
565 3543 804 3638 temporalem
837 3563 860 3616 a
892 3543 1080 3638 spirituali,
1114 3543 1191 3617 imo
1220 3547 1424 3636 utrumque
1456 3541 1540 3616 olii-

368 3669 469 3744 cium
492 3667 655 3742 confudit
671 3666 709 3739 in
727 3662 1063 3740 unum—Perclte.
1081 3665 1146 3740 llic
1165 3665 1308 3740 Marcus
1326 3664 1473 3739 tandem
1491 3683 1537 3738 er

367 3788 563 3886 praemissis
585 3787 693 3862 inlert
709 3785 980 3861 conclusionem
999 3784 1244 3880 principaliter
1260 3785 1448 3878 intentam,
1467 3783 1538 3858 sci-

367 3911 462 4004 licet,
488 3907 587 4002 quod
613 3906 750 3981 melitio
776 3905 928 4001 pastoris
954 3911 1009 3980 est
1029 3904 1237 4000 principalis
1252 3925 1363 3979 causa
1384 3923 1538 3999 perver-

367 4029 477 4104 sionis
504 4025 641 4102 mundi.
668 4025 771 4099 Unde
795 4024 899 4100 dicit:
925 4021 1059 4100 Pcrctri
1081 4028 1118 4098 lo
1142 4032 1254 4116 pene,
1279 4024 1415 4098 scilicet
1439 4022 1539 4098 cbri-

219 4133 227 4152 '
366 4149 493 4240 stiana,
519 4148 579 4220 cte
612 4149 695 4220 ecda
723 4166 790 4220 suo
817 4147 940 4236 putdu,
971 4145 1073 4239 idest,
1104 4150 1301 4240 pastorem,
1329 4165 1402 4237 par
1429 4145 1537 4238 sedo,

366 4266 470 4360 idest,
495 4266 607 4340 lerire
636 4272 674 4340 et
704 4263 903 4359 intendere,
930 4286 954 4336 o
984 4268 1063 4357 puel
1090 4265 1167 4357 beo,
1197 4263 1368 4358 sensibili,
1393 4268 1538 4358 tempo·

367 4387 447 4482 rali,
471 4389 553 4460 ond'
566 4388 635 4460 ello
659 4379 680 4458 e*
701 4387 845 4477 pltiolto,
863 4385 965 4479 idest,
985 4385 1103 4480 avida,
1131 4385 1218 4479 quia
1238 4383 1401 4460 assuevit
1425 4382 1476 4456 illi
1500 4389 1538 4458 et

365 4508 543 4584 delectata
570 4513 625 4582 est
657 4506 705 4580 ab
736 4504 878 4601 origine
908 4504 1038 4600 prima,
1067 4510 1107 4579 ut
1131 4506 1212 4600 jam
1242 4503 1536 4578 demonstratum

366 4633 431 4722 est,
456 4631 495 4702 di
520 4632 599 4720 puel
621 4631 652 4701 si
673 4647 792 4720 posce,
817 4625 964 4719 scilicet,
983 4624 1044 4698 illo
1069 4625 1167 4700 bono
1183 4645 1310 4719 parvo,
1326 4631 1361 4696 et
1372 4619 1434 4716 ptri
1449 4627 1539 4698 oltre
1638 4615 1640 4619 ’

362 4769 436 4822 oon
460 4750 589 4839 olicae,
607 4746 754 4840 scilicet,
771 4743 913 4820 maiora
938 4745 1035 4820 bona
1060 4743 1271 4840 spiritualia.
1297 4743 1342 4816 bt
1366 4743 1425 4818 bic
1450 4750 1536 4819 nota

362 4867 462 4962 quod
486 4873 593 4961 poeta
620 4871 744 4942 noster
763 4867 865 4961 juste
888 4864 1129 4958 conqueritur
1154 4865 1202 4940 de
1231 4865 1330 4939 malo
1356 4863 1536 4960 regimine

424 5057 451 5118 (¹)
468 5055 499 5106 E.
515 5069 625 5106 canones
639 5061 667 5106 et
682 5054 843 5116 huiusmodi;
859 5067 904 5104 oto
919 5053 967 5102 obi.

426 5131 453 5196 l'l
471 5131 524 5193 117,
540 5131 672 5184 bebrnlco.
937 5127 964 5192 (b
981 5131 1036 5190 117,
1052 5141 1162 5180 sacram.
1216 5169 1227 5184 ,
