4542 6842
713 982 784 1051 342
1072 994 1276 1051 counnrmv
1300 996 1523 1053 nunnrronu

712 1140 920 1216 venientem
948 1138 1151 1214 fictionem:
1177 1138 1271 1216 sicut
1296 1141 1396 1217 enim
1422 1142 1459 1215 in
1484 1142 1626 1217 interno
1644 1144 1745 1239 ponit
1768 1166 1885 1243 ange·

711 1262 765 1335 los
791 1261 907 1335 malos
933 1259 1117 1334 ministros
1142 1280 1338 1356 poenarnm
1358 1262 1525 1360 volentes
1544 1262 1611 1336 sibi
1633 1264 1811 1360 impedire
1828 1266 1885 1341 in-

711 1382 862 1456 troitum
895 1380 1142 1475 circulorum3
1176 1381 1224 1456 ita
1258 1403 1356 1457 nnnc
1388 1389 1568 1457 econtra
1599 1384 1700 1479 ponit
1733 1388 1885 1483 angelos

712 1502 826 1576 bonos
853 1501 1035 1577 ministros
1059 1502 1265 1598 gratiarum
1283 1502 1477 1578 invitantes
1502 1503 1598 1599 ipsos
1623 1504 1670 1580 ad
1696 1508 1885 1604 purgatio-

711 1643 795 1698 nem
823 1623 1007 1697 vitiornm.
1034 1624 1078 1696 Et
1105 1622 1220 1720 tangit
1244 1633 1390 1719 tempus
1414 1624 1558 1699 dicens:
1588 1627 1668 1699 ordi
1697 1630 1757 1700 cle
1781 1630 1884 1701 ton-

710 1746 791 1818 oilto
814 1750 919 1835 sesto,
937 1743 1038 1837 idest,
1059 1744 1152 1817 bora
1178 1764 1262 1838 quae
1280 1744 1393 1819 servit
1409 1744 1492 1839 diei,
1519 1752 1625 1819 torno
1644 1750 1709 1821 dot
1730 1752 1883 1823 servizio

708 1865 767 1937 del
789 1855 849 1957 dl,·
875 1863 961 1957 quia
992 1863 1117 1937 iuncta
1147 1871 1202 1937 est
1235 1862 1357 1938 officio
1387 1886 1468 1959 suo,
1500 1866 1606 1959 quasi
1637 1867 1758 1942 dicat:
1792 1871 1882 1945 bora

710 1990 812 2058 sexta
848 1982 1017 2057 secundae
1048 1981 1119 2057 vilei
1157 1990 1342 2059 transacta
1354 1975 1394 2077 (⁴)
1426 1989 1464 2058 et
1496 1985 1650 2080 septima
1682 1988 1818 2084 incipit
1833 2030 1883 2045 -

709 2108 766 2178 nv.
793 2104 856 2177 llic
882 2109 989 2199 poeta
1018 2102 1174 2177 ostendit
1206 2104 1392 2198 quomodo
1418 2105 1590 2203 Virgilius
1614 2110 1831 2204 praeceperit
1843 2100 1881 2203 (¹)

709 2230 751 2298 ut
776 2224 852 2318 ipse
880 2230 1061 2318 praeparet
1094 2242 1134 2298 se
1167 2224 1215 2297 ad
1244 2224 1354 2321 digne
1384 2224 1634 2321 recipiendum
1666 2235 1743 2303 tam
1774 2229 1882 2305 nobi·

708 2344 781 2420 lem
808 2344 1004 2439 bospitem;
1031 2344 1129 2418 unde
1153 2344 1259 2418 dicit:
1285 2352 1323 2419 et
1348 2344 1407 2420 ille
1433 2345 1602 2443 Virgilius
1621 2344 1731 2422 dixit:
1758 2352 1806 2423 Di
1829 2352 1882 2422 η’-

709 2466 872 2537 verenzin
904 2466 931 2535 it
960 2466 1034 2537 uiso
1066 2484 1084 2535 e
1115 2465 1166 2554 pli
1190 2466 1253 2537 otti
1285 2464 1441 2555 adoran,
1467 2465 1570 2559 idest,
1596 2468 1881 2562 speculationem

707 2582 990 2658 intellectualem
1017 2588 1053 2656 ct
1079 2582 1261 2657 actionem
1282 2584 1433 2678 realem,
1451 2592 1493 2659 ut
1512 2595 1725 2661 reverenter
1749 2587 1883 2663 admit-

708 2710 762 2777 tas
787 2702 943 2800 gratiam
963 2701 1191 2794 venientem;
1209 2709 1247 2777 et
1265 2702 1381 2777 reddit
1397 2723 1567 2779 cansam:
1585 2699 1616 2779 sl
1635 2709 1695 2780 cte
1711 2709 1818 2782 ditettt
1834 2711 1883 2783 tui

705 2826 857 2898 inuinrot
880 2828 918 2897 in
941 2843 1037 2913 suso,
1055 2822 1191 2897 scilicet
1210 2823 1256 2896 ad
1273 2824 1478 2898 secundum
1505 2824 1686 2901 circulum
1713 2828 1882 2923 superio-

708 2966 787 3021 rem
820 2944 899 3018 isto.
936 2944 979 3017 Et
1016 2949 1056 3017 ut
1088 2943 1217 3018 reddat
1251 2944 1368 3039 ipsum
1407 2946 1670 3042 promptiorem
1706 2948 1881 3023 admonet

679 3066 826 3161 ipsum
852 3064 949 3139 circa
976 3063 1194 3138 brevitatem
1222 3065 1397 3159 temporis
1423 3065 1547 3139 utilius
1567 3066 1808 3162 dispensandi,
1825 3066 1880 3141 di-

704 3206 811 3261 cens:
835 3204 948 3279 pensa
972 3187 1032 3258 cle
1056 3192 1175 3276 questo
1198 3177 1234 3258 di
1259 3187 1333 3259 mni
1356 3206 1428 3257 non
1451 3187 1665 3278 rapptorno,
1697 3186 1788 3261 idest
1819 3206 1879 3261 re·

705 3305 868 3399 trocedit,
895 3305 1000 3380 euius
1021 3306 1098 3401 jam
1127 3303 1303 3380 medietas
1329 3304 1513 3379 transivit:
1546 3313 1628 3380 erat
1660 3305 1759 3380 enim
1776 3312 1879 3381 tunc
2013 3342 2019 3354 ·

704 3424 976 3520 aequinoctium.
1010 3425 1054 3497 Et
1084 3424 1205 3498 subdit
1236 3424 1422 3518 quomodo
1453 3424 1576 3500 statim
1606 3425 1767 3521 percepit
1798 3425 1878 3501 eius

704 3545 992 3642 persuasionem,
1014 3544 1156 3619 dicens:
1189 3548 1225 3617 to
1248 3565 1314 3618 cra
1338 3546 1403 3619 ben
1428 3547 1486 3618 del
1507 3566 1572 3619 sno
1597 3549 1775 3619 ommonir
1799 3566 1877 3637 mo,

703 3666 849 3761 scilieet,
873 3688 947 3760 pur
976 3668 1013 3740 di
1043 3686 1115 3738 non
1141 3667 1275 3758 perdor
1305 3672 1431 3758 tempo,
1464 3666 1551 3760 quia
1582 3666 1878 3760 frequentissime
1965 3732 1969 3736 .

704 3787 875 3883 Virgilius
901 3788 970 3862 boc
995 3786 1117 3861 lacere
1142 3786 1295 3880 solebat,
1321 3786 1416 3861 sicut
1450 3786 1579 3882 pulcre
1608 3793 1880 3862 ostensnmest

703 3928 799 4003 saepe
824 3908 861 3981 in
888 3905 1031 3981 interno
1056 3914 1094 3981 et
1115 3906 1349 4001 purgatori03
1368 3905 1450 3981 ideo
1467 3928 1541 3981 non
1558 3906 1877 4001 oportetamplius

703 4027 890 4123 replicare.
917 4026 1020 4101 Unde
1044 4026 1152 4101 dicit:
1178 4022 1208 4099 sl
1231 4028 1290 4099 otc
1306 4028 1342 4099 ’n
1366 4030 1483 4119 puello
1507 4030 1671 4118 mommo,
1690 4026 1877 4102 brevitatis

703 4148 890 4243 temporis,
905 4147 1054 4242 qnando
1070 4146 1159 4221 dixit
1170 4170 1179 4218 :
1192 4167 1319 4239 puoso,
1337 4167 1409 4219 non
1423 4150 1576 4240 poteumi
1587 4150 1720 4240 partor
1745 4150 1878 4239 obtuso,

702 4268 788 4362 qnia
814 4268 862 4342 ita
888 4267 983 4343 bene
1008 4266 1174 4361 placebat
1200 4265 1288 4339 mibi
1306 4265 1400 4341 siout
1417 4266 1495 4361 sibi,
1516 4288 1588 4341 non
1607 4267 1762 4363 perdere
1780 4276 1876 4342 tem·

701 4409 780 4483 pus.
807 4387 899 4462 Satis
925 4407 1016 4484 ergo
1041 4386 1180 4461 dietum
1207 4375 1288 4461 erat
1312 4386 1359 4461 de
1384 4386 1515 4462 infelici
1543 4386 1615 4463 line
1634 4388 1794 4463 aliorum
1811 4410 1876 4462 su·

700 4509 914 4604 perborum,
940 4508 1021 4589 ideo
1047 4514 1194 4601 tempus
1210 4512 1292 4580 erat
1314 4507 1512 4583 mundandi
1532 4508 1717 4603 propriam
1743 4529 1875 4604 super-

700 4631 810 4725 biam,
843 4636 880 4705 et
918 4649 1006 4704 ecce
1039 4628 1204 4703 modum.
1225 4635 1325 4703 -Α
1357 4631 1428 4701 not
1461 4628 1526 4704 llic
1561 4635 1667 4724 poeta
1704 4628 1875 4703 describit

699 4751 874 4847 angelum
901 4750 1109 4826 venientem
1137 4748 1184 4823 ad
1220 4748 1477 4844 purgationem
1507 4748 1587 4824 eius
1618 4757 1800 4843 quantum
1825 4751 1872 4825 ad

701 4870 877 4965 habitum,
904 4876 941 4943 et
966 4875 1145 4963 quantum
1172 4868 1219 4942 ad
1244 4874 1382 4961 actum,
1407 4868 1598 4943 dioens:A
1625 4873 1686 4943 noi
1708 4873 1811 4945 uenio
1835 4872 1875 4944 lu

762 5132 789 5196 (¹)
804 5132 830 5183 S.
845 5145 860 5182 e
876 5134 907 5185 E.
924 5138 963 5185 est
978 5138 1114 5185 transacta.
1366 5130 1394 5193 (s,
1408 5132 1436 5185 g.
1452 5134 1582 5197 pm
