4542 6842
703 963 773 1033 330
1062 979 1268 1037 conaurun
1292 983 1512 1037 rononroun

700 1123 759 1197 ttae
785 1124 870 1218 quia
897 1124 1062 1200 iniatuati
1089 1135 1186 1222 sunt,
1204 1135 1242 1203 et
1263 1134 1402 1224 septem
1430 1128 1512 1202 tiliae
1536 1148 1720 1222 percussae
1747 1138 1872 1205 sunta

582 1298 585 1303 .
700 1242 816 1318 Diana
833 1244 901 1319 dea
920 1246 1104 1341 castitatis,
1131 1248 1218 1341 quia
1239 1248 1343 1324 laotae
1363 1257 1450 1323 sunt
1468 1250 1691 1325 meretrices.
1710 1251 1754 1324 Et
1770 1257 1873 1326 certe

699 1362 805 1437 nimis
831 1364 1078 1440 intollerabilis
1104 1369 1356 1463 est'superbia
1383 1370 1554 1463 loeminae,
1572 1371 1630 1445 cui
1659 1378 1791 1445 natura
1808 1370 1874 1445 de·

697 1483 749 1559 dit
769 1485 917 1559 mollem
936 1506 1099 1582 carnem,
1118 1489 1258 1563 humile
1278 1489 1480 1585 ingenium,
1499 1490 1665 1587 frigidam
1684 1491 1872 1585 virtutem,

699 1624 792 1696 quas
818 1603 912 1678 intra
941 1607 1116 1681 terminos
1142 1609 1385 1703 verecundiae,
1411 1610 1593 1705 pudicitie
1620 1618 1657 1685 et
1683 1611 1872 1685 taciturni-

699 1724 782 1797 tatis
807 1724 912 1799 decet
937 1746 1017 1800 esse
1042 1735 1242 1802 contentas.
1269 1730 1323 1803 bd
1349 1729 1492 1804 literam
1526 1750 1629 1827 ergo,
1656 1730 1872 1826 dicit-poeta

697 1845 929 1941 indignanter
955 1849 1188 1923 exclamans:
1221 1852 1392 1941 Obltobe,
1409 1851 1560 1925 loemina
1587 1873 1692 1946 vana,
1719 1854 1871 1925 conclu

699 1968 795 2039 ecclei
810 1969 940 2040 dolenti
956 1972 1085 2041 vedeoe
1102 1974 1137 2042 io
1157 1977 1201 2061 te,
1220 1970 1307 2063 quia
1322 1964 1360 2063 (⁴)
1381 1970 1549 2046 indurata
1567 1978 1648 2045 erat
1673 1970 1709 2045 in
1726 1993 1871 2065 sanum,

698 2086 783 2179 quia
810 2086 944 2161 scilieet
970 2108 1036 2182 pro
1063 2089 1175 2163 nimio
1200 2090 1328 2164 dolore
1345 2090 1555 2183 impetravit
1572 2090 1681 2184 intus,
1711 2100 1871 2182 seponto,

697 2205 798 2301 idest,
827 2206 995 2303 figurata,
1029 2211 1066 2281 to
1091 2230 1132 2282 su
1158 2212 1194 2282 lu
1219 2213 1360 2300 strada,
1381 2212 1417 2282 in
1434 2201 1471 2301 (²)
1496 2210 1556 2284 illa
1582 2210 1653 2302 via,
1679 2208 1757 2285 sive
1789 2230 1872 2285 cor-

698 2326 790 2420 nice,
817 2334 875 2400 tro
899 2336 979 2401 selle
996 2350 1014 2400 e
1029 2336 1109 2402 sette
1126 2334 1199 2403 tuot
1215 2333 1364 2422 figliuoli
1382 2334 1506 2428 menti,
1527 2331 1629 2424 idest,
1649 2330 1868 2406 interlectos.

696 2448 740 2521 Et
767 2449 823 2522 bio
849 2454 947 2541 nota,
973 2450 1071 2542 quod
1098 2450 1192 2524 sicut
1217 2450 1340 2525 scribit
1365 2452 1406 2524 Α.
1424 2450 1561 2525 Gellius
1585 2452 1679 2525 libro
1699 2452 1867 2526 Noctium

697 2566 901 2642 Atticarum
932 2568 994 2641 tilii
1019 2570 1142 2643 Niobis
1175 2571 1273 2665 apud
1297 2572 1441 2665 aliquos
1472 2577 1597 2666 pectas
1628 2570 1779 2645 luerunt
1812 2591 1872 2645 se-

699 2694 798 2783 ptem
826 2689 977 2762 masculi
1004 2696 1040 2764 et
1071 2696 1211 2784 septem
1243 2690 1415 2783 loeminae,
1445 2690 1540 2766 sicut
1564 2690 1662 2786 apud
1686 2690 1870 2783 Ovidium,

700 2828 811 2901 quem
839 2808 1005 2902 sequitur
1031 2815 1139 2903 poeta
1165 2816 1308 2904 noster3
1333 2809 1432 2905 apud
1457 2810 1547 2885 alios
1572 2816 1761 2905 ponuntur
1791 2818 1871 2883 tan-

700 2936 779 3001 tum
805 2949 881 3021 sex,
908 2928 1001 3003 sicut
1027 2930 1123 3025 apud
1149 2930 1352 3005 Homerum
1379 2932 1427 3005 xl
1451 2931 1640 3027 Odysseae3
1657 2929 1755 3024 apud
1778 2931 1868 3004 alios

700 3055 861 3141 quatuor
886 3056 923 3123 et
949 3058 1128 3144 quatuor,
1154 3050 1252 3144 apud
1271 3050 1361 3125 alios
1387 3057 1462 3126 tres
1484 3058 1522 3125 et
1547 3057 1638 3125 tres:
1667 3049 1748 3124 ideo
1774 3050 1869 3125 iorte

697 3168 775 3242 baec
801 3168 898 3242 fictio
923 3169 1096 3264 importat
1119 3170 1219 3244 aliud
1245 3171 1489 3245 ministerium
1516 3189 1630 3266 quam
1652 3170 1789 3244 dictum
1811 3171 1868 3243 sit.

695 3292 792 3361 -0
816 3292 911 3362 Saul.
939 3289 1004 3363 llic
1029 3297 1137 3385 poeta
1160 3290 1331 3365 describit
1350 3291 1463 3366 alium
1480 3298 1606 3366 actum
1632 3297 1670 3365 et
1695 3290 1867 3365 effectum

694 3408 877 3504 superbiae
904 3410 1250 3507 magnificentissimi
1278 3412 1385 3509 regis.
1404 3411 1456 3486 bd
1475 3411 1574 3506 quod
1598 3418 1654 3485 est
1678 3411 1867 3485 sciendum

694 3530 792 3623 quod
812 3530 906 3604 sicut
922 3537 1041 3625 potest
1066 3532 1183 3628 colligi
1211 3552 1256 3607 ex
1278 3532 1373 3607 libro
1389 3534 1546 3629 Regum,
1564 3533 1622 3607 vel
1643 3532 1799 3627 losepbo
1820 3552 1867 3607 ex

693 3649 787 3724 libro
812 3649 1091 3745 Antiquitatum,
1117 3651 1205 3726 Saul
1232 3652 1299 3725 luit
1324 3654 1466 3749 primus
1497 3673 1563 3727 rex
1593 3654 1704 3727 lsrael
1730 3652 1868 3749 glorio-

692 3790 756 3844 sus
781 3770 886 3843 valde
903 3770 998 3845 inter
1016 3792 1123 3868 reges
1139 3772 1335 3847 orientales
1352 3774 1409 3847 sui
1428 3772 1613 3867 temporis,
1632 3792 1744 3868 quem
1764 3792 1868 3867 quae-

696 3897 837 3966 rentem
860 3890 979 3964 asinas
996 3892 1108 3987 patris
1125 3892 1284 3988 perditas
1301 3893 1399 3968 Deus
1416 3892 1514 3967 dedit
1530 3892 1567 3965 in
1584 3912 1714 3989 regem
1732 3894 1867 3987 populo

692 4012 939 4106 bebraeorum,
969 4019 1005 4085 et
1036 4012 1163 4108 inungi
1195 4012 1279 4089 iecit
1305 4034 1370 4108 per
1399 4014 1610 4088 Samuelem
1636 4012 1864 4109 prophetam.

691 4132 780 4207 Saul
806 4132 917 4229 igitur
944 4132 1011 4206 luit
1027 4133 1110 4207 altae
1127 4140 1290 4228 staturae,
1308 4134 1412 4208 sortis
1427 4154 1594 4228 corpore,
1614 4134 1741 4230 pulcer
1761 4134 1864 4227 lacie,

692 4254 777 4330 lelin
804 4253 969 4347 bellator,
988 4253 1050 4347 qui
1073 4255 1208 4328 multas
1233 4255 1403 4330 victorias
1424 4255 1581 4330 obtinuit
1600 4254 1647 4329 de
1663 4253 1787 4330 multis
1806 4275 1866 4329 re-

689 4373 797 4471 gibus
832 4379 870 4447 et
899 4373 1080 4469 gentibus,
1112 4380 1149 4449 et
1181 4395 1333 4471 magnas
1364 4375 1448 4450 lecit
1478 4374 1628 4470 praedas.
1656 4374 1797 4448 Ditatus
1829 4379 1867 4449 et

692 4494 873 4569 exaltatos
901 4493 1007 4567 nimis
1034 4493 1151 4568 tenuit
1177 4499 1315 4570 terram
1342 4516 1364 4568 a
1390 4495 1497 4568 litore
1521 4494 1665 4590 AEgypti
1684 4494 1866 4587 usquead

693 4614 778 4687 litus
805 4613 917 4687 maris
943 4614 1046 4687 rubri
1061 4604 1112 4708 (³),
1132 4614 1216 4689 lelin
1236 4616 1362 4709 pulcra
1381 4614 1482 4711 prole
1500 4614 1656 4687 liliorum
1668 4638 1679 4707 3
1691 4602 1760 4688 'sed
1778 4614 1865 4707 quia

691 4741 819 4808 contra
839 4741 1062 4829 praeceptum
1090 4734 1235 4809 Domini
1255 4741 1470 4809 servaverat
1485 4734 1588 4831 bgag
1609 4752 1736 4829 regem
1754 4733 1865 4807 Ama·

692 4854 911 4929 lacbitarum
939 4855 1077 4929 rictum
1098 4855 1239 4949 proelio,
1259 4855 1476 4951 reprobatus
1496 4875 1518 4929 a
1537 4852 1704 4945 Domino,
1726 4858 1866 4927 mutata

754 5043 781 5106 (¹)
798 5042 828 5091 E.
845 5044 904 5106 quia
921 5044 1090 5094 indurabatur
1106 5045 1132 5094 in
1149 5058 1247 5105 saxum,
1264 5045 1324 5109 quia
1340 5044 1439 5093 scilicet
1457 5055 1510 5105 prm
1527 5041 1616 5091 nimio.

755 5116 783 5181 (¹)
801 5121 855 5178 m,
873 5120 945 5179 idest,
962 5120 988 5169 in
1006 5119 1050 5169 illa
1066 5120 1115 5171 ria.
1355 5118 1382 5181 (⁸)
1399 5123 1453 5178 117,
1470 5118 1554 5167 rubei.
