<?xml version="1.0" encoding="UTF-8"?>
<!DOCTYPE html PUBLIC "-//W3C//DTD XHTML 1.0 Transitional//EN"
    "http://www.w3.org/TR/xhtml1/DTD/xhtml1-transitional.dtd">
<html xmlns="http://www.w3.org/1999/xhtml" xml:lang="en" lang="en">
 <head>
  <title>
</title>
<meta http-equiv="Content-Type" content="text/html;charset=utf-8" />
  <meta name='ocr-system' content='tesseract 3.04.00' />
  <meta name='ocr-capabilities' content='ocr_page ocr_carea ocr_par ocr_line ocrx_word'/>
</head>
<body>
  <div class='ocr_page' id='page_1' title='image "./comentumsuperda01unkngoog_0395.png"; bbox 0 0 4542 6842; ppageno 0'>
   <div class='ocr_carea' id='block_1_1' title="bbox 706 952 1545 1022">
    <p class='ocr_par' dir='ltr' id='par_1_1' title="bbox 706 952 1545 1022">
     <span class='ocr_line' id='line_1_1' title="bbox 706 952 1545 1022; baseline -0.005 -1"><span class='ocrx_word' id='word_1_1' title='bbox 706 968 845 1022; x_wconf 76' lang='lat' dir='ltr'><strong>caurus</strong></span> <span class='ocrx_word' id='word_1_2' title='bbox 870 966 1026 1021; x_wconf 79' lang='lat' dir='ltr'><strong>uncinus</strong></span> <span class='ocrx_word' id='word_1_3' title='bbox 1051 966 1214 1020; x_wconf 82' lang='lat' dir='ltr'><strong>ruamus.</strong></span> <span class='ocrx_word' id='word_1_4' title='bbox 1477 952 1545 1018; x_wconf 86' lang='lat'><strong>351</strong></span> 
     </span>
    </p>
   </div>
   <div class='ocr_carea' id='block_1_2' title="bbox 372 1110 1564 4567">
    <p class='ocr_par' dir='ltr' id='par_1_2' title="bbox 372 1110 1564 4567">
     <span class='ocr_line' id='line_1_2' title="bbox 375 1110 1548 1207; baseline -0.006 -19"><span class='ocrx_word' id='word_1_5' title='bbox 375 1114 472 1188; x_wconf 92' lang='lat' dir='ltr'><strong>unde</strong></span> <span class='ocrx_word' id='word_1_6' title='bbox 496 1112 599 1187; x_wconf 89' lang='lat' dir='ltr'><strong>dicit:</strong></span> <span class='ocrx_word' id='word_1_7' title='bbox 623 1114 651 1185; x_wconf 83' lang='lat' dir='ltr'><strong>il</strong></span> <span class='ocrx_word' id='word_1_8' title='bbox 671 1118 788 1204; x_wconf 82' lang='lat' dir='ltr'><strong>pocla,</strong></span> <span class='ocrx_word' id='word_1_9' title='bbox 806 1110 953 1205; x_wconf 89' lang='lat' dir='ltr'><strong>scilicet,</strong></span> <span class='ocrx_word' id='word_1_10' title='bbox 979 1132 1148 1207; x_wconf 89' lang='lat' dir='ltr'><strong>magnus,</strong></span> <span class='ocrx_word' id='word_1_11' title='bbox 1166 1112 1381 1202; x_wconf 82' lang='lat' dir='ltr'><strong>ropionooo,</strong></span> <span class='ocrx_word' id='word_1_12' title='bbox 1399 1129 1548 1184; x_wconf 91' lang='lat' dir='ltr'><strong>mecum</strong></span> 
     </span>
     <span class='ocr_line' id='line_1_3' title="bbox 372 1228 1548 1325; baseline -0.004 -18"><span class='ocrx_word' id='word_1_13' title='bbox 372 1234 431 1308; x_wconf 88' lang='lat' dir='ltr'><strong>vel</strong></span> <span class='ocrx_word' id='word_1_14' title='bbox 457 1253 609 1325; x_wconf 81' lang='lat' dir='ltr'><strong>secum3</strong></span> <span class='ocrx_word' id='word_1_15' title='bbox 634 1235 669 1304; x_wconf 85' lang='lat' dir='ltr'><strong>io</strong></span> <span class='ocrx_word' id='word_1_16' title='bbox 696 1238 783 1305; x_wconf 77' lang='lat' dir='ltr'><strong>temo</strong></span> <span class='ocrx_word' id='word_1_17' title='bbox 808 1233 868 1304; x_wconf 81' lang='lat' dir='ltr'><strong>cire</strong></span> <span class='ocrx_word' id='word_1_18' title='bbox 891 1238 1016 1305; x_wconf 74' lang='lat' dir='ltr'><strong>norbo</strong></span> <span class='ocrx_word' id='word_1_19' title='bbox 1041 1234 1154 1321; x_wconf 83' lang='lat' dir='ltr'><strong>cletta,</strong></span> <span class='ocrx_word' id='word_1_20' title='bbox 1181 1230 1284 1325; x_wconf 82' lang='lat' dir='ltr'><strong>idest,</strong></span> <span class='ocrx_word' id='word_1_21' title='bbox 1306 1230 1435 1305; x_wconf 77' lang='lat' dir='ltr'>electio</span> <span class='ocrx_word' id='word_1_22' title='bbox 1467 1228 1548 1323; x_wconf 77' lang='lat' dir='ltr'><strong>viae,</strong></span> 
     </span>
     <span class='ocr_line' id='line_1_4' title="bbox 372 1344 1549 1448; baseline -0.004 -22"><span class='ocrx_word' id='word_1_23' title='bbox 372 1344 465 1426; x_wconf 82' lang='lat' dir='ltr'><strong>cord</strong></span> <span class='ocrx_word' id='word_1_24' title='bbox 487 1357 585 1448; x_wconf 75' lang='lat' dir='ltr'><strong>forse</strong></span> <span class='ocrx_word' id='word_1_25' title='bbox 602 1360 727 1445; x_wconf 85' lang='lat' dir='ltr'><strong>troppo</strong></span> <span class='ocrx_word' id='word_1_26' title='bbox 744 1354 779 1425; x_wconf 90' lang='lat' dir='ltr'><strong>d&#39;</strong></span> <span class='ocrx_word' id='word_1_27' title='bbox 791 1354 948 1443; x_wconf 80' lang='lat' dir='ltr'><strong>indepto,</strong></span> <span class='ocrx_word' id='word_1_28' title='bbox 971 1358 1008 1426; x_wconf 89' lang='lat' dir='ltr'><strong>et</strong></span> <span class='ocrx_word' id='word_1_29' title='bbox 1026 1352 1077 1427; x_wconf 89' lang='lat' dir='ltr'><strong>sic</strong></span> <span class='ocrx_word' id='word_1_30' title='bbox 1096 1351 1249 1425; x_wconf 90' lang='lat' dir='ltr'><strong>timebat</strong></span> <span class='ocrx_word' id='word_1_31' title='bbox 1273 1350 1427 1446; x_wconf 82' lang='lat' dir='ltr'><strong>perdere</strong></span> <span class='ocrx_word' id='word_1_32' title='bbox 1454 1355 1549 1423; x_wconf 89' lang='lat' dir='ltr'><strong>tern-</strong></span> 
     </span>
     <span class='ocr_line' id='line_1_5' title="bbox 372 1470 1551 1570; baseline -0.005 -23"><span class='ocrx_word' id='word_1_33' title='bbox 372 1496 442 1570; x_wconf 95' lang='lat' dir='ltr'><strong>pus</strong></span> <span class='ocrx_word' id='word_1_34' title='bbox 479 1474 672 1565; x_wconf 82' lang='lat' dir='ltr'><strong>inutiliter,</strong></span> <span class='ocrx_word' id='word_1_35' title='bbox 710 1492 786 1567; x_wconf 91' lang='lat' dir='ltr'><strong>quo</strong></span> <span class='ocrx_word' id='word_1_36' title='bbox 824 1472 911 1546; x_wconf 92' lang='lat' dir='ltr'><strong>nibil</strong></span> <span class='ocrx_word' id='word_1_37' title='bbox 948 1480 1030 1547; x_wconf 89' lang='lat' dir='ltr'><strong>erat</strong></span> <span class='ocrx_word' id='word_1_38' title='bbox 1069 1471 1256 1546; x_wconf 91' lang='lat' dir='ltr'><strong>molestius</strong></span> <span class='ocrx_word' id='word_1_39' title='bbox 1294 1470 1379 1563; x_wconf 86' lang='lat' dir='ltr'><strong>sibi,</strong></span> <span class='ocrx_word' id='word_1_40' title='bbox 1416 1492 1454 1542; x_wconf 83' lang='lat' dir='ltr'><strong>se</strong></span> <span class='ocrx_word' id='word_1_41' title='bbox 1490 1473 1551 1563; x_wconf 81' lang='lat' dir='ltr'><strong>qui</strong></span> 
     </span>
     <span class='ocr_line' id='line_1_6' title="bbox 373 1591 1552 1688; baseline -0.004 -20"><span class='ocrx_word' id='word_1_42' title='bbox 373 1599 561 1688; x_wconf 82' lang='lat' dir='ltr'><strong>s’ospetta,</strong></span> <span class='ocrx_word' id='word_1_43' title='bbox 587 1594 720 1668; x_wconf 91' lang='lat' dir='ltr'><strong>scilicet</strong></span> <span class='ocrx_word' id='word_1_44' title='bbox 752 1614 775 1666; x_wconf 91' lang='lat' dir='ltr'><strong>a</strong></span> <span class='ocrx_word' id='word_1_45' title='bbox 811 1592 925 1686; x_wconf 87' lang='lat' dir='ltr'><strong>nobis,</strong></span> <span class='ocrx_word' id='word_1_46' title='bbox 951 1600 1049 1684; x_wconf 77' lang='lat' dir='ltr'><strong>pcata</strong></span> <span class='ocrx_word' id='word_1_47' title='bbox 1076 1613 1145 1685; x_wconf 83' lang='lat' dir='ltr'><strong>per</strong></span> <span class='ocrx_word' id='word_1_48' title='bbox 1176 1595 1384 1681; x_wconf 72' lang='lat' dir='ltr'><strong>einander,</strong></span> <span class='ocrx_word' id='word_1_49' title='bbox 1418 1591 1465 1665; x_wconf 94' lang='lat' dir='ltr'><strong>de</strong></span> <span class='ocrx_word' id='word_1_50' title='bbox 1494 1591 1552 1663; x_wconf 91' lang='lat' dir='ltr'><strong>iti-</strong></span> 
     </span>
     <span class='ocr_line' id='line_1_7' title="bbox 375 1711 1550 1808; baseline -0.003 -19"><span class='ocrx_word' id='word_1_51' title='bbox 375 1736 474 1791; x_wconf 92' lang='lat' dir='ltr'><strong>nere.</strong></span> <span class='ocrx_word' id='word_1_52' title='bbox 502 1714 628 1801; x_wconf 83' lang='lat' dir='ltr'><strong>Etbic</strong></span> <span class='ocrx_word' id='word_1_53' title='bbox 654 1721 740 1788; x_wconf 89' lang='lat' dir='ltr'><strong>nota</strong></span> <span class='ocrx_word' id='word_1_54' title='bbox 765 1712 864 1808; x_wconf 89' lang='lat' dir='ltr'><strong>quod</strong></span> <span class='ocrx_word' id='word_1_55' title='bbox 890 1719 997 1808; x_wconf 90' lang='lat' dir='ltr'><strong>poeta</strong></span> <span class='ocrx_word' id='word_1_56' title='bbox 1023 1733 1090 1808; x_wconf 91' lang='lat' dir='ltr'><strong>pro</strong></span> <span class='ocrx_word' id='word_1_57' title='bbox 1117 1717 1218 1785; x_wconf 89' lang='lat' dir='ltr'><strong>tanto</strong></span> <span class='ocrx_word' id='word_1_58' title='bbox 1243 1712 1313 1786; x_wconf 87' lang='lat' dir='ltr'><strong>boc</strong></span> <span class='ocrx_word' id='word_1_59' title='bbox 1338 1711 1435 1804; x_wconf 90' lang='lat' dir='ltr'><strong>dicit,</strong></span> <span class='ocrx_word' id='word_1_60' title='bbox 1463 1712 1550 1806; x_wconf 89' lang='lat' dir='ltr'><strong>quia</strong></span> 
     </span>
     <span class='ocr_line' id='line_1_8' title="bbox 376 1829 1550 1929; baseline -0.005 -20"><span class='ocrx_word' id='word_1_61' title='bbox 376 1835 484 1909; x_wconf 89' lang='lat' dir='ltr'><strong>invidi</strong></span> <span class='ocrx_word' id='word_1_62' title='bbox 511 1834 574 1929; x_wconf 91' lang='lat' dir='ltr'><strong>qui</strong></span> <span class='ocrx_word' id='word_1_63' title='bbox 599 1832 802 1929; x_wconf 93' lang='lat' dir='ltr'><strong>puniuntur</strong></span> <span class='ocrx_word' id='word_1_64' title='bbox 827 1832 865 1904; x_wconf 94' lang='lat' dir='ltr'><strong>in</strong></span> <span class='ocrx_word' id='word_1_65' title='bbox 890 1832 960 1906; x_wconf 93' lang='lat' dir='ltr'><strong>isto</strong></span> <span class='ocrx_word' id='word_1_66' title='bbox 985 1831 1123 1907; x_wconf 87' lang='lat' dir='ltr'><strong>circuio</strong></span> <span class='ocrx_word' id='word_1_67' title='bbox 1150 1838 1257 1905; x_wconf 91' lang='lat' dir='ltr'><strong>erant</strong></span> <span class='ocrx_word' id='word_1_68' title='bbox 1275 1832 1435 1905; x_wconf 91' lang='lat' dir='ltr'><strong>multum</strong></span> <span class='ocrx_word' id='word_1_69' title='bbox 1453 1829 1550 1903; x_wconf 92' lang='lat' dir='ltr'><strong>intra</strong></span> 
     </span>
     <span class='ocr_line' id='line_1_9' title="bbox 376 1949 1550 2048; baseline -0.004 -19"><span class='ocrx_word' id='word_1_70' title='bbox 376 1954 473 2029; x_wconf 90' lang='lat' dir='ltr'><strong>viam</strong></span> <span class='ocrx_word' id='word_1_71' title='bbox 505 1954 614 2048; x_wconf 88' lang='lat' dir='ltr'><strong>longe</strong></span> <span class='ocrx_word' id='word_1_72' title='bbox 644 1953 693 2027; x_wconf 90' lang='lat' dir='ltr'><strong>ab</strong></span> <span class='ocrx_word' id='word_1_73' title='bbox 723 1951 792 2025; x_wconf 88' lang='lat' dir='ltr'><strong>isto</strong></span> <span class='ocrx_word' id='word_1_74' title='bbox 823 1950 922 2026; x_wconf 93' lang='lat' dir='ltr'><strong>initio</strong></span> <span class='ocrx_word' id='word_1_75' title='bbox 949 1958 986 2027; x_wconf 91' lang='lat' dir='ltr'><strong>et</strong></span> <span class='ocrx_word' id='word_1_76' title='bbox 1011 1950 1162 2025; x_wconf 86' lang='lat' dir='ltr'><strong>introitu</strong></span> <span class='ocrx_word' id='word_1_77' title='bbox 1191 1971 1258 2046; x_wconf 92' lang='lat' dir='ltr'><strong>per</strong></span> <span class='ocrx_word' id='word_1_78' title='bbox 1288 1949 1456 2045; x_wconf 83' lang='lat' dir='ltr'><strong>milliare,</strong></span> <span class='ocrx_word' id='word_1_79' title='bbox 1481 1969 1550 2024; x_wconf 90' lang='lat' dir='ltr'><strong>nec</strong></span> 
     </span>
     <span class='ocr_line' id='line_1_10' title="bbox 376 2071 1551 2167; baseline -0.005 -18"><span class='ocrx_word' id='word_1_80' title='bbox 376 2074 477 2149; x_wconf 89' lang='lat' dir='ltr'><strong>ibant</strong></span> <span class='ocrx_word' id='word_1_81' title='bbox 508 2073 682 2148; x_wconf 87' lang='lat' dir='ltr'><strong>velociter</strong></span> <span class='ocrx_word' id='word_1_82' title='bbox 713 2073 772 2148; x_wconf 86' lang='lat' dir='ltr'><strong>rel</strong></span> <span class='ocrx_word' id='word_1_83' title='bbox 806 2073 915 2167; x_wconf 84' lang='lat' dir='ltr'><strong>lente,</strong></span> <span class='ocrx_word' id='word_1_84' title='bbox 948 2072 1043 2146; x_wconf 92' lang='lat' dir='ltr'><strong>sicut</strong></span> <span class='ocrx_word' id='word_1_85' title='bbox 1073 2072 1221 2167; x_wconf 83' lang='lat' dir='ltr'><strong>superbi</strong></span> <span class='ocrx_word' id='word_1_86' title='bbox 1253 2071 1316 2166; x_wconf 91' lang='lat' dir='ltr'><strong>qui</strong></span> <span class='ocrx_word' id='word_1_87' title='bbox 1348 2072 1551 2147; x_wconf 84' lang='lat' dir='ltr'><strong>docuerant</strong></span> 
     </span>
     <span class='ocr_line' id='line_1_11' title="bbox 378 2177 1553 2289; baseline -0.003 -20"><span class='ocrx_word' id='word_1_88' title='bbox 378 2214 442 2269; x_wconf 92' lang='lat' dir='ltr'><strong>eos</strong></span> <span class='ocrx_word' id='word_1_89' title='bbox 459 2194 616 2289; x_wconf 86' lang='lat' dir='ltr'><strong>primam</strong></span> <span class='ocrx_word' id='word_1_90' title='bbox 635 2191 745 2286; x_wconf 86' lang='lat' dir='ltr'><strong>riam,</strong></span> <span class='ocrx_word' id='word_1_91' title='bbox 763 2199 800 2267; x_wconf 92' lang='lat' dir='ltr'><strong>et</strong></span> <span class='ocrx_word' id='word_1_92' title='bbox 818 2192 1000 2267; x_wconf 89' lang='lat' dir='ltr'><strong>habebant</strong></span> <span class='ocrx_word' id='word_1_93' title='bbox 1016 2193 1144 2267; x_wconf 90' lang='lat' dir='ltr'><strong>oculos</strong></span> <span class='ocrx_word' id='word_1_94' title='bbox 1163 2192 1316 2267; x_wconf 90' lang='lat' dir='ltr'><strong>clausos.</strong></span> <span class='ocrx_word' id='word_1_95' title='bbox 1331 2232 1381 2245; x_wconf 92' lang='lat'><em>-</em></span> <span class='ocrx_word' id='word_1_96' title='bbox 1393 2177 1468 2266; x_wconf 80' lang='lat' dir='ltr'><strong>Pol.</strong></span> <span class='ocrx_word' id='word_1_97' title='bbox 1488 2191 1553 2265; x_wconf 89' lang='lat' dir='ltr'><strong>Hic</strong></span> 
     </span>
     <span class='ocr_line' id='line_1_12' title="bbox 378 2312 1553 2411; baseline -0.002 -22"><span class='ocrx_word' id='word_1_98' title='bbox 378 2322 482 2411; x_wconf 91' lang='lat' dir='ltr'><strong>poeta</strong></span> <span class='ocrx_word' id='word_1_99' title='bbox 509 2312 664 2387; x_wconf 88' lang='lat' dir='ltr'><strong>ostendit</strong></span> <span class='ocrx_word' id='word_1_100' title='bbox 691 2312 877 2407; x_wconf 92' lang='lat' dir='ltr'><strong>quomodo</strong></span> <span class='ocrx_word' id='word_1_101' title='bbox 903 2312 1073 2407; x_wconf 85' lang='lat' dir='ltr'><strong>Virgilius</strong></span> <span class='ocrx_word' id='word_1_102' title='bbox 1103 2334 1177 2387; x_wconf 93' lang='lat' dir='ltr'><strong>non</strong></span> <span class='ocrx_word' id='word_1_103' title='bbox 1210 2314 1335 2387; x_wconf 87' lang='lat' dir='ltr'><strong>valens</strong></span> <span class='ocrx_word' id='word_1_104' title='bbox 1366 2312 1414 2386; x_wconf 96' lang='lat' dir='ltr'><strong>ibi</strong></span> <span class='ocrx_word' id='word_1_105' title='bbox 1446 2332 1553 2407; x_wconf 90' lang='lat' dir='ltr'><strong>repe·</strong></span> 
     </span>
     <span class='ocr_line' id='line_1_13' title="bbox 379 2432 1552 2527; baseline -0.002 -19"><span class='ocrx_word' id='word_1_106' title='bbox 379 2434 453 2509; x_wconf 91' lang='lat' dir='ltr'><strong>rire</strong></span> <span class='ocrx_word' id='word_1_107' title='bbox 479 2432 668 2508; x_wconf 93' lang='lat' dir='ltr'><strong>consilium</strong></span> <span class='ocrx_word' id='word_1_108' title='bbox 695 2433 899 2505; x_wconf 91' lang='lat' dir='ltr'><strong>humanum</strong></span> <span class='ocrx_word' id='word_1_109' title='bbox 928 2432 1086 2506; x_wconf 84' lang='lat' dir='ltr'><strong>recurrit</strong></span> <span class='ocrx_word' id='word_1_110' title='bbox 1110 2432 1156 2506; x_wconf 94' lang='lat' dir='ltr'><strong>ad</strong></span> <span class='ocrx_word' id='word_1_111' title='bbox 1176 2433 1356 2507; x_wconf 84' lang='lat' dir='ltr'><strong>auxilium</strong></span> <span class='ocrx_word' id='word_1_112' title='bbox 1373 2433 1552 2527; x_wconf 90' lang='lat' dir='ltr'><strong>divinum,</strong></span> 
     </span>
     <span class='ocr_line' id='line_1_14' title="bbox 381 2550 1554 2649; baseline -0.002 -22"><span class='ocrx_word' id='word_1_113' title='bbox 381 2575 456 2649; x_wconf 91' lang='lat' dir='ltr'><strong>quo</strong></span> <span class='ocrx_word' id='word_1_114' title='bbox 473 2552 694 2649; x_wconf 84' lang='lat' dir='ltr'><strong>dirigeretur</strong></span> <span class='ocrx_word' id='word_1_115' title='bbox 711 2552 748 2626; x_wconf 95' lang='lat' dir='ltr'><strong>in</strong></span> <span class='ocrx_word' id='word_1_116' title='bbox 766 2550 864 2625; x_wconf 88' lang='lat' dir='ltr'><strong>viam</strong></span> <span class='ocrx_word' id='word_1_117' title='bbox 883 2559 1022 2626; x_wconf 88' lang='lat' dir='ltr'><strong>rectam</strong></span> <span class='ocrx_word' id='word_1_118' title='bbox 1048 2551 1094 2627; x_wconf 87' lang='lat' dir='ltr'><strong>ad</strong></span> <span class='ocrx_word' id='word_1_119' title='bbox 1121 2551 1409 2648; x_wconf 87' lang='lat' dir='ltr'><strong>investigandam</strong></span> <span class='ocrx_word' id='word_1_120' title='bbox 1428 2553 1554 2627; x_wconf 91' lang='lat' dir='ltr'><strong>occul-</strong></span> 
     </span>
     <span class='ocr_line' id='line_1_15' title="bbox 381 2670 1555 2769; baseline -0.002 -22"><span class='ocrx_word' id='word_1_121' title='bbox 381 2680 456 2747; x_wconf 87' lang='lat' dir='ltr'><strong>tam</strong></span> <span class='ocrx_word' id='word_1_122' title='bbox 493 2671 685 2746; x_wconf 90' lang='lat' dir='ltr'><strong>materiam</strong></span> <span class='ocrx_word' id='word_1_123' title='bbox 717 2670 945 2765; x_wconf 89' lang='lat' dir='ltr'><strong>invidorum;</strong></span> <span class='ocrx_word' id='word_1_124' title='bbox 972 2671 1069 2745; x_wconf 89' lang='lat' dir='ltr'><strong>unde</strong></span> <span class='ocrx_word' id='word_1_125' title='bbox 1094 2671 1202 2745; x_wconf 91' lang='lat' dir='ltr'><strong>dicit:</strong></span> <span class='ocrx_word' id='word_1_126' title='bbox 1229 2678 1266 2746; x_wconf 85' lang='lat' dir='ltr'><strong>et</strong></span> <span class='ocrx_word' id='word_1_127' title='bbox 1295 2672 1355 2747; x_wconf 93' lang='lat' dir='ltr'><strong>ille</strong></span> <span class='ocrx_word' id='word_1_128' title='bbox 1384 2672 1555 2769; x_wconf 83' lang='lat' dir='ltr'><strong>Virgilius</strong></span> 
     </span>
     <span class='ocr_line' id='line_1_16' title="bbox 379 2790 1558 2886; baseline 0 -20"><span class='ocrx_word' id='word_1_129' title='bbox 379 2796 442 2886; x_wconf 91' lang='lat' dir='ltr'><strong>poi</strong></span> <span class='ocrx_word' id='word_1_130' title='bbox 461 2813 569 2886; x_wconf 84' lang='lat' dir='ltr'><strong>porse</strong></span> <span class='ocrx_word' id='word_1_131' title='bbox 597 2795 648 2883; x_wconf 82' lang='lat' dir='ltr'><strong>pli</strong></span> <span class='ocrx_word' id='word_1_132' title='bbox 681 2794 789 2883; x_wconf 82' lang='lat' dir='ltr'><strong>occdi,</strong></span> <span class='ocrx_word' id='word_1_133' title='bbox 815 2790 960 2885; x_wconf 89' lang='lat' dir='ltr'><strong>scilicet,</strong></span> <span class='ocrx_word' id='word_1_134' title='bbox 992 2790 1265 2886; x_wconf 79' lang='lat' dir='ltr'><strong>intellectuales,</strong></span> <span class='ocrx_word' id='word_1_135' title='bbox 1292 2795 1489 2885; x_wconf 80' lang='lat' dir='ltr'><strong>fissomcnte</strong></span> <span class='ocrx_word' id='word_1_136' title='bbox 1519 2797 1558 2866; x_wconf 88' lang='lat' dir='ltr'><strong>al</strong></span> 
     </span>
     <span class='ocr_line' id='line_1_17' title="bbox 382 2911 1555 3009; baseline 0.002 -23"><span class='ocrx_word' id='word_1_137' title='bbox 382 2915 467 3004; x_wconf 88' lang='lat' dir='ltr'><strong>sole,</strong></span> <span class='ocrx_word' id='word_1_138' title='bbox 493 2919 535 2985; x_wconf 89' lang='lat' dir='ltr'><strong>ut</strong></span> <span class='ocrx_word' id='word_1_139' title='bbox 559 2918 707 2986; x_wconf 89' lang='lat' dir='ltr'><strong>oraret:</strong></span> <span class='ocrx_word' id='word_1_140' title='bbox 740 2917 777 2986; x_wconf 89' lang='lat' dir='ltr'><strong>et</strong></span> <span class='ocrx_word' id='word_1_141' title='bbox 808 2911 967 3009; x_wconf 88' lang='lat' dir='ltr'><strong>intellige</strong></span> <span class='ocrx_word' id='word_1_142' title='bbox 998 2912 1044 2985; x_wconf 88' lang='lat' dir='ltr'><strong>ad</strong></span> <span class='ocrx_word' id='word_1_143' title='bbox 1079 2911 1195 2986; x_wconf 91' lang='lat' dir='ltr'><strong>solem</strong></span> <span class='ocrx_word' id='word_1_144' title='bbox 1219 2912 1370 3007; x_wconf 86' lang='lat' dir='ltr'><strong>justitiae</strong></span> <span class='ocrx_word' id='word_1_145' title='bbox 1404 2912 1467 3006; x_wconf 86' lang='lat' dir='ltr'><strong>qui</strong></span> <span class='ocrx_word' id='word_1_146' title='bbox 1499 2919 1555 2988; x_wconf 91' lang='lat' dir='ltr'><strong>est</strong></span> 
     </span>
     <span class='ocr_line' id='line_1_18' title="bbox 383 3032 1556 3127; baseline -0.002 -20"><span class='ocrx_word' id='word_1_147' title='bbox 383 3035 505 3127; x_wconf 82' lang='lat' dir='ltr'><strong>Deus3</strong></span> <span class='ocrx_word' id='word_1_148' title='bbox 532 3037 569 3108; x_wconf 90' lang='lat' dir='ltr'><strong>et</strong></span> <span class='ocrx_word' id='word_1_149' title='bbox 594 3052 680 3107; x_wconf 91' lang='lat' dir='ltr'><strong>ecce</strong></span> <span class='ocrx_word' id='word_1_150' title='bbox 705 3032 892 3127; x_wconf 90' lang='lat' dir='ltr'><strong>quomodo</strong></span> <span class='ocrx_word' id='word_1_151' title='bbox 918 3032 1031 3105; x_wconf 89' lang='lat' dir='ltr'><strong>volvit</strong></span> <span class='ocrx_word' id='word_1_152' title='bbox 1046 3052 1103 3107; x_wconf 88' lang='lat' dir='ltr'><strong>se:</strong></span> <span class='ocrx_word' id='word_1_153' title='bbox 1119 3036 1194 3127; x_wconf 78' lang='lat' dir='ltr'><strong>[ccc</strong></span> <span class='ocrx_word' id='word_1_154' title='bbox 1212 3041 1331 3105; x_wconf 71' lang='lat' dir='ltr'><strong>condo</strong></span> <span class='ocrx_word' id='word_1_155' title='bbox 1357 3036 1414 3106; x_wconf 85' lang='lat' dir='ltr'><strong>del</strong></span> <span class='ocrx_word' id='word_1_156' title='bbox 1437 3036 1556 3107; x_wconf 73' lang='lat' dir='ltr'><strong>desim</strong></span> 
     </span>
     <span class='ocr_line' id='line_1_19' title="bbox 384 3143 1557 3248; baseline 0.001 -22"><span class='ocrx_word' id='word_1_157' title='bbox 384 3157 457 3227; x_wconf 85' lang='lat' dir='ltr'><strong>lato</strong></span> <span class='ocrx_word' id='word_1_158' title='bbox 471 3156 509 3225; x_wconf 84' lang='lat' dir='ltr'><strong>ol</strong></span> <span class='ocrx_word' id='word_1_159' title='bbox 521 3173 660 3245; x_wconf 59' lang='lat' dir='ltr'><strong>amnem·</strong></span> <span class='ocrx_word' id='word_1_160' title='bbox 678 3153 757 3225; x_wconf 89' lang='lat' dir='ltr'><strong>vult</strong></span> <span class='ocrx_word' id='word_1_161' title='bbox 777 3151 911 3245; x_wconf 88' lang='lat' dir='ltr'><strong>dicere,</strong></span> <span class='ocrx_word' id='word_1_162' title='bbox 932 3152 1030 3245; x_wconf 88' lang='lat' dir='ltr'><strong>quod</strong></span> <span class='ocrx_word' id='word_1_163' title='bbox 1049 3151 1112 3226; x_wconf 94' lang='lat' dir='ltr'><strong>ubi</strong></span> <span class='ocrx_word' id='word_1_164' title='bbox 1132 3153 1252 3248; x_wconf 90' lang='lat' dir='ltr'><strong>primo</strong></span> <span class='ocrx_word' id='word_1_165' title='bbox 1273 3143 1346 3227; x_wconf 81' lang='lat' dir='ltr'><strong>iba&#39;t</strong></span> <span class='ocrx_word' id='word_1_166' title='bbox 1366 3154 1411 3227; x_wconf 91' lang='lat' dir='ltr'><strong>ad</strong></span> <span class='ocrx_word' id='word_1_167' title='bbox 1429 3154 1557 3227; x_wconf 83' lang='lat' dir='ltr'><strong>dexte·</strong></span> 
     </span>
     <span class='ocr_line' id='line_1_20' title="bbox 385 3272 1558 3368; baseline 0 -21"><span class='ocrx_word' id='word_1_168' title='bbox 385 3294 464 3347; x_wconf 91' lang='lat' dir='ltr'><strong>ram</strong></span> <span class='ocrx_word' id='word_1_169' title='bbox 492 3272 624 3347; x_wconf 92' lang='lat' dir='ltr'><strong>montis</strong></span> <span class='ocrx_word' id='word_1_170' title='bbox 650 3272 806 3347; x_wconf 81' lang='lat' dir='ltr'><strong>revolvit</strong></span> <span class='ocrx_word' id='word_1_171' title='bbox 830 3291 871 3346; x_wconf 91' lang='lat' dir='ltr'><strong>se</strong></span> <span class='ocrx_word' id='word_1_172' title='bbox 896 3272 1124 3347; x_wconf 86' lang='lat' dir='ltr'><strong>circulariter</strong></span> <span class='ocrx_word' id='word_1_173' title='bbox 1157 3293 1268 3368; x_wconf 92' lang='lat' dir='ltr'><strong>super</strong></span> <span class='ocrx_word' id='word_1_174' title='bbox 1302 3272 1395 3367; x_wconf 90' lang='lat' dir='ltr'><strong>pede</strong></span> <span class='ocrx_word' id='word_1_175' title='bbox 1426 3273 1558 3347; x_wconf 82' lang='lat' dir='ltr'><strong>dextro</strong></span> 
     </span>
     <span class='ocr_line' id='line_1_21' title="bbox 383 3392 1559 3485; baseline -0.003 -18"><span class='ocrx_word' id='word_1_176' title='bbox 383 3392 429 3467; x_wconf 89' lang='lat' dir='ltr'><strong>ad</strong></span> <span class='ocrx_word' id='word_1_177' title='bbox 455 3392 638 3467; x_wconf 92' lang='lat' dir='ltr'><strong>sinistram</strong></span> <span class='ocrx_word' id='word_1_178' title='bbox 665 3412 795 3467; x_wconf 90' lang='lat' dir='ltr'><strong>versus</strong></span> <span class='ocrx_word' id='word_1_179' title='bbox 820 3392 1022 3485; x_wconf 90' lang='lat' dir='ltr'><strong>orientem;</strong></span> <span class='ocrx_word' id='word_1_180' title='bbox 1054 3392 1153 3466; x_wconf 92' lang='lat' dir='ltr'><strong>unde</strong></span> <span class='ocrx_word' id='word_1_181' title='bbox 1177 3392 1281 3465; x_wconf 91' lang='lat' dir='ltr'><strong>dicit:</strong></span> <span class='ocrx_word' id='word_1_182' title='bbox 1308 3414 1328 3465; x_wconf 84' lang='lat' dir='ltr'><strong>e</strong></span> <span class='ocrx_word' id='word_1_183' title='bbox 1352 3396 1388 3466; x_wconf 87' lang='lat' dir='ltr'><strong>lo</strong></span> <span class='ocrx_word' id='word_1_184' title='bbox 1412 3394 1559 3466; x_wconf 69' lang='lat' dir='ltr'><strong>stabim</strong></span> 
     </span>
     <span class='ocr_line' id='line_1_22' title="bbox 379 3494 1558 3608; baseline 0.002 -23"><span class='ocrx_word' id='word_1_185' title='bbox 379 3520 485 3607; x_wconf 85' lang='lat' dir='ltr'><strong>parte</strong></span> <span class='ocrx_word' id='word_1_186' title='bbox 516 3494 623 3587; x_wconf 65' lang='lat' dir='ltr'><strong>dise*</strong></span> <span class='ocrx_word' id='word_1_187' title='bbox 658 3520 763 3603; x_wconf 83' lang='lat' dir='ltr'><strong>torre,</strong></span> <span class='ocrx_word' id='word_1_188' title='bbox 800 3512 898 3587; x_wconf 91' lang='lat' dir='ltr'><strong>circa</strong></span> <span class='ocrx_word' id='word_1_189' title='bbox 933 3511 1021 3586; x_wconf 93' lang='lat' dir='ltr'><strong>illud</strong></span> <span class='ocrx_word' id='word_1_190' title='bbox 1052 3517 1223 3587; x_wconf 86' lang='lat' dir='ltr'><strong>centrum</strong></span> <span class='ocrx_word' id='word_1_191' title='bbox 1263 3513 1438 3607; x_wconf 76' lang='lat' dir='ltr'><strong>dexterae,</strong></span> <span class='ocrx_word' id='word_1_192' title='bbox 1474 3514 1558 3608; x_wconf 92' lang='lat' dir='ltr'><strong>quia</strong></span> 
     </span>
     <span class='ocr_line' id='line_1_23' title="bbox 384 3631 1560 3727; baseline 0.001 -21"><span class='ocrx_word' id='word_1_193' title='bbox 384 3633 530 3727; x_wconf 88' lang='lat' dir='ltr'><strong>scilicet,</strong></span> <span class='ocrx_word' id='word_1_194' title='bbox 557 3652 643 3706; x_wconf 91' lang='lat' dir='ltr'><strong>curn</strong></span> <span class='ocrx_word' id='word_1_195' title='bbox 670 3632 816 3705; x_wconf 92' lang='lat' dir='ltr'><strong>sinistro</strong></span> <span class='ocrx_word' id='word_1_196' title='bbox 840 3632 944 3727; x_wconf 87' lang='lat' dir='ltr'><strong>pede,</strong></span> <span class='ocrx_word' id='word_1_197' title='bbox 971 3631 1152 3706; x_wconf 86' lang='lat' dir='ltr'><strong>volvendo</strong></span> <span class='ocrx_word' id='word_1_198' title='bbox 1178 3652 1229 3724; x_wconf 90' lang='lat' dir='ltr'><strong>se,</strong></span> <span class='ocrx_word' id='word_1_199' title='bbox 1255 3632 1338 3707; x_wconf 84' lang='lat' dir='ltr'><strong>iecit</strong></span> <span class='ocrx_word' id='word_1_200' title='bbox 1363 3633 1560 3707; x_wconf 91' lang='lat' dir='ltr'><strong>circumle-</strong></span> 
     </span>
     <span class='ocr_line' id='line_1_24' title="bbox 385 3750 1561 3846; baseline 0 -21"><span class='ocrx_word' id='word_1_201' title='bbox 385 3752 542 3827; x_wconf 89' lang='lat' dir='ltr'><strong>rentiam</strong></span> <span class='ocrx_word' id='word_1_202' title='bbox 567 3751 663 3826; x_wconf 92' lang='lat' dir='ltr'><strong>dicto</strong></span> <span class='ocrx_word' id='word_1_203' title='bbox 689 3758 827 3826; x_wconf 89' lang='lat' dir='ltr'><strong>centro.</strong></span> <span class='ocrx_word' id='word_1_204' title='bbox 855 3752 898 3825; x_wconf 79' lang='lat' dir='ltr'><strong>ut</strong></span> <span class='ocrx_word' id='word_1_205' title='bbox 922 3752 1002 3825; x_wconf 90' lang='lat' dir='ltr'><strong>vult</strong></span> <span class='ocrx_word' id='word_1_206' title='bbox 1027 3750 1151 3825; x_wconf 88' lang='lat' dir='ltr'><strong>dicere</strong></span> <span class='ocrx_word' id='word_1_207' title='bbox 1176 3751 1357 3825; x_wconf 91' lang='lat' dir='ltr'><strong>subtiliter</strong></span> <span class='ocrx_word' id='word_1_208' title='bbox 1382 3753 1479 3846; x_wconf 88' lang='lat' dir='ltr'><strong>quod</strong></span> <span class='ocrx_word' id='word_1_209' title='bbox 1505 3751 1561 3825; x_wconf 92' lang='lat' dir='ltr'><strong>di·</strong></span> 
     </span>
     <span class='ocr_line' id='line_1_25' title="bbox 386 3870 1560 3966; baseline 0.002 -21"><span class='ocrx_word' id='word_1_210' title='bbox 386 3872 481 3947; x_wconf 84' lang='lat' dir='ltr'><strong>rexit</strong></span> <span class='ocrx_word' id='word_1_211' title='bbox 501 3893 566 3947; x_wconf 96' lang='lat' dir='ltr'><strong>cor</strong></span> <span class='ocrx_word' id='word_1_212' title='bbox 586 3892 709 3966; x_wconf 89' lang='lat' dir='ltr'><strong>suum,</strong></span> <span class='ocrx_word' id='word_1_213' title='bbox 724 3872 823 3965; x_wconf 87' lang='lat' dir='ltr'><strong>quod</strong></span> <span class='ocrx_word' id='word_1_214' title='bbox 841 3877 912 3945; x_wconf 85' lang='lat' dir='ltr'><strong>stat</strong></span> <span class='ocrx_word' id='word_1_215' title='bbox 929 3872 965 3945; x_wconf 94' lang='lat' dir='ltr'><strong>in</strong></span> <span class='ocrx_word' id='word_1_216' title='bbox 983 3870 1139 3965; x_wconf 90' lang='lat' dir='ltr'><strong>sinistra,</strong></span> <span class='ocrx_word' id='word_1_217' title='bbox 1158 3892 1288 3946; x_wconf 90' lang='lat' dir='ltr'><strong>versus</strong></span> <span class='ocrx_word' id='word_1_218' title='bbox 1309 3872 1435 3966; x_wconf 91' lang='lat' dir='ltr'><strong>solem,</strong></span> <span class='ocrx_word' id='word_1_219' title='bbox 1458 3872 1560 3966; x_wconf 87' lang='lat' dir='ltr'><strong>idest,</strong></span> 
     </span>
     <span class='ocr_line' id='line_1_26' title="bbox 386 3990 1560 4088; baseline 0 -24"><span class='ocrx_word' id='word_1_220' title='bbox 386 3992 518 4085; x_wconf 88' lang='lat' dir='ltr'><strong>Deum,</strong></span> <span class='ocrx_word' id='word_1_221' title='bbox 538 3991 584 4067; x_wconf 92' lang='lat' dir='ltr'><strong>ad</strong></span> <span class='ocrx_word' id='word_1_222' title='bbox 603 3992 869 4088; x_wconf 86' lang='lat' dir='ltr'><strong>implorandam</strong></span> <span class='ocrx_word' id='word_1_223' title='bbox 890 3991 1059 4088; x_wconf 86' lang='lat' dir='ltr'><strong>gratiam.</strong></span> <span class='ocrx_word' id='word_1_224' title='bbox 1078 3992 1122 4063; x_wconf 86' lang='lat' dir='ltr'><strong>Et</strong></span> <span class='ocrx_word' id='word_1_225' title='bbox 1139 3990 1197 4065; x_wconf 93' lang='lat' dir='ltr'><strong>bic</strong></span> <span class='ocrx_word' id='word_1_226' title='bbox 1218 3997 1316 4085; x_wconf 89' lang='lat' dir='ltr'><strong>nota,</strong></span> <span class='ocrx_word' id='word_1_227' title='bbox 1335 3992 1432 4085; x_wconf 91' lang='lat' dir='ltr'><strong>quod</strong></span> <span class='ocrx_word' id='word_1_228' title='bbox 1454 3998 1560 4087; x_wconf 87' lang='lat' dir='ltr'><strong>poeta</strong></span> 
     </span>
     <span class='ocr_line' id='line_1_27' title="bbox 388 4111 1562 4208; baseline -0.002 -22"><span class='ocrx_word' id='word_1_229' title='bbox 388 4120 512 4187; x_wconf 88' lang='lat' dir='ltr'><strong>noster</strong></span> <span class='ocrx_word' id='word_1_230' title='bbox 539 4134 612 4188; x_wconf 89' lang='lat' dir='ltr'><strong>non</strong></span> <span class='ocrx_word' id='word_1_231' title='bbox 637 4120 781 4208; x_wconf 87' lang='lat' dir='ltr'><strong>poterat</strong></span> <span class='ocrx_word' id='word_1_232' title='bbox 806 4112 944 4187; x_wconf 90' lang='lat' dir='ltr'><strong>intrare</strong></span> <span class='ocrx_word' id='word_1_233' title='bbox 970 4112 1077 4185; x_wconf 89' lang='lat' dir='ltr'><strong>istam</strong></span> <span class='ocrx_word' id='word_1_234' title='bbox 1105 4111 1200 4185; x_wconf 88' lang='lat' dir='ltr'><strong>viam</strong></span> <span class='ocrx_word' id='word_1_235' title='bbox 1219 4132 1306 4186; x_wconf 90' lang='lat' dir='ltr'><strong>cum</strong></span> <span class='ocrx_word' id='word_1_236' title='bbox 1323 4112 1460 4186; x_wconf 84' lang='lat' dir='ltr'><strong>auxilio</strong></span> <span class='ocrx_word' id='word_1_237' title='bbox 1478 4112 1562 4185; x_wconf 91' lang='lat' dir='ltr'><strong>Vir-</strong></span> 
     </span>
     <span class='ocr_line' id='line_1_28' title="bbox 389 4231 1562 4331; baseline 0.002 -25"><span class='ocrx_word' id='word_1_238' title='bbox 389 4233 473 4331; x_wconf 89' lang='lat' dir='ltr'><strong>gilii,</strong></span> <span class='ocrx_word' id='word_1_239' title='bbox 498 4233 591 4309; x_wconf 89' lang='lat' dir='ltr'><strong>idest</strong></span> <span class='ocrx_word' id='word_1_240' title='bbox 616 4233 777 4327; x_wconf 91' lang='lat' dir='ltr'><strong>rationis,</strong></span> <span class='ocrx_word' id='word_1_241' title='bbox 810 4232 874 4307; x_wconf 91' lang='lat' dir='ltr'><strong>sed</strong></span> <span class='ocrx_word' id='word_1_242' title='bbox 899 4231 1036 4307; x_wconf 88' lang='lat' dir='ltr'><strong>auxilio</strong></span> <span class='ocrx_word' id='word_1_243' title='bbox 1067 4232 1196 4329; x_wconf 86' lang='lat' dir='ltr'><strong>gratiae</strong></span> <span class='ocrx_word' id='word_1_244' title='bbox 1221 4234 1463 4327; x_wconf 91' lang='lat' dir='ltr'><strong>cooperantis,</strong></span> <span class='ocrx_word' id='word_1_245' title='bbox 1484 4233 1562 4308; x_wconf 92' lang='lat' dir='ltr'><strong>sine</strong></span> 
     </span>
     <span class='ocr_line' id='line_1_29' title="bbox 388 4352 1562 4451; baseline -0.002 -22"><span class='ocrx_word' id='word_1_246' title='bbox 388 4377 464 4451; x_wconf 86' lang='lat' dir='ltr'><strong>qua</strong></span> <span class='ocrx_word' id='word_1_247' title='bbox 490 4375 562 4429; x_wconf 93' lang='lat' dir='ltr'><strong>non</strong></span> <span class='ocrx_word' id='word_1_248' title='bbox 589 4354 764 4449; x_wconf 91' lang='lat' dir='ltr'><strong>potuisset</strong></span> <span class='ocrx_word' id='word_1_249' title='bbox 787 4361 948 4429; x_wconf 88' lang='lat' dir='ltr'><strong>tractare</strong></span> <span class='ocrx_word' id='word_1_250' title='bbox 973 4352 1018 4426; x_wconf 91' lang='lat' dir='ltr'><strong>de</strong></span> <span class='ocrx_word' id='word_1_251' title='bbox 1043 4354 1112 4427; x_wconf 90' lang='lat' dir='ltr'><strong>isto</strong></span> <span class='ocrx_word' id='word_1_252' title='bbox 1139 4353 1226 4426; x_wconf 87' lang='lat' dir='ltr'><strong>vitio</strong></span> <span class='ocrx_word' id='word_1_253' title='bbox 1252 4353 1369 4448; x_wconf 88' lang='lat' dir='ltr'><strong>magis</strong></span> <span class='ocrx_word' id='word_1_254' title='bbox 1390 4375 1502 4447; x_wconf 89' lang='lat' dir='ltr'><strong>quam</strong></span> <span class='ocrx_word' id='word_1_255' title='bbox 1525 4353 1562 4427; x_wconf 95' lang='lat' dir='ltr'><strong>in</strong></span> 
     </span>
     <span class='ocr_line' id='line_1_30' title="bbox 389 4472 1564 4567; baseline -0.001 -19"><span class='ocrx_word' id='word_1_256' title='bbox 389 4474 542 4567; x_wconf 85' lang='lat' dir='ltr'><strong>interno,</strong></span> <span class='ocrx_word' id='word_1_257' title='bbox 570 4474 633 4546; x_wconf 94' lang='lat' dir='ltr'><strong>ubi</strong></span> <span class='ocrx_word' id='word_1_258' title='bbox 660 4473 746 4547; x_wconf 91' lang='lat' dir='ltr'><strong>nibil</strong></span> <span class='ocrx_word' id='word_1_259' title='bbox 771 4474 915 4547; x_wconf 83' lang='lat' dir='ltr'><strong>dixerat</strong></span> <span class='ocrx_word' id='word_1_260' title='bbox 940 4472 986 4546; x_wconf 92' lang='lat' dir='ltr'><strong>de</strong></span> <span class='ocrx_word' id='word_1_261' title='bbox 1006 4492 1064 4567; x_wconf 92' lang='lat' dir='ltr'><strong>eo,</strong></span> <span class='ocrx_word' id='word_1_262' title='bbox 1082 4473 1170 4566; x_wconf 87' lang='lat' dir='ltr'><strong>quia</strong></span> <span class='ocrx_word' id='word_1_263' title='bbox 1194 4472 1255 4547; x_wconf 91' lang='lat' dir='ltr'><strong>ille</strong></span> <span class='ocrx_word' id='word_1_264' title='bbox 1280 4492 1353 4546; x_wconf 92' lang='lat' dir='ltr'><strong>non</strong></span> <span class='ocrx_word' id='word_1_265' title='bbox 1379 4479 1435 4546; x_wconf 88' lang='lat' dir='ltr'><strong>est</strong></span> <span class='ocrx_word' id='word_1_266' title='bbox 1459 4474 1564 4547; x_wconf 92' lang='lat' dir='ltr'><strong>locus</strong></span> 
     </span>
    </p>
   </div>
   <div class='ocr_carea' id='block_1_3' title="bbox 390 4591 1691 4690">
    <p class='ocr_par' dir='ltr' id='par_1_3' title="bbox 390 4591 1691 4690">
     <span class='ocr_line' id='line_1_31' title="bbox 390 4591 1691 4690; baseline -0.008 -22"><span class='ocrx_word' id='word_1_267' title='bbox 390 4592 529 4690; x_wconf 85' lang='lat' dir='ltr'><strong>gratiae,</strong></span> <span class='ocrx_word' id='word_1_268' title='bbox 556 4592 619 4667; x_wconf 92' lang='lat' dir='ltr'><strong>ubi</strong></span> <span class='ocrx_word' id='word_1_269' title='bbox 645 4593 757 4688; x_wconf 91' lang='lat' dir='ltr'><strong>possit</strong></span> <span class='ocrx_word' id='word_1_270' title='bbox 781 4591 907 4666; x_wconf 87' lang='lat' dir='ltr'><strong>baberi</strong></span> <span class='ocrx_word' id='word_1_271' title='bbox 925 4592 1031 4686; x_wconf 91' lang='lat' dir='ltr'><strong>plena</strong></span> <span class='ocrx_word' id='word_1_272' title='bbox 1049 4592 1208 4688; x_wconf 86' lang='lat' dir='ltr'><strong>cognitio</strong></span> <span class='ocrx_word' id='word_1_273' title='bbox 1226 4597 1263 4667; x_wconf 89' lang='lat' dir='ltr'><strong>et</strong></span> <span class='ocrx_word' id='word_1_274' title='bbox 1278 4591 1460 4666; x_wconf 92' lang='lat' dir='ltr'><strong>distinctio</strong></span> <span class='ocrx_word' id='word_1_275' title='bbox 1477 4614 1564 4689; x_wconf 88' lang='lat' dir='ltr'><strong>peo-</strong></span> <span class='ocrx_word' id='word_1_276' title='bbox 1688 4612 1691 4615; x_wconf 87' lang='grc'><em>·</em></span> 
     </span>
    </p>
   </div>
   <div class='ocr_carea' id='block_1_4' title="bbox 390 4712 1648 5172">
    <p class='ocr_par' dir='ltr' id='par_1_4' title="bbox 390 4712 1648 5172">
     <span class='ocr_line' id='line_1_32' title="bbox 391 4712 1562 4809; baseline 0 -20"><span class='ocrx_word' id='word_1_277' title='bbox 391 4720 572 4807; x_wconf 85' lang='lat' dir='ltr'><strong>catorum,</strong></span> <span class='ocrx_word' id='word_1_278' title='bbox 604 4734 688 4808; x_wconf 84' lang='lat' dir='ltr'><strong>quae</strong></span> <span class='ocrx_word' id='word_1_279' title='bbox 722 4714 879 4788; x_wconf 88' lang='lat' dir='ltr'><strong>babetur</strong></span> <span class='ocrx_word' id='word_1_280' title='bbox 912 4712 949 4785; x_wconf 94' lang='lat' dir='ltr'><strong>in</strong></span> <span class='ocrx_word' id='word_1_281' title='bbox 982 4712 1271 4809; x_wconf 84' lang='lat' dir='ltr'><strong>purgatorio-</strong></span> <span class='ocrx_word' id='word_1_282' title='bbox 1288 4718 1329 4787; x_wconf 88' lang='grc' dir='ltr'><strong>θ.</strong></span> <span class='ocrx_word' id='word_1_283' title='bbox 1361 4713 1426 4787; x_wconf 90' lang='lat' dir='ltr'><strong>llic</strong></span> <span class='ocrx_word' id='word_1_284' title='bbox 1456 4722 1562 4809; x_wconf 89' lang='lat' dir='ltr'><strong>poeta</strong></span> 
     </span>
     <span class='ocr_line' id='line_1_33' title="bbox 390 4832 1566 4931; baseline 0.002 -24"><span class='ocrx_word' id='word_1_285' title='bbox 390 4832 490 4931; x_wconf 91' lang='lat' dir='ltr'><strong>ponit</strong></span> <span class='ocrx_word' id='word_1_286' title='bbox 514 4833 686 4909; x_wconf 87' lang='lat' dir='ltr'><strong>devotam</strong></span> <span class='ocrx_word' id='word_1_287' title='bbox 712 4834 917 4909; x_wconf 88' lang='lat' dir='ltr'><strong>orationem</strong></span> <span class='ocrx_word' id='word_1_288' title='bbox 947 4832 1085 4928; x_wconf 87' lang='lat' dir='ltr'><strong>Virgilii</strong></span> <span class='ocrx_word' id='word_1_289' title='bbox 1119 4832 1166 4907; x_wconf 91' lang='lat' dir='ltr'><strong>ad</strong></span> <span class='ocrx_word' id='word_1_290' title='bbox 1199 4834 1327 4927; x_wconf 88' lang='lat' dir='ltr'><strong>solem,</strong></span> <span class='ocrx_word' id='word_1_291' title='bbox 1354 4834 1500 4909; x_wconf 90' lang='lat' dir='ltr'><strong>dicens:</strong></span> <span class='ocrx_word' id='word_1_292' title='bbox 1530 4843 1566 4911; x_wconf 86' lang='lat' dir='ltr'><strong>et</strong></span> 
     </span>
     <span class='ocr_line' id='line_1_34' title="bbox 392 4952 1564 5051; baseline 0.003 -23"><span class='ocrx_word' id='word_1_293' title='bbox 392 4954 451 5029; x_wconf 92' lang='lat' dir='ltr'><strong>ille</strong></span> <span class='ocrx_word' id='word_1_294' title='bbox 476 4952 648 5050; x_wconf 89' lang='lat' dir='ltr'><strong>Virgilius</strong></span> <span class='ocrx_word' id='word_1_295' title='bbox 671 4956 794 5027; x_wconf 67' lang='lat' dir='ltr'><strong>duca:</strong></span> <span class='ocrx_word' id='word_1_296' title='bbox 825 4975 847 5027; x_wconf 92' lang='lat' dir='ltr'><strong>o</strong></span> <span class='ocrx_word' id='word_1_297' title='bbox 878 4956 976 5027; x_wconf 83' lang='lat' dir='ltr'><strong>dolce</strong></span> <span class='ocrx_word' id='word_1_298' title='bbox 1000 4956 1103 5045; x_wconf 73' lang='lat' dir='ltr'><strong>luam,</strong></span> <span class='ocrx_word' id='word_1_299' title='bbox 1139 4953 1266 5028; x_wconf 91' lang='lat' dir='ltr'><strong>lumen</strong></span> <span class='ocrx_word' id='word_1_300' title='bbox 1291 4954 1376 5029; x_wconf 90' lang='lat' dir='ltr'><strong>solis</strong></span> <span class='ocrx_word' id='word_1_301' title='bbox 1402 4961 1458 5029; x_wconf 90' lang='lat' dir='ltr'><strong>est</strong></span> <span class='ocrx_word' id='word_1_302' title='bbox 1487 4956 1564 5051; x_wconf 86' lang='lat' dir='ltr'><strong>ipsa</strong></span> 
     </span>
     <span class='ocr_line' id='line_1_35' title="bbox 393 5073 1648 5172; baseline 0.002 -24"><span class='ocrx_word' id='word_1_303' title='bbox 393 5073 510 5172; x_wconf 92' lang='lat' dir='ltr'><strong>gratia</strong></span> <span class='ocrx_word' id='word_1_304' title='bbox 537 5073 601 5149; x_wconf 85' lang='lat' dir='ltr'><strong>llei</strong></span> <span class='ocrx_word' id='word_1_305' title='bbox 627 5096 712 5169; x_wconf 81' lang='lat' dir='ltr'><strong>quae</strong></span> <span class='ocrx_word' id='word_1_306' title='bbox 741 5073 922 5148; x_wconf 90' lang='lat' dir='ltr'><strong>illuminat</strong></span> <span class='ocrx_word' id='word_1_307' title='bbox 951 5093 1101 5148; x_wconf 91' lang='lat' dir='ltr'><strong>omnem</strong></span> <span class='ocrx_word' id='word_1_308' title='bbox 1134 5074 1320 5149; x_wconf 86' lang='lat' dir='ltr'><strong>bominem</strong></span> <span class='ocrx_word' id='word_1_309' title='bbox 1354 5075 1563 5153; x_wconf 86' lang='lat' dir='ltr'><strong>venientem</strong></span> <span class='ocrx_word' id='word_1_310' title='bbox 1645 5085 1648 5092; x_wconf 83' lang='lat'>&#39;</span> 
     </span>
    </p>
   </div>
   <div class='ocr_carea' id='block_1_5' title="bbox 0 0 2309 6836">
    <p class='ocr_par' dir='ltr' id='par_1_5' title="bbox 0 0 2309 6836">
     <span class='ocr_line' id='line_1_36' title="bbox 0 0 2309 6836; baseline 0 0"><span class='ocrx_word' id='word_1_311' title='bbox 0 0 2309 6836; x_wconf 95' lang='lat' dir='ltr'><strong> </strong></span> 
     </span>
    </p>
   </div>
  </div>
 </body>
</html>
