4542 6842
731 947 803 1015 528
1092 958 1296 1015 ooueuruu
1321 959 1539 1015 runalroan

727 1102 861 1177 domus
886 1082 953 1178 ista
978 1123 1053 1178 non
1078 1111 1175 1179 esset
1200 1108 1327 1198 potens
1344 1108 1431 1179 ante
1452 1102 1557 1178 islam
1576 1104 1723 1197 dotem3
1740 1102 1804 1178 sod
1820 1102 1902 1175 vult

726 1220 863 1317 dicere,
881 1222 980 1318 quod
997 1229 1083 1298 ante
1100 1223 1198 1297 istud
1214 1225 1351 1299 lactum
1370 1224 1438 1298 ista
1457 1223 1591 1298 domus
1610 1222 1768 1297 babebat
1787 1243 1900 1296 unam

726 1344 999 1439 verecundiam,
1024 1344 1111 1439 quia
1136 1344 1328 1420 dicebatur
1353 1344 1400 1420 de
1425 1344 1647 1419 obscuritate
1671 1350 1709 1417 et
1733 1341 1901 1440 ignobili·

726 1466 802 1537 tata
826 1463 986 1560 originis.
1014 1464 1085 1539 Sed
1110 1471 1192 1560 post
1221 1463 1317 1538 istud
1348 1464 1486 1539 lactum
1518 1469 1712 1560 coeperunt
1735 1461 1902 1537 homiues

725 1581 849 1658 dicere
873 1584 919 1659 de
944 1584 1099 1659 avaritia
1124 1591 1162 1661 et
1186 1584 1361 1660 iniustitia
1386 1585 1423 1659 in
1449 1584 1710 1659 verecundiam
1732 1582 1899 1674 istorum,

680 1796 688 1815 ,
725 1703 776 1781 ita
801 1704 901 1801 quod
927 1704 1046 1779 maior
1071 1704 1293 1781 verecundia
1319 1711 1356 1780 et
1381 1706 1530 1779 inlamia
1555 1704 1703 1779 abstulit
1728 1704 1901 1799 primam,

727 1823 776 1899 ita
802 1824 902 1918 quod
927 1824 1085 1922 amplius
1106 1845 1180 1899 non
1197 1824 1387 1900 dicebatur
1403 1826 1449 1899 de
1467 1823 1687 1899 macellaria.
1705 1822 1811 1912 Quod
1826 1842 1898 1894 au-

726 1950 803 2020 tem
829 1945 897 2020 ista
922 1946 968 2018 sit
993 1943 1145 2020 intentio
1170 1952 1300 2039 poeta,
1318 1945 1479 2020 declarat
1499 1964 1658 2039 sequens
1676 1944 1791 2038 litera,
1809 1941 1899 2017 dum

728 2064 872 2139 subdit:
905 2057 1133 2154 doomincid,
1159 2065 1207 2140 ab
1237 2065 1296 2139 illa
1322 2064 1407 2140 dote
1436 2069 1473 2140 et
1503 2064 1626 2161 praeda
1660 2084 1806 2160 magna,
1831 2083 1898 2135 con

721 2188 831 2279 [οντα
856 2206 875 2257 e
900 2206 966 2257 con
991 2204 1189 2275 menzoono
1221 2188 1258 2259 lo
1285 2206 1352 2257 suo
1380 2189 1536 2279 ropino;
1562 2184 1650 2279 quia
1674 2184 1784 2279 coepit
1808 2189 1899 2257 tunc

724 2304 844 2399 primo
875 2326 1007 2399 rapere
1039 2304 1219 2380 violenter
1247 2310 1284 2379 et
1315 2304 1591 2399 fraudulenter3
1618 2308 1794 2398 cposcro,
1820 2304 1900 2399 pari

724 2424 761 2498 vi
787 2432 824 2500 et
850 2424 990 2517 lraude,
1014 2446 1118 2517 prere
1143 2429 1258 2515 Ponti,
1284 2424 1387 2520 idest,
1413 2426 1628 2500 comitatum
1660 2426 1776 2516 Ponti,
1805 2429 1900 2497 Nor-

725 2547 871 2619 mondio
895 2566 914 2617 e
942 2548 1178 2639 Guascoqna5
1209 2552 1248 2619 el
1278 2544 1385 2619 dicit:
1407 2566 1476 2638 per
1505 2548 1706 2635 ammonita,
1736 2544 1901 2640 loquitur

725 2664 873 2759 ironice,
905 2664 1008 2761 quasi
1041 2666 1158 2740 dicat:
1191 2665 1238 2739 ad
1272 2664 1565 2739 emendationem
1599 2665 1727 2760 prima
1761 2664 1900 2758 rapinae

725 2785 831 2860 lactae
856 2785 902 2859 de
918 2784 1121 2878 Provincia,
1140 2785 1307 2859 lecerunt
1323 2785 1433 2859 aliam
1458 2785 1504 2860 de
1528 2783 1607 2858 aliis
1633 2782 1835 2878 provinciis.
1849 2822 1901 2835 —

728 2908 846 2978 Corio.
863 2904 929 2978 llic
945 2904 1063 2979 dictus
1076 2906 1183 3000 Hugo
1198 2904 1349 2978 damnat
1364 2904 1457 2977 duas
1473 2902 1662 2981 violentias
1678 2902 1791 2977 lactas
1808 2922 1898 2976 cru-

725 3024 855 3099 deliter
879 3045 946 3120 per
971 3025 1144 3100 Carolum
1170 3024 1396 3120 pradictum.
1418 3023 1470 3097 Ad
1494 3024 1737 3120 cognitionem
1765 3024 1896 3119 primae

723 3146 835 3221 debes
861 3145 966 3238 scire,
993 3145 1091 3241 quod
1117 3145 1344 3221 Conradinus
1369 3145 1570 3220 debellatus
1587 3144 1624 3218 iu
1648 3166 1790 3239 campo,
1808 3164 1899 3218 con-

724 3265 802 3339 silio
829 3272 865 3340 ot
890 3271 971 3339 arte
996 3264 1091 3339 senis
1116 3264 1250 3359 Alardi,
1271 3271 1311 3338 ut
1327 3265 1434 3359 plene
1454 3265 1591 3339 dictum
1609 3270 1665 3339 est
1684 3264 1818 3339 inlerni
1833 3284 1899 3337 ca-

724 3386 839 3483 pitulo
864 3385 1020 3479 lllllllll,
1046 3385 1189 3483 fugiens
1215 3385 1381 3482 pervenit
1409 3405 1495 3459 cum
1522 3383 1739 3480 quibusdam
1766 3402 1896 3481 proce-

724 3506 826 3580 ribus
852 3506 898 3580 ad
923 3506 1081 3603 plagiam
1107 3507 1246 3599 Romae,
1263 3505 1309 3579 ad
1335 3505 1526 3579 castellum
1552 3504 1690 3579 dictum
1708 3504 1831 3577 Asturi
1845 3496 1898 3596 (¹),

724 3624 787 3699 ubi
813 3631 957 3699 armata
983 3624 1104 3699 subito
1129 3622 1282 3720 lugitiva
1299 3624 1471 3699 tendebat
1487 3624 1525 3697 in
1546 3622 1716 3716 Siciliam,
1737 3642 1821 3718 quae
1838 3641 1900 3695 re·

724 3743 883 3819 bellabat
909 3743 1049 3819 Carolo.
1077 3742 1148 3817 Sed
1173 3749 1301 3837 captus
1317 3762 1339 3816 a
1358 3744 1518 3838 quodam
1539 3742 1706 3818 lobaune
1721 3742 1767 3816 de
1782 3741 1899 3815 Fran-

724 3864 916 3961 gipanibus
949 3864 995 3938 de
1032 3864 1162 3957 Roma,
1187 3868 1427 3960 praesentatus
1464 3864 1532 3938 luit
1568 3863 1710 3977 Carolo.
1745 3863 1898 3938 Carolus

724 3989 805 4080 post
830 3984 969 4080 aliquot
995 4004 1140 4059 menses
1165 3984 1330 4058 consulte
1355 3990 1393 4059 et
1416 3984 1616 4059 deliberate
1640 3984 1678 4057 in
1703 3984 1783 4059 loro
1803 3984 1899 4057 Nea-

725 4103 815 4199 pobs
832 4104 916 4178 lecit
932 4103 1103 4178 decoliari
1129 4103 1249 4198 ipsum
1272 4104 1519 4179 Conradinum
1538 4110 1574 4179 et
1590 4104 1723 4178 ducem
1741 4097 1899 4178 Austriae
1983 4168 1989 4177 .

724 4243 811 4298 cum
847 4222 971 4296 multis
1008 4222 1203 4297 comitibus
1234 4230 1272 4297 et
1302 4224 1513 4319 baronibuS,
1546 4244 1706 4319 quorum
1741 4244 1898 4318 corpora

724 4344 841 4419 vetuit
857 4342 1010 4441 ¹sepeliri
1036 4342 1073 4417 in
1098 4363 1215 4417 sacro.
1234 4344 1326 4418 Dicit
1351 4364 1442 4440 ergo
1456 4368 1467 4415 :-
1490 4348 1609 4433 Corio,
1626 4343 1771 4438 scilicet,
1790 4350 1899 4418 vetus

721 4464 874 4559 primus,
912 4463 1029 4538 victor
1067 4464 1253 4555 Manlredi,
1293 4484 1401 4537 omae
1436 4466 1474 4538 tn
1512 4468 1627 4556 rura,
1664 4470 1815 4539 vocatus
1849 4464 1899 4538 ab

720 4583 939 4677 Ecclesiae
970 4585 1101 4657 victima
1130 4587 1179 4677 se,
1209 4583 1311 4677 idest,
1341 4582 1573 4677 sacrificium,
1607 4586 1646 4657 di
1682 4584 1900 4674 cannatae,

719 4702 805 4797 quia
839 4703 957 4798 ipsum
988 4702 1303 4778 adolescentulum
1339 4702 1583 4797 innocentem,
1609 4704 1710 4777 velut
1742 4724 1899 4799 agnum,

719 4821 925 4898 immolavit
938 4814 990 4917 (¹),
1014 4845 1084 4918 per
1113 4824 1323 4918 amarando5
1336 4823 1512 4917 loquitur
1536 4823 1684 4917 ironice,
1711 4823 1816 4917 quasi
1842 4822 1902 4897 di-

787 5079 814 5143 i¹i
832 5084 886 5141 lli,
903 5080 1010 5133 Astura.
1260 5082 1289 5147 (')
1304 5088 1359 5144 117,
1372 5080 1509 5147 iugularit.
