4542 6842
782 1036 786 1039 .
840 982 979 1041 causus
1004 982 1172 1039 uncturus.
1517 970 1588 1037 291

418 1128 559 1205 dicere:
577 1128 776 1205 considera
801 1129 900 1222 quod
924 1130 954 1203 si
981 1128 1185 1204 humiliatio
1203 1126 1347 1203 videtur
1368 1127 1431 1201 tibi
1457 1128 1591 1223 gravis,

420 1257 521 1325 certe
547 1270 620 1327 nun
653 1256 883 1345 potestesse
916 1251 1035 1346 longa,
1068 1248 1259 1343 quianon
1292 1249 1388 1323 ultra
1420 1257 1591 1323 mortem.

421 1372 518 1467 Ergo
534 1362 570 1462 (¹)
596 1390 677 1466 age,
702 1391 810 1445 sume
835 1391 929 1445 onus
956 1378 1061 1444 tuum
1097 1370 1133 1443 in
1167 1369 1234 1444 ista
1266 1368 1490 1443 brevissima,
1506 1369 1592 1463 vila,

423 1497 460 1564 ct
480 1490 670 1565 considera
694 1491 792 1585 quod
819 1490 848 1565 si
875 1510 948 1565 non
967 1488 1169 1563 humilieris
1186 1496 1326 1583 sponte,
1344 1489 1594 1563 humiliaberis

422 1593 686 1685 coacte-'dn
713 1611 778 1685 Hic
804 1617 909 1706 poeta
935 1609 1106 1685 describit
1136 1609 1252 1704 ipsam
1282 1630 1429 1704 poenam
1463 1632 1594 1705 super-

423 1733 569 1805 borum.
585 1731 649 1807 ¹lid
675 1732 780 1805 cuius
805 1730 1079 1825 intelligentiam
1106 1739 1193 1804 nota
1213 1730 1319 1824 bene,
1338 1750 1450 1824 quarn
1467 1732 1595 1826 justis·

424 1852 555 1927 simam
583 1858 621 1925 et
645 1850 894 1947 dignissimam
921 1871 1069 1944 poenam
1094 1856 1204 1945 poeta
1227 1849 1291 1923 dat
1316 1848 1392 1923 istis
1417 1851 1593 1945 superbis.

423 1973 541 2069 Fingit
566 1972 677 2066 enim,
702 1971 803 2065 quod
827 1969 958 2067 singuli
986 1976 1130 2065 portant
1149 1969 1198 2043 'in
1227 1990 1294 2044 sua
1326 1972 1486 2065 superba
1513 1992 1596 2045 cer·

426 2094 506 2169 uice
530 2114 662 2167 saxum
690 2092 935 2187 ponderosum
962 2091 1059 2185 quod
1087 2091 1255 2165 incurvat
1283 2112 1347 2165 eus
1372 2091 1418 2166 ad
1445 2099 1595 2187 terram,

425 2221 462 2289 el
487 2214 659 2289 incedunt
685 2213 734 2287 ita
760 2212 901 2309 gravati
921 2212 1103 2307 paulatim
1130 2232 1197 2307 per
1222 2212 1331 2287 viam.
1353 2213 1424 2287 Per
1441 2214 1511 2287 buc
1527 2234 1597 2287 au·

427 2336 501 2407 tem
527 2332 673 2429 figurat,
699 2333 798 2426 quod
824 2332 886 2426 qui
914 2333 993 2406 vult
1019 2351 1181 2429 purgare
1206 2331 1302 2406 istud
1327 2354 1442 2428 grave
1469 2333 1596 2407 vilium

426 2452 619 2549 superbire,
637 2452 745 2527 debet
762 2453 979 2529 submittere
996 2459 1108 2548 caput
1125 2474 1237 2527 suum
1255 2451 1302 2526 ad
1327 2459 1477 2547 terram,
1499 2452 1598 2547 quod

427 2575 530 2671 prius
550 2574 718 2668 portabat
739 2577 905 2647 erectum
924 2579 1052 2647 contra
1071 2573 1227 2666 coelum3
1245 2579 1283 2646 et
1299 2572 1472 2667 breviter,
1490 2572 1600 2651 debet

428 2702 572 2770 tantum
599 2692 763 2767 inclinari
791 2698 828 2767 el
853 2692 1050 2786 humiliari,
1076 2699 1257 2786 quantum
1276 2692 1391 2766 voluit
1415 2691 1537 2766 extolli
1563 2698 1600 2767 el

429 2813 593 2891 exaltari.
620 2812 718 2886 Istud
734 2819 861 2887 autern
881 2812 1026 2887 videtur
1043 2812 1302 2908 gravissimum
1320 2815 1493 2908 superbo,
1513 2812 1599 2907 qnia

429 2935 586 3030 imputat
611 2932 677 3007 sibi
703 2934 773 3011 boc
797 2933 842 3007 ad
879 2953 1052 3028 magnam
1089 2932 1277 3027 vilitatem,
1308 2934 1371 3028 qui
1387 2925 1423 3026 (²)
1456 2934 1600 3008 volebat

430 3055 545 3131 videri
572 3053 839 3150 magnanimus.
858 3054 933 3127 lloc
953 3058 1078 3127 autem
1098 3052 1182 3127 lecit
1198 3052 1336 3149 optime
1355 3054 1513 3149 optimus
1530 3053 1601 3127 im-

427 3182 579 3271 perator
608 3174 848 3266 Theodosius3
881 3194 967 3246 cum
999 3171 1097 3246 enim
1131 3173 1293 3268 superbe
1323 3174 1602 3249 exterminasset

428 3297 614 3375 civilatem
637 3302 674 3371 el
692 3292 850 3369 venissel
875 3291 1129 3384 Mediolanum,
1156 3294 1286 3369 beatus
1310 3293 1525 3367 Ambrosius
1552 3294 1601 3367 ri·

430 3415 614 3511 gidissime
638 3422 676 3489 et
702 3412 975 3487 mordacissime
1005 3412 1186 3507 increpuit
1214 3433 1301 3487 eum
1331 3414 1513 3487 volentem
1546 3413 1602 3487 in·

433 3542 534 3609 trare
569 3534 758 3627 templum.
793 3533 856 3606 llle
888 3538 1012 3606 autern
1052 3531 1179 3605 dolore
1217 3538 1255 3607 et
1288 3532 1428 3627 pudore
1467 3553 1602 3629 magno

432 3675 639 3751 percussus,
674 3660 754 3748 post
780 3672 953 3748 magnam
981 3653 1171 3745 querelam
1198 3660 1236 3726 et
1263 3653 1397 3727 mullas
1422 3654 1604 3749 lacrymas

432 3774 628 3851 humilians
653 3794 694 3849 se
725 3779 852 3868 spunlc
884 3771 1010 3867 petivit
1044 3772 1190 3846 veniam
1204 3762 1243 3865 (³)
1273 3780 1311 3848 et
1340 3773 1604 3869 poenilenliam,

433 3894 553 3972 etsie
587 3894 841 3971 reconciliatus
870 3898 943 3986 est;
969 3892 1063 3967 sicul
1094 3899 1131 3967 et
1164 3893 1211 3967 de
1242 3894 1366 3967 mullis
1396 3895 1605 3970 audivimus

434 4015 611 4110 superbis,
639 4015 702 4109 qui
727 4020 910 4090 venerunt
934 4034 1021 4089 cum
1048 4013 1206 4109 corrigia
1224 4014 1270 4087 ad
1288 4015 1435 4089 collum.
1453 4017 1507 4091 lld
1525 4018 1606 4111 lile·

437 4158 516 4211 ram
543 4157 653 4233 ergo:
679 4135 765 4210 dicil
791 4140 913 4230 poeta:
941 4137 983 4206 lu
1011 4136 1206 4222 dominatui,
1227 4124 1366 4229 supple,
1383 4135 1507 4211 dicere
1524 4138 1605 4211 Vir·

434 4256 537 4353 gilio:
555 4261 725 4345 ilcestre,
742 4258 821 4347 puel
835 4256 887 4327 cb'
899 4257 935 4326 io
961 4256 1084 4344 amplo
1108 4274 1252 4326 munder
1264 4276 1294 4327 ‘a
1309 4258 1382 4347 noi,
1400 4255 1502 4350 idest,
1520 4278 1607 4331 ver·

435 4396 498 4449 sus
525 4396 601 4469 nus,
627 4396 699 4447 non
725 4377 773 4447 mi
804 4374 959 4446 remman
991 4394 1154 4465 persone,
1189 4372 1291 4467 idest,
1325 4394 1398 4449 nun
1436 4376 1607 4452 videnlur

437 4496 524 4569 mibi
551 4494 729 4587 bomines,
755 4494 849 4567 sicul
874 4500 913 4567 tu
945 4493 1090 4568 dicebas
1123 4492 1228 4567 mibi:
1264 4501 1373 4569 auter
1404 4496 1501 4570 enirn
1535 4518 1606 4573 nun
1703 4588 1705 4592 Ι

436 4618 583 4694 videbat
608 4615 673 4689 nisi
700 4634 787 4689 saxa
816 4612 955 4688 moveri
976 4634 1042 4708 per
1067 4634 1207 4707 aerem,
1225 4620 1262 4689 et
1282 4636 1355 4689 nun
1374 4617 1539 4691 homines
1556 4618 1609 4692 la-

438 4744 554 4813 tentes
589 4737 658 4811 sub
690 4736 765 4830 eis;
799 4756 817 4807 e
848 4754 920 4807 nun
948 4755 989 4808 so
1019 4736 1091 4825 cle,
1122 4736 1262 4829 supple,
1288 4736 1345 4830 sil,
1370 4728 1401 4809 si
1425 4740 1609 4813 belveder

437 4860 623 4948 vancpprb,
648 4856 750 4947 idest,
767 4856 819 4929 ita
847 4855 883 4928 in
910 4854 989 4928 visu
1012 4854 1153 4948 vacillo,
1172 4854 1259 4948 quia
1276 4854 1377 4929 visus
1393 4855 1479 4931 dicit
1500 4858 1607 4932 mibi:

1503 4996 1609 5005 —-.

502 5042 529 5105 (¹)
546 5044 576 5093 E.
594 5043 664 5107 Ergo
679 5056 752 5093 suma
768 5057 843 5094 onus.
1035 5041 1061 5105 (¹)
1079 5042 1109 5093 B.
1125 5044 1187 5106 quia
1202 5044 1313 5095 uolebat.

389 5178 391 5183 Α
502 5119 529 5182 (⁸)
546 5120 576 5170 E.
593 5122 702 5181 reniam,
718 5126 743 5171 el
760 5120 796 5169 sic
813 5120 1003 5172 reconciliatus.

376 5276 402 5323 Χ
