4542 6842
1498 987 1570 1056 tus

280 1211 284 1216 ·
397 1269 563 1338 clusus
586 1267 776 1336 DECIMUS
800 1268 974 1350 SEXTUS,
998 1271 1034 1336 in
1057 1289 1116 1355 quo
1140 1276 1257 1338 modat
1273 1271 1312 1337 do
1326 1271 1490 1338 iromndis
1511 1272 1570 1338 sub
1710 1293 1714 1300 ·

474 1383 565 1452 titulo
587 1382 751 1452 cuondam
770 1383 873 1452 vocati
894 1381 1011 1462 Mami,
1028 1385 1084 1468 qni
1101 1403 1171 1450 eorm
1192 1384 1238 1450 ets
1259 1383 1360 1450 multa
1382 1384 1466 1450 dixit
1487 1385 1573 1450 airon

474 1495 564 1577 fusio
579 1493 671 1560 libam
682 1491 820 1572 arbitrii,
836 1497 867 1558 ai
880 1494 962 1560 uiotd
977 1493 1160 1578 addamus
1172 1495 1328 1560 rationem
1343 1495 1571 1578 quodpropter

476 1605 667 1672 discordiam
682 1625 846 1688 poparum
866 1605 1092 1687 imperatorum
1114 1607 1290 1672 dolardus
1312 1611 1359 1672 est
1379 1605 1526 1672 monum.

474 1885 624 2054 Rom
648 1981 683 2052 d’
694 1979 834 2071 insarno
854 1997 876 2049 o
896 1980 934 2052 di
957 1980 1217 2070 botontinum.
1235 1977 1434 2073 Postquam
1452 1980 1489 2054 in
1506 2001 1571 2077 su·

399 2100 534 2196 potiori
560 2099 718 2194 capitulo
743 2097 912 2194 proxime
937 2097 1282 2194 praecedentiqoeta
1303 2106 1429 2175 noster
1448 2101 1573 2176 docuit

399 2219 517 2294 vitare
534 2219 662 2294 vitium
680 2218 759 2312 im,
771 2237 871 2292 nuno
887 2223 1159 2313 consequenter
1175 2218 1214 2293 in
1230 2219 1299 2293 isto
1315 2219 1474 2315 capitulo
1492 2221 1572 2295 lllll

397 2340 474 2436 agit
498 2347 538 2414 et
562 2344 694 2414 tractat
714 2337 761 2412 de
776 2337 939 2434 generali
966 2357 1084 2432 poena,
1106 2360 1180 2433 qua
1201 2346 1383 2435 purgatur
1400 2340 1495 2415 istud
1513 2341 1569 2414 vl-

398 2459 491 2534 lium
517 2459 554 2533 in
581 2459 687 2534 tertio
714 2458 851 2532 circulo
876 2459 1090 2555 purgatorii.
1118 2460 1163 2533 Et
1187 2480 1347 2555 praesens
1368 2462 1569 2556 capitulum

398 2587 516 2676 potest
548 2579 711 2654 breviter
740 2577 849 2653 dividi
881 2579 919 2652 in
950 2585 1113 2673 quatuor
1143 2586 1266 2674 partes
1296 2582 1498 2676 generales.
1530 2583 1569 2656 ln

398 2701 518 2797 prima
534 2721 695 2795 quarum
713 2693 883 2774 describit
899 2699 1112 2796 generalem
1126 2720 1275 2794 poenam
1293 2699 1570 2798 iracundorum,

335 2871 340 2880 -
400 2828 442 2897 ut
466 2821 604 2894 dictum
631 2826 696 2894 est.
722 2819 763 2894 ln
788 2819 948 2894 secunda
974 2818 1171 2894 introducit
1199 2838 1317 2894 unum
1345 2821 1569 2917 singularem

400 2940 567 3038 spiritum
586 2939 820 3034 modernum,
837 2940 901 3033 qui
918 2939 986 3014 llrit
1006 2940 1170 3014 maxime
1189 2931 1382 3035 promptus
1398 2942 1445 3016 ad
1462 2940 1569 3035 imm,

400 3062 471 3138 ibi:
503 3065 556 3136 Or
581 3068 616 3134 lu
641 3063 695 3134 oti
718 3063 776 3134 sei.
802 3059 842 3132 ln
869 3059 976 3136 tertia
1000 3068 1127 3136 movet·
1150 3060 1362 3136 altissimam
1397 3061 1570 3156 quastio-

399 3203 486 3258 nem
516 3182 612 3256 dioto
643 3180 796 3276 spiritui,
823 3180 886 3275 qui
917 3180 1086 3256 nobiliter
1101 3175 1139 3274 (¹)
1164 3182 1270 3257 solvit
1297 3181 1409 3276 illam,
1434 3183 1503 3256 ibi:
1529 3188 1575 3256 Et

399 3304 435 3376 io
460 3323 485 3374 α
510 3304 568 3375 lui.
595 3303 635 3374 ln
661 3307 792 3395 quarta
819 3307 856 3376 et
882 3300 1010 3376 ultima
1035 3300 1207 3376 describit
1225 3302 1467 3376 mutationem
1490 3323 1572 3377 mo-

401 3441 485 3496 rum
512 3421 778 3498 modernorum
807 3421 1098 3516 lombardorum,
1125 3421 1191 3496 ibi:
1222 3427 1267 3496 ln
1295 3425 1352 3497 sul
1373 3443 1490 3515 puoso.
1518 3424 1571 3498 Ad

399 3542 562 3638 primum
594 3542 745 3618 veniens
777 3541 870 3636 dico,
895 3541 995 3636 quod
1027 3549 1135 3637 poeta
1169 3534 1395 3635 describite)
1423 3564 1571 3638 poenam

400 3663 683 3740 inmundorum·
702 3662 755 3737 Ad
781 3663 888 3738 ouius
913 3663 1188 3759 intelligentiam
1215 3669 1271 3738 est
1308 3663 1405 3738 bene
1442 3672 1573 3740 notam

399 3783 503 3878 dum,
529 3784 629 3879 quod
654 3791 761 3880 poeta
787 3783 972 3861 adinvenit
996 3783 1187 3859 decentem
1216 3783 1368 3858 modum
1390 3787 1572 3882 purgandi

401 3903 639 3982 iracundiam.
653 3905 772 4002 Fingit
788 3906 886 3979 enim
905 3903 1005 3999 quod
1018 3904 1075 3978 isti
1094 3909 1301 4001 purgantur
1318 3905 1356 3977 in
1376 3926 1452 3980 uno
1469 3905 1573 3980 lamo

400 4023 627 4120 densissimo,
653 4025 866 4123 nigerrimo,
892 4024 1142 4117 amarissim03
1166 4023 1216 4099 ita
1243 4026 1346 4120 quod
1368 4029 1490 4102 nullus
1506 4049 1574 4124 po·

401 4149 472 4220 test
489 4143 627 4240 videre,
640 4152 706 4220 aut
722 4144 932 4221 disoernere
948 4145 1151 4239 quidquam
1170 4146 1206 4219 in
1227 4165 1284 4220 eo.
1304 4147 1408 4221 blodo
1425 4148 1471 4222 ad
1488 4171 1574 4244 pro-

401 4264 573 4360 positum,
591 4265 716 4339 lumus
737 4265 855 4340 oritur
880 4285 927 4342 ax
953 4267 1050 4363 igne,
1068 4275 1105 4340 et
1129 4267 1185 4340 ira
1210 4273 1267 4340 est
1291 4266 1442 4360 quidam
1468 4269 1573 4365 ignis,

401 4385 488 4479 quia
513 4390 569 4460 est
593 4385 761 4460 accensio
791 4385 980 4481 sanguinis
1009 4385 1106 4460 oirc'a
1138 4406 1214 4460 cor.
1246 4385 1348 4460 Siout
1377 4407 1467 4484 ergo
1500 4408 1573 4463 non
1627 4446 1629 4449 -

401 4511 519 4602 potest
543 4523 623 4580 esse
649 4504 742 4602 ignis
761 4505 840 4580 sine
859 4504 973 4598 lumo,
992 4505 1042 4578 lta
1062 4525 1129 4580 neo
1147 4504 1202 4579 im
1223 4505 1302 4580 sine
1316 4496 1353 4598 (³)
1372 4505 1574 4584 fuscatione

401 4625 544 4701 mentis.
570 4625 632 4700 llle
657 4645 748 4721 ergo
773 4624 836 4719 qui
863 4624 942 4698 vull
974 4624 1157 4699 subtiliter
1171 4612 1222 4717 (Ὗ
1242 4627 1394 4723 purgari
1425 4629 1474 4702 ab
1505 4629 1573 4703 isto
1681 4699 1688 4712 ‚

401 4744 488 4821 vitio
513 4745 771 4820 nocentissimo
793 4744 858 4819 irre
874 4743 984 4820 debet
1000 4745 1122 4840 puniri
1136 4737 1174 4839 (ὅ)
1193 4746 1230 4819 in
1255 4747 1369 4841 lumo,
1387 4747 1492 4842 idest,
1508 4749 1573 4824 de-

462 4977 489 5039 (¹)
506 4975 537 5026 Ε.
552 4976 597 5040 qul
612 4975 761 5028 uotabllllor
777 4977 861 5028 solvil.
1011 4976 1039 5036 Ρ)
1056 4981 1110 5036 117,
1128 4977 1250 5028 describit
1266 4977 1352 5040 prium
1367 4991 1478 5041 amaru.

462 5053 491 5117 (¹)
507 5052 538 5102 E.
554 5052 608 5102 sino
623 5053 792 5105 sulIooullone
807 5054 909 5104 maalle.
1012 5053 1039 5116 (⁸)
1057 5058 1110 5114 117,
1127 5053 1276 5105 uhbrller.

465 5129 492 5192 (¹)
509 5128 539 5180 lt.
557 5130 670 5192 purgari.
