4542 6842
857 992 996 1048 cunnus
1020 994 1164 1049 aarum.
1546 980 1593 1049 19

418 1141 554 1238 pientia
578 1139 707 1233 multa,
732 1141 821 1231 soto,
847 1137 925 1214 sine
950 1139 1060 1234 socio,
1082 1139 1169 1234 quia
1195 1158 1268 1213 non
1286 1138 1470 1236 indigebat
1486 1139 1593 1235 duee,

417 1262 512 1335 siout
536 1268 644 1356 poeta
669 1265 794 1334 noster
819 1259 883 1354 qui
914 1267 994 1334 erat
1026 1261 1185 1336 sociatus
1216 1259 1376 1357 Virgilio,
1408 1263 1477 1357 vel,
1503 1267 1593 1355 soto,

416 1379 520 1474 idest,
546 1379 719 1474 solitario,
746 1379 831 1474 quia
858 1379 1016 1454 solitudo
1039 1385 1093 1456 est
1111 1380 1274 1455 maxime
1290 1381 1410 1455 amica
1426 1381 1514 1456 viris
1534 1403 1594 1457 sa·

417 1500 600 1596 pientibus
626 1505 663 1574 et
688 1500 878 1595 virtuosis3
905 1507 943 1574 et
967 1500 1070 1574 dicit:
1090 1503 1203 1593 dagno
1226 1503 1264 1574 dt
1286 1507 1384 1574 tunm
1408 1503 1595 1576 riomenzo

417 1623 456 1694 tn
481 1624 582 1713 enm,
608 1620 699 1695 idest
724 1620 761 1694 in
793 1619 1017 1717 apparentia.
1051 1621 1140 1694 Erat
1167 1625 1294 1694 autem
1328 1620 1419 1694 Cato
1447 1643 1594 1698 summe

419 1739 647 1816 reverendus
659 1733 695 1832 (⁴)
724 1741 866 1814 ratione
891 1740 1018 1834 aetatis,
1045 1741 1132 1834 quia
1158 1759 1295 1835 senen,
1321 1740 1481 1835 natione,
1507 1742 1594 1836 quia

419 1880 620 1954 romanus3
648 1859 834 1956 dignitate,
852 1860 937 1954 quia
960 1867 1108 1934 senator
1135 1861 1248 1955 urbis,
1266 1867 1304 1934 et
1324 1862 1471 1934 iunctus
1496 1862 1594 1935 mul-

419 1980 780 2077 tismagistratibus3
806 1981 971 2055 claritate
997 1980 1182 2076 sapientiae
1207 1986 1244 2055 et
1273 1980 1429 2074 virtutis,
1456 2001 1540 2074 quae
1556 1971 1592 2073 (¹)

420 2102 620 2177 reddebant
646 2121 734 2176 eum
760 2101 1009 2177 venerabilem
1036 2101 1148 2177 etiam
1172 2100 1347 2195 hostibus,
1366 2103 1425 2174 ebe
1440 2097 1504 2194 ptri
1520 2121 1593 2173 non

418 2225 481 2296 dee
505 2226 545 2295 ut
561 2225 679 2316 padre
703 2227 807 2298 deun
828 2227 995 2316 premio.
1019 2223 1063 2299 Et
1087 2223 1145 2296 lrie
1170 2229 1257 2296 uota
1281 2222 1377 2297 bene
1402 2223 1502 2316 quod
1527 2245 1594 2318 pa-

419 2351 541 2420 rentes
566 2352 652 2418 sunt
676 2344 881 2420 honorandi
906 2365 928 2418 a
953 2344 1033 2418 liliis
1059 2351 1140 2439 post
1155 2334 1191 2437 (³)
1218 2343 1318 2439 dene,
1339 2353 1381 2420 ut
1404 2343 1490 2418 dicit
1515 2344 1594 2438 phi-

416 2466 612 2560 losophus:
640 2465 703 2540 sed
729 2466 757 2539 si
784 2465 996 2560 parentibus
1014 2465 1076 2559 qui
1101 2465 1282 2540 dederunt
1308 2465 1412 2539 nobis
1437 2484 1593 2559 corpora

416 2587 596 2662 debemus
621 2586 757 2680 omnia,
783 2592 821 2659 et
846 2586 874 2658 si
901 2585 1089 2660 datoribus
1117 2584 1382 2660 beneficiorum
1414 2586 1594 2660 debemus

419 2704 559 2800 multa;
586 2709 724 2800 quanto
751 2704 868 2800 magis
892 2703 939 2779 de
968 2704 1072 2777 nobis
1103 2708 1189 2777 sunt
1220 2703 1316 2779 bene
1347 2705 1467 2779 meriti
1498 2723 1593 2800 prae-

417 2833 584 2920 ceptores
610 2831 647 2900 et
673 2823 836 2920 magistri
855 2824 917 2918 qui
937 2823 1191 2898 formaverunt
1210 2813 1396 2917 animost⁸l
1420 2828 1594 2898 nostros?

420 2945 533 3018 Primi
559 2945 657 3020 enim
683 2945 864 3020 dederunt
890 2944 994 3018 nobis
1020 2945 1159 3019 donum
1192 2944 1430 3038 corruptibile
1462 2949 1500 3018 et
1531 2963 1594 3019 ca·

419 3067 583 3161 dueum3
616 3065 675 3140 alii
711 3086 801 3142 vero
835 3064 975 3140 donum
1009 3065 1230 3140 immortale.
1262 3065 1306 3138 Et
1334 3067 1434 3139 bunc
1466 3083 1593 3139 senem

421 3186 505 3281 vidi,
523 3188 654 3260 cotn’t'o
670 3188 734 3260 dul
748 3188 826 3259 loro
842 3188 1001 3278 spaurde
1014 3188 1070 3280 sui
1078 3189 1227 3278 partito,
1245 3185 1347 3280 idest,
1366 3185 1488 3258 statim
1505 3204 1592 3258 eum

422 3305 564 3380 removi
589 3307 716 3380 oeulos
737 3325 839 3380 meos
856 3306 904 3380 ab
920 3305 1145 3400 inspectione
1163 3307 1307 3379 illarum
1329 3312 1491 3400 quatuor
1507 3304 1595 3380 stel-

418 3425 555 3520 larum,
579 3447 628 3499 un
647 3445 740 3517 poco
764 3445 818 3498 rne
843 3427 1014 3515 ootpendo
1047 3447 1071 3498 u
1102 3427 1231 3498 tattro
1262 3429 1358 3517 poto,
1384 3424 1519 3498 seilicet
1548 3423 1595 3498 ad

421 3551 589 3620 nostrum
615 3546 793 3636 artiuum3
819 3552 857 3621 et
882 3567 955 3620 nou
981 3545 1162 3642 intelligas
1183 3546 1282 3639 quod
1308 3545 1438 3619 viderit
1463 3546 1596 3641 ipsum,

419 3664 519 3760 quia,
537 3672 578 3737 ut
590 3667 668 3761 jam
687 3665 825 3740 dictum
844 3674 909 3761 est,
925 3687 999 3740 non
1016 3673 1161 3761 poterat
1178 3665 1288 3740 simul
1306 3665 1432 3741 videre
1448 3671 1596 3739 utrum·

419 3805 496 3878 que
520 3787 665 3880 polum;
688 3805 756 3860 nee
781 3792 891 3860 autor
916 3786 1001 3861 dicit
1018 3806 1058 3860 se
1076 3787 1206 3861 vidisse
1225 3786 1346 3881 ipsum
1365 3785 1503 3880 polum,
1521 3785 1597 3860 imo

420 3905 508 3980 dicit
532 3908 772 4003 contrarium,
800 3907 886 4002 quia
911 3905 1013 3981 dicit:
1035 3895 1071 3980 td
1089 3909 1179 3980 unde
1197 3909 1363 3998 itcorro,
1388 3905 1489 4000 idest,
1508 3927 1597 3980 cou-

386 4023 577 4102 'stellatio
603 4028 701 4103 eirca
725 4030 852 4124 polum
879 4035 1060 4122 nostrum,
1087 4049 1172 4122 quae
1197 4027 1331 4100 dicitur
1352 4048 1439 4100 ursa
1466 4025 1596 4121 maior,

420 4138 483 4239 pid
502 4169 566 4221 eru
586 4153 745 4243 spurito;
765 4169 831 4245 per
853 4148 952 4244 quod
978 4148 1040 4222 dat
1064 4149 1214 4246 intelligi
1240 4149 1339 4243 quod
1360 4147 1438 4244 jam
1466 4147 1598 4221 transi-

421 4274 528 4344 verat
553 4269 599 4343 ad
630 4270 728 4345 aliud
762 4269 1024 4366 hemisperium
1055 4269 1118 4344 ubi
1152 4291 1226 4344 non
1258 4270 1457 4365 apparebat
1491 4269 1597 4363 polus

423 4396 558 4484 noster,
585 4390 648 4484 qui
674 4397 798 4464 tamen
824 4391 919 4465 bene
944 4389 1144 4485 apparebat
1170 4390 1207 4463 iu
1233 4397 1357 4464 nostro
1375 4387 1598 4484 hemisperio

421 4509 603 4604 superiori
629 4515 827 4604 autequam
855 4511 1047 4584 transitum
1068 4510 1207 4585 laceret
1229 4509 1276 4585 ad
1301 4510 1390 4584 illud
1414 4509 1599 4604 hemispe-

421 4629 530 4702 rium.
558 4630 633 4704 Nee
652 4649 824 4724 exponas,
843 4630 936 4704 sicut
952 4629 1065 4723 aliqui
1082 4630 1173 4704 salso
1193 4636 1393 4725 exponunt,
1412 4629 1509 4723 quod
1527 4649 1598 4703 au-

421 4753 481 4822 tor
505 4747 592 4824 velit
617 4748 740 4824 dicere
765 4749 864 4844 quod
884 4750 963 4845 jam
991 4749 1100 4824 tiebat
1131 4749 1220 4844 dies,
1251 4749 1338 4844 quia
1375 4757 1462 4824 tunc
1491 4750 1597 4845 plau-

420 4876 541 4942 strum
567 4869 726 4964 disparet
751 4869 854 4944 uobis
875 4876 1066 4964 ,quantum
1097 4870 1291 4945 adnisum
1318 4877 1504 4965 nostrum3
1531 4868 1595 4944 sed

483 5057 510 5118 l')
527 5056 552 5107 S·
569 5058 705 5108 verendus·
1048 5056 1076 5120 (²)
1093 5060 1123 5110 E.
1140 5061 1301 5124 quaomnia
1318 5061 1469 5112 reddebant.

484 5131 511 5196 (¹)
527 5133 558 5184 E.
575 5138 631 5198 post
650 5135 743 5198 Deum
761 5140 788 5187 et
804 5141 833 5188 ut
849 5137 918 5187 dicit.
1051 5136 1078 5200 (⁸)
1095 5140 1150 5198 ur,
1167 5139 1265 5189 animas
1280 5142 1390 5189 nostras.
