4542 6842
718 968 788 1036 1l8
1075 980 1279 1037 conburunt
1304 982 1528 1037 rououromr

716 1126 787 1201 Per
813 1126 882 1199 boc
907 1124 1062 1200 ostendit
1087 1125 1187 1220 qnod
1213 1126 1402 1202 redierunt
1433 1128 1470 1201 in
1504 1124 1662 1220 instanti,
1689 1132 1771 1199 tum
1803 1122 1890 1219 qnia

717 1252 823 1321 eraut
848 1245 1063 1320 velocissimi
1088 1245 1134 1321 de
1159 1267 1212 1341 se,
1238 1254 1317 1321 turn
1351 1246 1437 1342 quia
1469 1247 1552 1321 lacti
1583 1251 1689 1321 erant
1718 1244 1813 1321 avidi
1844 1264 1891 1318 er

717 1364 839 1439 verbis
855 1364 1004 1461 Virgilii,
1025 1366 1150 1440 audito
1171 1367 1276 1461 'quod
1301 1367 1368 1442 iste
1390 1373 1470 1442 erat
1487 1388 1585 1441 unus
1605 1366 1723 1462 vivus,
1742 1364 1806 1460 qui
1824 1384 1892 1459 po·

717 1490 813 1559 terat
837 1484 1008 1560 breviare
1032 1486 1084 1559 eis
1110 1492 1256 1581 tempus
1281 1493 1319 1561 et
1350 1488 1504 1583 longare
1536 1486 1686 1580 lamam,
1712 1484 1806 1558 siout
1836 1481 1890 1556 vi-

716 1605 819 1681 debis
845 1604 944 1699 quod
969 1605 1046 1700 ipse
1062 1606 1170 1681 laciet
1188 1606 1406 1682 memoriam
1424 1613 1640 1703 perpetuam
1662 1607 1709 1681 de
1725 1604 1781 1679 bis
1797 1604 1891 1678 duo·

718 1726 798 1801 bns.
824 1725 867 1799 Et
899 1732 954 1800 est
977 1726 1203 1822 comparatio
1228 1726 1334 1801 valde
1361 1726 1507 1822 propria
1533 1726 1580 1801 de
1605 1724 1788 1821 spiritibus
1813 1722 1889 1797 istis

718 1845 854 1939 calidis,
877 1846 1069 1920 subtilibus
1082 1838 1134 1940 (¹),
1151 1848 1197 1921 ad
1215 1868 1370 1942 vapores
1387 1846 1548 1940 subtiles,
1566 1865 1750 1936 accensos,
1768 1846 1889 1936 leves3

719 1972 758 2041 et
781 1966 831 2040 iia
856 1966 902 2040 ad
928 1966 1044 2041 nubes
1071 1965 1226 2060 veloces,
1244 1988 1328 2061 quae
1350 1966 1470 2041 subito
1487 1972 1645 2039 currunt
1664 1984 1731 2060 per
1749 1983 1889 2057 aerem,

719 2086 813 2161 sicut
839 2106 937 2159 nuuc
963 2086 1030 2179 isti,
1052 2085 1127 2160 imo
1154 2085 1231 2160 siue
1256 2086 1531 2181 comparatione
1556 2084 1718 2160 velocius
1743 2084 1891 2157 iverunt

719 2212 757 2281 et
777 2205 975 2298 redierunt,
995 2227 1106 2299 quam
1125 2206 1238 2301 aliqui
1255 2227 1411 2301 vapores
1427 2206 1635 2301 asceudant,
1654 2204 1741 2299 quia
1757 2204 1890 2279 animae

718 2335 805 2401 sunt
830 2327 1057 2421 incorporeae
1070 2351 1080 2421 ;
1106 2326 1189 2401 ideo
1214 2327 1309 2401 benc
1334 2327 1430 2422 dicit,
1458 2327 1556 2421 qnod
1582 2346 1786 2420 numquam
1805 2322 1892 2399 vidit

719 2454 859 2523 tanturn
886 2446 1127 2522 velocitatem.
1158 2447 1201 2520 nt
1233 2447 1348 2543 tangit
1379 2448 1467 2541 quid
1496 2448 1675 2542 iecerunt,
1701 2446 1893 2521 diceuszc

719 2568 831 2661 pinati
847 2558 896 2657 ld,
913 2569 990 2640 dier
1014 2570 1108 2640 volta
1132 2588 1158 2639 a
1174 2570 1244 2651 ‚noi
1266 2588 1333 2640 con
1347 2570 1399 2658 pii
1414 2570 1511 2659 uitri,
1528 2566 1631 2662 idest,
1649 2588 1736 2643 cum
1758 2572 1892 2641 caetera

720 2686 955 2764 multitudiue
972 2708 1108 2783 magna
1129 2686 1246 2780 valde,
1265 2707 1349 2781 qnae
1375 2688 1469 2761 lacta
1496 2693 1551 2762 est
1569 2685 1688 2781 avida,
1708 2685 1831 2761 audita
1850 2705 1893 2783 re

719 2815 796 2884 lam
832 2806 1002 2899 mirabili,
1034 2827 1056 2880 a
1090 2805 1209 2899 simili,
1248 2828 1344 2880 come
1377 2810 1512 2880 schiera
1549 2810 1609 2880 cle
1645 2828 1747 2881 corre
1783 2826 1892 2880 senza

717 2933 835 3024 freno,
867 2927 969 3019 idest,
996 2925 1074 3000 sine
1102 2926 1231 3002 ordine
1263 2927 1387 3021 aliquo
1412 2928 1552 3022 absque
1586 2948 1632 3004 eo
1665 2926 1763 3022 quod
1795 2946 1891 3000 unus

719 3038 934 3138 differret&
962 3046 1079 3139 alteri,
1097 3053 1134 3120 et
1151 3046 1201 3121 ita
1226 3046 1283 3120 isti
1308 3048 1455 3122 inerant
1478 3046 1648 3122 ardentes
1674 3046 1820 3143 spiritus
1838 3044 1893 3119 el·

719 3166 865 3241 froeuati
890 3166 928 3239 iu
953 3165 1037 3240 vita.
1052 3204 1102 3219 -
1118 3170 1255 3253 onesta.
1283 3166 1347 3241 llic
1376 3172 1484 3261 poeta
1514 3166 1669 3244 ostendit
1700 3166 1891 3241 consilium

720 3285 857 3383 Virgilii
883 3285 980 3360 circa
1006 3283 1112 3358 istam
1140 3286 1286 3359 turbam
1314 3307 1552 3362 numerosam
1583 3286 1818 3381 servandum,
1845 3288 1893 3360 ne

719 3405 949 3501 expendatur
980 3405 1136 3479 nimium
1170 3407 1345 3502 temporis
1376 3407 1562 3504 inutiliter,
1587 3406 1735 3483 dicens:
1761 3410 1852 3481 disse
1872 3408 1897 3479 'i

716 3535 836 3621 poeta,
862 3526 1008 3619 scilicet,
1041 3525 1237 3621 Virgilius:
1264 3534 1383 3619 questa
1407 3537 1518 3621 penta
1544 3532 1604 3602 cle
1621 3550 1757 3623 preme,
1791 3528 1894 3621 idest,

721 3642 808 3723 cum
842 3666 1015 3741 pressura
1041 3646 1152 3740 veuit,
1183 3667 1207 3718 c
1240 3650 1312 3737 noi,
1339 3647 1446 3722 avida
1475 3648 1619 3723 videndi
1653 3656 1691 3723 et
1724 3647 1895 3725 audiendi

720 3774 768 3861 te,
794 3762 815 3839 e*
837 3768 957 3855 amito,
983 3766 1081 3860 quia,
1106 3776 1149 3842 ut
1173 3786 1240 3861 per
1272 3788 1312 3841 se
1345 3773 1456 3863 patet,
1481 3768 1585 3842 multi
1612 3774 1698 3843 suut
1723 3774 1760 3843 el
1785 3768 1894 3843 innn-

720 3887 915 3962 merabiles
940 3886 989 3959 illi
1015 3886 1079 3981 qui
1104 3887 1375 3963 interficiuntur
1403 3894 1476 3963 tota
1498 3889 1566 3983 die,
1586 3910 1747 3984 quorum
1773 3888 1891 3982 multi,

719 4009 749 4083 si
775 4007 1062 4103 supervixissent
1086 4006 1235 4102 diutius,
1254 4009 1347 4082 lorte
1368 4010 1551 4087 venissent
1572 4010 1617 4085 ad
1639 4009 1888 4106 poenitentiam

718 4134 806 4204 ante
830 4134 1008 4221 mortem;
1034 4149 1053 4199 e
1082 4132 1244 4218 nequead
1269 4150 1463 4222 apreqar,
1490 4130 1583 4204 sicut
1605 4130 1731 4204 statim
1753 4127 1892 4203 videbis

719 4249 757 4322 in
775 4248 892 4321 tribus
908 4247 1106 4341 spiritibus,
1120 4248 1183 4342 qui
1200 4250 1451 4343 precabuntur
1468 4250 1634 4345 Dantem,
1650 4256 1690 4323 ut
1707 4251 1784 4344 ipse
1805 4270 1890 4345 pre·

719 4378 826 4446 cetur
850 4390 919 4465 pro
944 4368 1013 4464 eis,
1040 4375 1078 4443 et
1101 4368 1148 4443 de
1175 4369 1297 4443 multis
1322 4368 1401 4443 aliis
1421 4370 1563 4445 dicetur
1584 4370 1621 4444 iu
1641 4370 1815 4465 principio
1831 4390 1890 4444 se·-

720 4492 864 4587 queutis
896 4490 1056 4586 capituli,
1089 4491 1187 4565 unde
1220 4490 1326 4563 nimis
1358 4490 1513 4565 haberes
1546 4491 1678 4587 lacere,
1705 4483 1794 4584 perd
1820 4512 1891 4584 pur

720 4616 790 4704 vo',
807 4613 910 4706 idest,
932 4632 1006 4685 nou
1031 4610 1242 4705 remoreris,
1260 4619 1294 4685 et
1307 4612 1344 4683 ia
1361 4614 1530 4685 cudendo
1548 4615 1694 4704 assolta,
1713 4612 1798 4706 quia
1816 4632 1890 4686 non

720 4738 776 4808 est
805 4733 865 4807 bic
897 4753 991 4827 opus
1024 4752 1159 4828 magua
1189 4730 1436 4827 speculatione
1466 4731 1578 4806 animi
1610 4732 1647 4806 in
1680 4732 1892 4807 assultando

721 4853 819 4947 istos,
845 4853 939 4927 sicut
964 4873 1075 4946 supra
1101 4852 1138 4925 iu
1168 4851 1349 4925 audiendo
1380 4872 1507 4949 regem
1538 4853 1778 4947 blanlredum,
1804 4873 1889 4927 cnm

784 5103 810 5166 (¹)
828 5109 881 5165 117,
898 5105 1042 5166 subtilibus,
1060 5106 1191 5157 velocibus
1207 5105 1240 5155 ad
1255 5118 1372 5167 vapores.
1498 5104 1526 5169 (¹)
1541 5105 1567 5157 S.
1583 5118 1598 5155 e
1614 5106 1645 5157 Ε.
1661 5104 1783 5157 deferret.
