4542 6842
798 992 936 1049 caurus
960 994 1139 1060 eurrrus.
1268 1018 1288 1051 .·
1488 982 1556 1049 121

387 1135 541 1212 tisiactiu
569 1136 769 1231 requiritur
802 1138 963 1213 tendenti
991 1137 1039 1212 ad
1070 1136 1333 1233 poeniteutiam.
1365 1138 1409 1211 Et
1437 1136 1560 1212 subdit

384 1257 571 1351 quomodo
604 1257 773 1353 petiverit
801 1279 824 1332 a
854 1258 1002 1355 Virgilio
1034 1258 1082 1333 de
1111 1258 1276 1333 ulteriori
1310 1257 1369 1333 ria
1399 1257 1556 1333 tenenda

384 1378 530 1453 dicens:
561 1383 717 1452 Maestro
748 1382 830 1471 ntio,
861 1379 963 1473 idest,
992 1401 1016 1453 ο
1048 1378 1183 1477 Virgili,
1214 1380 1279 1473 qui
1308 1378 1461 1455 docuisti
1497 1398 1558 1453 me

385 1518 535 1573 omnem
559 1499 667 1592 viam,
684 1501 767 1573 dim
779 1502 839 1573 io:
856 1502 915 1573 cte
940 1504 998 1573 eiu
1012 1503 1181 1594 surmio?
1192 1502 1257 1592 pei
1275 1501 1334 1572 cle
1349 1502 1410 1571 noi
1421 1503 1557 1594 summo

384 1621 423 1693 in
455 1640 496 1692 su
526 1623 641 1694 l'orle
673 1641 850 1713 reprenso,
882 1619 985 1712 idest,
1018 1625 1211 1715 postquam
1243 1620 1478 1713 pervenimus
1511 1619 1558 1694 ad

385 1740 496 1831 linem
518 1740 613 1816 illius
639 1739 709 1815 viae
733 1749 874 1815 cavalae
903 1740 939 1814 in
971 1739 1099 1815 ultima
1125 1738 1370 1832 extremitate,
1395 1742 1558 1813 dell’alla

385 1864 481 1953 ripa,
506 1860 617 1957 ipsius
642 1860 788 1955 montis,
814 1883 838 1934 a
862 1864 900 1933 lu
922 1867 1084 1953 scopata
1111 1852 1272 1953 piayyiu,
1297 1859 1401 1953 idest,
1428 1859 1558 1955 ripam,

386 1979 472 2076 quia
489 1981 591 2075 prius
608 1981 752 2056 iverant
768 1980 932 2076 oooperti
954 1980 1048 2055 intra
1064 1973 1102 2072 (¹)
1123 1980 1221 2053 illam
1245 1979 1353 2053 riam.
1367 2018 1417 2031 —-
1429 1983 1462 2051 E
1477 2000 1560 2070 que-

385 2104 445 2195 oli.
471 2101 536 2175 Hic
560 2107 668 2196 poeta
697 2100 799 2196 ponit
829 2100 1103 2197 responsionem
1135 2099 1272 2196 Virgilii
1303 2120 1389 2175 cum
1421 2100 1560 2195 optimo

385 2222 535 2297 consilio
559 2222 657 2297 circa
683 2222 780 2297 viam
807 2243 941 2296 novam
968 2221 1109 2297 dicens:
1130 2243 1150 2294 e
1169 2224 1283 2314 queyli
1298 2242 1323 2295 a
1340 2242 1405 2313 me,
1424 2220 1561 2295 scilicet

385 2343 557 2439 Virgilius
583 2342 786 2437 respondit:
812 2363 939 2416 nessmr
964 2350 1022 2416 luo
1035 2365 1144 2435 passo
1167 2346 1309 2435 coyata,
1327 2342 1429 2435 idest,
1448 2340 1560 2415 decli·

386 2468 450 2537 net
466 2461 503 2535 in
520 2461 710 2547 dexteram
730 2463 788 2537 vel
804 2462 1000 2557 sinistram,
1014 2463 1099 2557 quia
1118 2463 1168 2537 ibi
1186 2483 1258 2535 non
1272 2468 1352 2536 erat
1364 2461 1506 2558 signata
1518 2451 1557 2553 (²)

386 2582 446 2657 ria
470 2588 584 2674 certa,
609 2581 691 2657 ideo
717 2602 790 2657 non
816 2589 896 2659 erat
922 2582 1168 2657 recedendum
1195 2604 1218 2656 a
1244 2582 1350 2676 duce,
1369 2581 1432 2675 qui
1455 2588 1561 2655 tene·

387 2703 451 2777 lut
482 2702 645 2778 medium
679 2702 847 2777 rationis:
884 2704 983 2778 unde
1006 2703 1114 2778 dicit:
1144 2724 1219 2796 pur
1250 2724 1333 2776 ruso
1366 2705 1406 2775 al
1429 2708 1557 2793 meum,

387 2824 540 2899 tendens
564 2823 601 2898 in
632 2825 762 2919 altum,
787 2827 899 2898 dietre
920 2846 946 2897 a
962 2845 1016 2897 nte
1031 2826 1202 2915 aequum,
1219 2843 1377 2917 sequens
1404 2821 1555 2918 vestigia

390 2964 484 3036 mea,
506 2939 621 3035 fiacld
651 2946 831 3036 a'appaia
861 2947 990 3018 alcuna
1022 2951 1141 3017 scorta
1168 2946 1309 3035 sauata,
1335 2941 1438 3033 idest,
1473 2960 1559 3035 quae

387 3064 476 3139 scial
500 3064 635 3139 docere
660 3084 727 3138 nos
753 3064 863 3157 riam,
883 3065 978 3138 sieut
999 3065 1109 3160 paulo
1134 3070 1220 3138 ante
1246 3063 1329 3138 lecit
1353 3064 1424 3137 alia
1449 3061 1559 3137 turba

386 3184 607 3259 animarum.
634 3185 679 3258 El
703 3184 873 3259 describit
897 3191 1004 3281 poeta
1021 3184 1248 3258 altitudinem
1278 3183 1478 3277 montisel
1500 3202 1561 3257 re-

386 3303 599 3379 ctiludirrem
625 3304 694 3378 riae
723 3324 789 3398 per
821 3325 933 3380 uuam
964 3304 1122 3378 nobilem
1151 3302 1476 3398 comparationem,
1504 3302 1560 3375 di-

385 3444 496 3498 ceus:
529 3428 565 3497 lo
594 3445 729 3499 sommo
759 3446 825 3497 era
855 3429 941 3517 ullo,
968 3424 1070 3518 idest,
1101 3444 1282 3499 cacumen
1314 3424 1447 3497 montis
1478 3430 1559 3497 erat

384 3544 515 3638 altum,
539 3552 577 3619 el
608 3552 683 3619 tarn
715 3546 847 3639 altum,
871 3548 932 3619 elle
957 3548 1078 3618 vinceu
1108 3548 1146 3619 lu
1178 3549 1279 3635 virtu,
1309 3544 1396 3638 quia
1427 3545 1560 3618 oculus

385 3664 571 3739 humanus
588 3686 661 3741 non
675 3672 793 3761 potest
802 3656 838 3758 (³)
854 3665 1037 3761 attingere
1052 3664 1303 3739 summitatem
1324 3663 1434 3737 huius
1452 3684 1559 3738 mou-

386 3784 431 3858 tis
456 3785 519 3879 qui
544 3785 689 3882 attingit
712 3786 862 3879 omium,
890 3794 932 3859 ut
960 3805 1058 3879 saepe
1078 3785 1158 3881 jam
1184 3785 1321 3859 dictum
1349 3791 1465 3859 estet
1491 3804 1560 3857 sae-

386 3904 468 3999 pius
491 3904 646 3999 dicetur,
671 3928 691 3978 e
721 3909 758 3978 lu
788 3914 898 3998 costa,
925 3905 1027 3999 idest,
1054 3904 1290 3979 tumorositas
1324 3914 1362 3981 el
1394 3903 1558 3998 repentia

387 4025 533 4121 mentis,
568 4030 667 4099 assai
690 4022 753 4120 piri
782 4027 947 4122 superba,
980 4025 1082 4119 idest,
1117 4026 1233 4099 mullo
1264 4026 1346 4121 plus
1376 4023 1492 4121 rigida
1521 4031 1559 4099 et

388 4154 501 4240 recta,
525 4149 585 4219 cle
609 4149 701 4237 luta,
727 4146 830 4241 idest,
856 4146 964 4239 linea,
983 4149 1033 4218 da
1057 4166 1180 4217 mzzo
1205 4147 1402 4235 quadrante
1427 4166 1451 4215 a
1477 4165 1558 4217 can-

386 4274 453 4340 tro.
488 4267 533 4339 Et
565 4287 640 4341 non
670 4266 861 4363 intelligas,
893 4267 1020 4361 lector,
1052 4265 1147 4340 sicut
1181 4266 1286 4338 mulli
1322 4265 1419 4339 male
1454 4264 1560 4338 intel·

386 4388 504 4483 ligurii
536 4386 605 4481 lric,
639 4387 738 4481 quod
764 4386 833 4461 isla
866 4393 966 4462 costa
1000 4392 1095 4462 esset
1129 4386 1179 4461 ila
1214 4394 1326 4480 recta,
1361 4384 1454 4459 sicul
1484 4404 1559 4459 una

386 4507 481 4583 linea
511 4508 631 4604 longa,
664 4529 749 4603 quae
779 4508 924 4603 respicit
952 4528 1114 4602 sursum,
1145 4506 1232 4601 quia
1263 4506 1291 4581 si
1324 4506 1401 4602 ripa
1433 4506 1560 4581 suisset

384 4628 431 4701 ad
461 4629 613 4703 medum
645 4629 755 4722 muri,
785 4650 977 4723 nunquam
1007 4629 1142 4703 [lantes
1179 4627 1355 4724 potuisset
1384 4628 1439 4702 ire
1472 4649 1559 4703 cum

387 4748 541 4844 pedibus
570 4749 665 4822 suis:
701 4750 799 4824 unde
832 4749 961 4844 vidisti,
992 4750 1090 4844 quod
1110 4750 1189 4844 jam
1224 4734 1355 4823 totiens
1387 4748 1559 4845 Virgilius

386 4868 544 4964 pertavit
569 4869 689 4964 ipsum
715 4870 752 4943 in
769 4870 924 4964 inieruu,
941 4870 1089 4964 quando
1111 4870 1332 4945 invenerunt
1349 4870 1440 4945 tales
1461 4869 1558 4962 vias;

448 5129 477 5193 (¹)
492 5130 519 5181 S.
534 5132 648 5183 inillam
665 5134 741 5185 mam.
867 5131 894 5196 ι’)
911 5134 936 5183 S.
953 5137 1087 5198 ωίκιιεῑι.
1212 5133 1240 5195 (⁸)
1257 5138 1311 5195 117,
1327 5147 1379 5183 non
1397 5137 1505 5197 peterat.
