<?xml version="1.0" encoding="UTF-8"?>
<!DOCTYPE html PUBLIC "-//W3C//DTD XHTML 1.0 Transitional//EN"
    "http://www.w3.org/TR/xhtml1/DTD/xhtml1-transitional.dtd">
<html xmlns="http://www.w3.org/1999/xhtml" xml:lang="en" lang="en">
 <head>
  <title>
</title>
<meta http-equiv="Content-Type" content="text/html;charset=utf-8" />
  <meta name='ocr-system' content='tesseract 3.04.00' />
  <meta name='ocr-capabilities' content='ocr_page ocr_carea ocr_par ocr_line ocrx_word'/>
</head>
<body>
  <div class='ocr_page' id='page_1' title='image "./comentumsuperda01unkngoog_0185.png"; bbox 0 0 4542 6842; ppageno 0'>
   <div class='ocr_carea' id='block_1_1' title="bbox 805 958 1547 1027">
    <p class='ocr_par' dir='ltr' id='par_1_1' title="bbox 805 958 1547 1027">
     <span class='ocr_line' id='line_1_1' title="bbox 805 958 1547 1027; baseline 0.003 -4"><span class='ocrx_word' id='word_1_1' title='bbox 805 968 946 1025; x_wconf 78' lang='lat' dir='ltr'>caurus</span> <span class='ocrx_word' id='word_1_2' title='bbox 969 970 1115 1025; x_wconf 76' lang='lat' dir='ltr'>scarus.</span> <span class='ocrx_word' id='word_1_3' title='bbox 1478 958 1547 1027; x_wconf 86' lang='grc'>169</span> 
     </span>
    </p>
   </div>
   <div class='ocr_carea' id='block_1_2' title="bbox 375 1114 1625 1813">
    <p class='ocr_par' dir='ltr' id='par_1_2' title="bbox 375 1114 1625 1813">
     <span class='ocr_line' id='line_1_2' title="bbox 378 1114 1547 1213; baseline 0.005 -26"><span class='ocrx_word' id='word_1_4' title='bbox 378 1114 515 1189; x_wconf 89' lang='lat' dir='ltr'>multas</span> <span class='ocrx_word' id='word_1_5' title='bbox 540 1122 578 1189; x_wconf 89' lang='lat' dir='ltr'>et</span> <span class='ocrx_word' id='word_1_6' title='bbox 603 1134 756 1209; x_wconf 77' lang='lat' dir='ltr'>magnas</span> <span class='ocrx_word' id='word_1_7' title='bbox 780 1116 932 1209; x_wconf 79' lang='lat' dir='ltr'>praedas,</span> <span class='ocrx_word' id='word_1_8' title='bbox 958 1114 1008 1191; x_wconf 92' lang='lat' dir='ltr'>ita</span> <span class='ocrx_word' id='word_1_9' title='bbox 1037 1116 1136 1210; x_wconf 87' lang='lat' dir='ltr'>quod</span> <span class='ocrx_word' id='word_1_10' title='bbox 1166 1116 1289 1191; x_wconf 91' lang='lat' dir='ltr'>nullus</span> <span class='ocrx_word' id='word_1_11' title='bbox 1318 1124 1462 1213; x_wconf 87' lang='lat' dir='ltr'>poterat</span> <span class='ocrx_word' id='word_1_12' title='bbox 1492 1118 1547 1193; x_wconf 87' lang='lat' dir='ltr'>ire</span> 
     </span>
     <span class='ocr_line' id='line_1_3' title="bbox 376 1235 1548 1332; baseline 0.003 -23"><span class='ocrx_word' id='word_1_13' title='bbox 376 1241 478 1309; x_wconf 91' lang='lat' dir='ltr'>tutus</span> <span class='ocrx_word' id='word_1_14' title='bbox 503 1235 659 1310; x_wconf 82' lang='lat' dir='ltr'><strong>Romam</strong></span> <span class='ocrx_word' id='word_1_15' title='bbox 685 1235 745 1309; x_wconf 87' lang='lat' dir='ltr'>vel</span> <span class='ocrx_word' id='word_1_16' title='bbox 769 1235 841 1311; x_wconf 92' lang='lat' dir='ltr'>alio</span> <span class='ocrx_word' id='word_1_17' title='bbox 865 1256 931 1331; x_wconf 90' lang='lat' dir='ltr'>per</span> <span class='ocrx_word' id='word_1_18' title='bbox 956 1243 1078 1332; x_wconf 78' lang='lat' dir='ltr'>partes</span> <span class='ocrx_word' id='word_1_19' title='bbox 1102 1235 1191 1311; x_wconf 89' lang='lat' dir='ltr'>illas.</span> <span class='ocrx_word' id='word_1_20' title='bbox 1219 1236 1289 1313; x_wconf 87' lang='lat' dir='ltr'>Sed</span> <span class='ocrx_word' id='word_1_21' title='bbox 1320 1237 1397 1313; x_wconf 88' lang='lat' dir='ltr'>iere</span> <span class='ocrx_word' id='word_1_22' title='bbox 1424 1239 1548 1313; x_wconf 90' lang='lat' dir='ltr'>nullus</span> 
     </span>
     <span class='ocr_line' id='line_1_4' title="bbox 375 1355 1548 1453; baseline 0.002 -23"><span class='ocrx_word' id='word_1_23' title='bbox 375 1355 587 1431; x_wconf 82' lang='lat' dir='ltr'>incurrebat</span> <span class='ocrx_word' id='word_1_24' title='bbox 612 1374 744 1430; x_wconf 89' lang='lat' dir='ltr'>manus</span> <span class='ocrx_word' id='word_1_25' title='bbox 770 1356 861 1451; x_wconf 90' lang='lat' dir='ltr'>eius,</span> <span class='ocrx_word' id='word_1_26' title='bbox 888 1357 951 1452; x_wconf 90' lang='lat' dir='ltr'>qui</span> <span class='ocrx_word' id='word_1_27' title='bbox 977 1378 1051 1431; x_wconf 90' lang='lat' dir='ltr'>nou</span> <span class='ocrx_word' id='word_1_28' title='bbox 1076 1358 1266 1433; x_wconf 79' lang='lat' dir='ltr'>recederet</span> <span class='ocrx_word' id='word_1_29' title='bbox 1286 1364 1491 1453; x_wconf 85' lang='lat' dir='ltr'>contentus,</span> <span class='ocrx_word' id='word_1_30' title='bbox 1510 1365 1548 1434; x_wconf 87' lang='lat' dir='ltr'>et</span> 
     </span>
     <span class='ocr_line' id='line_1_5' title="bbox 375 1475 1547 1553; baseline 0 -2"><span class='ocrx_word' id='word_1_31' title='bbox 375 1486 520 1552; x_wconf 87' lang='lat' dir='ltr'>amaret</span> <span class='ocrx_word' id='word_1_32' title='bbox 544 1482 583 1551; x_wconf 94' lang='lat' dir='ltr'>et</span> <span class='ocrx_word' id='word_1_33' title='bbox 606 1475 774 1549; x_wconf 85' lang='lat' dir='ltr'>laudaret</span> <span class='ocrx_word' id='word_1_34' title='bbox 798 1496 898 1550; x_wconf 92' lang='lat' dir='ltr'>eum.</span> <span class='ocrx_word' id='word_1_35' title='bbox 925 1477 969 1549; x_wconf 89' lang='lat' dir='ltr'>Et</span> <span class='ocrx_word' id='word_1_36' title='bbox 993 1476 1080 1551; x_wconf 93' lang='lat' dir='ltr'>audi</span> <span class='ocrx_word' id='word_1_37' title='bbox 1102 1498 1245 1551; x_wconf 90' lang='lat' dir='ltr'>morem</span> <span class='ocrx_word' id='word_1_38' title='bbox 1267 1476 1485 1553; x_wconf 84' lang='lat' dir='ltr'>laudabilem</span> <span class='ocrx_word' id='word_1_39' title='bbox 1510 1477 1547 1551; x_wconf 94' lang='lat' dir='ltr'>in</span> 
     </span>
     <span class='ocr_line' id='line_1_6' title="bbox 376 1595 1625 1693; baseline 0.002 -23"><span class='ocrx_word' id='word_1_40' title='bbox 376 1596 438 1671; x_wconf 91' lang='lat' dir='ltr'>tali</span> <span class='ocrx_word' id='word_1_41' title='bbox 462 1603 544 1670; x_wconf 92' lang='lat' dir='ltr'>arte</span> <span class='ocrx_word' id='word_1_42' title='bbox 568 1595 826 1670; x_wconf 89' lang='lat' dir='ltr'>latrocinandi:</span> <span class='ocrx_word' id='word_1_43' title='bbox 852 1596 882 1669; x_wconf 91' lang='lat' dir='ltr'>si</span> <span class='ocrx_word' id='word_1_44' title='bbox 909 1607 1093 1673; x_wconf 88' lang='lat' dir='ltr'>mercator</span> <span class='ocrx_word' id='word_1_45' title='bbox 1123 1604 1204 1672; x_wconf 89' lang='lat' dir='ltr'>erat</span> <span class='ocrx_word' id='word_1_46' title='bbox 1236 1604 1375 1693; x_wconf 75' lang='lat' dir='ltr'>captuS,</span> <span class='ocrx_word' id='word_1_47' title='bbox 1407 1598 1546 1673; x_wconf 90' lang='lat' dir='ltr'>Ghinus</span> <span class='ocrx_word' id='word_1_48' title='bbox 1620 1650 1625 1660; x_wconf 90' lang='lat'>-</span> 
     </span>
     <span class='ocr_line' id='line_1_7' title="bbox 375 1708 1546 1813; baseline 0 -21"><span class='ocrx_word' id='word_1_49' title='bbox 375 1717 589 1811; x_wconf 84' lang='lat' dir='ltr'>explorabat</span> <span class='ocrx_word' id='word_1_50' title='bbox 613 1715 829 1812; x_wconf 88' lang='lat' dir='ltr'>placibiliter</span> <span class='ocrx_word' id='word_1_51' title='bbox 842 1708 879 1810; x_wconf 76' lang='lat'>(¹)</span> <span class='ocrx_word' id='word_1_52' title='bbox 906 1724 1087 1811; x_wconf 88' lang='lat' dir='ltr'>quantum</span> <span class='ocrx_word' id='word_1_53' title='bbox 1104 1718 1165 1793; x_wconf 93' lang='lat' dir='ltr'>ille</span> <span class='ocrx_word' id='word_1_54' title='bbox 1189 1724 1333 1813; x_wconf 89' lang='lat' dir='ltr'>poterat</span> <span class='ocrx_word' id='word_1_55' title='bbox 1350 1718 1415 1792; x_wconf 89' lang='lat' dir='ltr'>sibi</span> <span class='ocrx_word' id='word_1_56' title='bbox 1434 1718 1546 1812; x_wconf 76' lang='lat' dir='ltr'>dare,</span> 
     </span>
    </p>
   </div>
   <div class='ocr_carea' id='block_1_3' title="bbox 373 1835 1547 2655">
    <p class='ocr_par' dir='ltr' id='par_1_3' title="bbox 373 1835 1547 2655">
     <span class='ocr_line' id='line_1_8' title="bbox 375 1835 1547 1933; baseline 0 -22"><span class='ocrx_word' id='word_1_57' title='bbox 375 1847 413 1913; x_wconf 88' lang='lat' dir='ltr'>et</span> <span class='ocrx_word' id='word_1_58' title='bbox 437 1836 467 1911; x_wconf 90' lang='lat' dir='ltr'>si</span> <span class='ocrx_word' id='word_1_59' title='bbox 493 1836 552 1911; x_wconf 88' lang='lat' dir='ltr'>ille</span> <span class='ocrx_word' id='word_1_60' title='bbox 575 1835 718 1911; x_wconf 89' lang='lat' dir='ltr'>dicebat</span> <span class='ocrx_word' id='word_1_61' title='bbox 742 1836 962 1933; x_wconf 85' lang='lat' dir='ltr'>quingentos</span> <span class='ocrx_word' id='word_1_62' title='bbox 986 1857 1132 1932; x_wconf 87' lang='lat' dir='ltr'>aureos,</span> <span class='ocrx_word' id='word_1_63' title='bbox 1161 1838 1353 1915; x_wconf 83' lang='lat' dir='ltr'>auferebat</span> <span class='ocrx_word' id='word_1_64' title='bbox 1377 1838 1444 1911; x_wconf 91' lang='lat' dir='ltr'>sibi</span> <span class='ocrx_word' id='word_1_65' title='bbox 1471 1844 1547 1912; x_wconf 88' lang='lat' dir='ltr'>trc-</span> 
     </span>
     <span class='ocr_line' id='line_1_9' title="bbox 375 1938 1547 2053; baseline 0 -23"><span class='ocrx_word' id='word_1_66' title='bbox 375 1964 511 2051; x_wconf 89' lang='lat' dir='ltr'>ceutos,</span> <span class='ocrx_word' id='word_1_67' title='bbox 538 1966 576 2032; x_wconf 91' lang='lat' dir='ltr'>ct</span> <span class='ocrx_word' id='word_1_68' title='bbox 601 1958 774 2033; x_wconf 89' lang='lat' dir='ltr'>reddebat</span> <span class='ocrx_word' id='word_1_69' title='bbox 798 1938 987 2051; x_wconf 87' lang='lat' dir='ltr'>ducentos,</span> <span class='ocrx_word' id='word_1_70' title='bbox 1012 1957 1159 2033; x_wconf 87' lang='lat' dir='ltr'>diceus:</span> <span class='ocrx_word' id='word_1_71' title='bbox 1186 1957 1277 2033; x_wconf 92' lang='lat' dir='ltr'>llolo</span> <span class='ocrx_word' id='word_1_72' title='bbox 1309 1958 1406 2052; x_wconf 87' lang='lat' dir='ltr'>quod</span> <span class='ocrx_word' id='word_1_73' title='bbox 1432 1957 1547 2053; x_wconf 85' lang='lat' dir='ltr'>possis</span> 
     </span>
     <span class='ocr_line' id='line_1_10' title="bbox 375 2076 1546 2175; baseline 0.001 -24"><span class='ocrx_word' id='word_1_74' title='bbox 375 2076 554 2173; x_wconf 86' lang='lat' dir='ltr'>negotiari</span> <span class='ocrx_word' id='word_1_75' title='bbox 579 2084 617 2153; x_wconf 89' lang='lat' dir='ltr'>et</span> <span class='ocrx_word' id='word_1_76' title='bbox 640 2076 788 2152; x_wconf 91' lang='lat' dir='ltr'>lucrari.</span> <span class='ocrx_word' id='word_1_77' title='bbox 814 2076 851 2151; x_wconf 91' lang='lat' dir='ltr'>Si</span> <span class='ocrx_word' id='word_1_78' title='bbox 877 2086 959 2153; x_wconf 89' lang='lat' dir='ltr'>erat</span> <span class='ocrx_word' id='word_1_79' title='bbox 983 2099 1079 2152; x_wconf 89' lang='lat' dir='ltr'>unus</span> <span class='ocrx_word' id='word_1_80' title='bbox 1105 2078 1275 2153; x_wconf 85' lang='lat' dir='ltr'>sacerdos</span> <span class='ocrx_word' id='word_1_81' title='bbox 1292 2078 1394 2153; x_wconf 90' lang='lat' dir='ltr'>dives</span> <span class='ocrx_word' id='word_1_82' title='bbox 1411 2086 1448 2153; x_wconf 89' lang='lat' dir='ltr'>et</span> <span class='ocrx_word' id='word_1_83' title='bbox 1466 2077 1546 2175; x_wconf 90' lang='lat' dir='ltr'>pin-</span> 
     </span>
     <span class='ocr_line' id='line_1_11' title="bbox 373 2196 1545 2293; baseline 0.003 -23"><span class='ocrx_word' id='word_1_84' title='bbox 373 2198 468 2293; x_wconf 81' lang='lat' dir='ltr'>guis,</span> <span class='ocrx_word' id='word_1_85' title='bbox 493 2198 686 2273; x_wconf 77' lang='lat' dir='ltr'>auferebat</span> <span class='ocrx_word' id='word_1_86' title='bbox 710 2197 778 2271; x_wconf 88' lang='lat' dir='ltr'>sibi</span> <span class='ocrx_word' id='word_1_87' title='bbox 802 2196 943 2272; x_wconf 91' lang='lat' dir='ltr'>mulam</span> <span class='ocrx_word' id='word_1_88' title='bbox 969 2199 1148 2293; x_wconf 90' lang='lat' dir='ltr'>pulcram,</span> <span class='ocrx_word' id='word_1_89' title='bbox 1170 2205 1208 2274; x_wconf 89' lang='lat' dir='ltr'>ct</span> <span class='ocrx_word' id='word_1_90' title='bbox 1232 2199 1341 2273; x_wconf 92' lang='lat' dir='ltr'>dabat</span> <span class='ocrx_word' id='word_1_91' title='bbox 1366 2199 1400 2274; x_wconf 93' lang='lat' dir='ltr'>ei</span> <span class='ocrx_word' id='word_1_92' title='bbox 1427 2220 1545 2273; x_wconf 92' lang='lat' dir='ltr'>uuum</span> 
     </span>
     <span class='ocr_line' id='line_1_12' title="bbox 374 2316 1543 2415; baseline 0.003 -25"><span class='ocrx_word' id='word_1_93' title='bbox 374 2316 514 2392; x_wconf 89' lang='lat' dir='ltr'>tristem</span> <span class='ocrx_word' id='word_1_94' title='bbox 542 2317 746 2392; x_wconf 86' lang='lat' dir='ltr'>roncinum.</span> <span class='ocrx_word' id='word_1_95' title='bbox 773 2318 817 2391; x_wconf 82' lang='lat' dir='ltr'>ut</span> <span class='ocrx_word' id='word_1_96' title='bbox 840 2317 871 2414; x_wconf 85' lang='lat' dir='ltr'>si</span> <span class='ocrx_word' id='word_1_97' title='bbox 895 2323 977 2394; x_wconf 90' lang='lat' dir='ltr'>erat</span> <span class='ocrx_word' id='word_1_98' title='bbox 1003 2339 1100 2392; x_wconf 92' lang='lat' dir='ltr'>unus</span> <span class='ocrx_word' id='word_1_99' title='bbox 1125 2318 1300 2393; x_wconf 89' lang='lat' dir='ltr'>scholaris</span> <span class='ocrx_word' id='word_1_100' title='bbox 1321 2340 1461 2415; x_wconf 84' lang='lat' dir='ltr'>pauper</span> <span class='ocrx_word' id='word_1_101' title='bbox 1478 2340 1543 2393; x_wconf 91' lang='lat' dir='ltr'>va·</span> 
     </span>
     <span class='ocr_line' id='line_1_13' title="bbox 373 2436 1546 2535; baseline 0 -23"><span class='ocrx_word' id='word_1_102' title='bbox 373 2436 463 2522; x_wconf 88' lang='lat' dir='ltr'>deus</span> <span class='ocrx_word' id='word_1_103' title='bbox 496 2438 543 2512; x_wconf 92' lang='lat' dir='ltr'>ad</span> <span class='ocrx_word' id='word_1_104' title='bbox 576 2438 752 2531; x_wconf 89' lang='lat' dir='ltr'>studium,</span> <span class='ocrx_word' id='word_1_105' title='bbox 781 2437 941 2513; x_wconf 89' lang='lat' dir='ltr'>donabat</span> <span class='ocrx_word' id='word_1_106' title='bbox 969 2437 1037 2513; x_wconf 91' lang='lat' dir='ltr'>sibi</span> <span class='ocrx_word' id='word_1_107' title='bbox 1068 2438 1231 2535; x_wconf 87' lang='lat' dir='ltr'>aliquam</span> <span class='ocrx_word' id='word_1_108' title='bbox 1265 2439 1472 2535; x_wconf 89' lang='lat' dir='ltr'>pecuniam,</span> <span class='ocrx_word' id='word_1_109' title='bbox 1508 2444 1546 2513; x_wconf 91' lang='lat' dir='ltr'>et</span> 
     </span>
     <span class='ocr_line' id='line_1_14' title="bbox 374 2557 1544 2655; baseline 0.001 -23"><span class='ocrx_word' id='word_1_110' title='bbox 374 2558 639 2633; x_wconf 79' lang='lat' dir='ltr'>exhortabatur</span> <span class='ocrx_word' id='word_1_111' title='bbox 664 2557 783 2653; x_wconf 92' lang='lat' dir='ltr'>ipsum</span> <span class='ocrx_word' id='word_1_112' title='bbox 809 2558 855 2632; x_wconf 94' lang='lat' dir='ltr'>ad</span> <span class='ocrx_word' id='word_1_113' title='bbox 881 2559 976 2633; x_wconf 89' lang='lat' dir='ltr'>bene</span> <span class='ocrx_word' id='word_1_114' title='bbox 999 2558 1185 2655; x_wconf 82' lang='lat' dir='ltr'>agendum</span> <span class='ocrx_word' id='word_1_115' title='bbox 1216 2564 1254 2633; x_wconf 88' lang='lat' dir='ltr'>et</span> <span class='ocrx_word' id='word_1_116' title='bbox 1280 2558 1544 2655; x_wconf 83' lang='lat' dir='ltr'>proficiendum</span> 
     </span>
    </p>
   </div>
   <div class='ocr_carea' id='block_1_4' title="bbox 225 2678 1545 2773">
    <p class='ocr_par' dir='ltr' id='par_1_4' title="bbox 225 2678 1545 2773">
     <span class='ocr_line' id='line_1_15' title="bbox 225 2678 1545 2773; baseline -0.002 -18"><span class='ocrx_word' id='word_1_117' title='bbox 225 2750 228 2755; x_wconf 86' lang='lat'>.</span> <span class='ocrx_word' id='word_1_118' title='bbox 374 2678 412 2752; x_wconf 94' lang='lat' dir='ltr'>in</span> <span class='ocrx_word' id='word_1_119' title='bbox 437 2678 596 2756; x_wconf 90' lang='lat' dir='ltr'>scientia.</span> <span class='ocrx_word' id='word_1_120' title='bbox 622 2679 666 2752; x_wconf 81' lang='lat' dir='ltr'>lu</span> <span class='ocrx_word' id='word_1_121' title='bbox 691 2684 792 2753; x_wconf 88' lang='lat' dir='ltr'>certe</span> <span class='ocrx_word' id='word_1_122' title='bbox 818 2678 847 2752; x_wconf 92' lang='lat' dir='ltr'>si</span> <span class='ocrx_word' id='word_1_123' title='bbox 873 2679 941 2755; x_wconf 87' lang='lat' dir='ltr'>iste</span> <span class='ocrx_word' id='word_1_124' title='bbox 966 2678 1095 2753; x_wconf 88' lang='lat' dir='ltr'>nobilis</span> <span class='ocrx_word' id='word_1_125' title='bbox 1110 2678 1251 2753; x_wconf 86' lang='lat' dir='ltr'>Ghinus</span> <span class='ocrx_word' id='word_1_126' title='bbox 1267 2698 1472 2773; x_wconf 85' lang='lat' dir='ltr'>numquam</span> <span class='ocrx_word' id='word_1_127' title='bbox 1490 2678 1545 2753; x_wconf 91' lang='lat' dir='ltr'>le-</span> 
     </span>
    </p>
   </div>
   <div class='ocr_carea' id='block_1_5' title="bbox 368 2797 1546 4819">
    <p class='ocr_par' dir='ltr' id='par_1_5' title="bbox 368 2797 1546 4819">
     <span class='ocr_line' id='line_1_16' title="bbox 375 2797 1544 2895; baseline -0.001 -22"><span class='ocrx_word' id='word_1_128' title='bbox 375 2798 483 2873; x_wconf 90' lang='lat' dir='ltr'>cisset</span> <span class='ocrx_word' id='word_1_129' title='bbox 505 2798 605 2871; x_wconf 93' lang='lat' dir='ltr'>aliud</span> <span class='ocrx_word' id='word_1_130' title='bbox 631 2797 823 2893; x_wconf 84' lang='lat' dir='ltr'>laudabile,</span> <span class='ocrx_word' id='word_1_131' title='bbox 850 2798 917 2873; x_wconf 90' lang='lat' dir='ltr'>nisi</span> <span class='ocrx_word' id='word_1_132' title='bbox 943 2798 1041 2893; x_wconf 91' lang='lat' dir='ltr'>quod</span> <span class='ocrx_word' id='word_1_133' title='bbox 1068 2804 1143 2873; x_wconf 87' lang='lat' dir='ltr'>tarn</span> <span class='ocrx_word' id='word_1_134' title='bbox 1170 2798 1319 2895; x_wconf 82' lang='lat' dir='ltr'>egregie</span> <span class='ocrx_word' id='word_1_135' title='bbox 1337 2799 1544 2875; x_wconf 76' lang='lat' dir='ltr'>‘medicavit</span> 
     </span>
     <span class='ocr_line' id='line_1_17' title="bbox 374 2918 1546 3013; baseline 0.001 -21"><span class='ocrx_word' id='word_1_136' title='bbox 374 2918 546 2993; x_wconf 87' lang='lat' dir='ltr'>abbatem</span> <span class='ocrx_word' id='word_1_137' title='bbox 571 2920 848 2993; x_wconf 85' lang='lat' dir='ltr'>Cluuiaccnsem</span> <span class='ocrx_word' id='word_1_138' title='bbox 873 2918 1170 2994; x_wconf 87' lang='lat' dir='ltr'>delicatissimum</span> <span class='ocrx_word' id='word_1_139' title='bbox 1196 2924 1233 2993; x_wconf 91' lang='lat' dir='ltr'>et</span> <span class='ocrx_word' id='word_1_140' title='bbox 1258 2918 1486 3013; x_wconf 87' lang='lat' dir='ltr'>ditissimum,</span> <span class='ocrx_word' id='word_1_141' title='bbox 1508 2925 1546 2993; x_wconf 91' lang='lat' dir='ltr'>et</span> 
     </span>
     <span class='ocr_line' id='line_1_18' title="bbox 376 3037 1546 3135; baseline 0 -23"><span class='ocrx_word' id='word_1_142' title='bbox 376 3038 520 3113; x_wconf 83' lang='lat' dir='ltr'>curavit</span> <span class='ocrx_word' id='word_1_143' title='bbox 544 3039 681 3135; x_wconf 89' lang='lat' dir='ltr'>optime</span> <span class='ocrx_word' id='word_1_144' title='bbox 705 3059 729 3113; x_wconf 92' lang='lat' dir='ltr'>a</span> <span class='ocrx_word' id='word_1_145' title='bbox 754 3038 885 3113; x_wconf 88' lang='lat' dir='ltr'>morbo</span> <span class='ocrx_word' id='word_1_146' title='bbox 911 3038 1100 3133; x_wconf 89' lang='lat' dir='ltr'>stomachi,</span> <span class='ocrx_word' id='word_1_147' title='bbox 1117 3058 1186 3133; x_wconf 95' lang='lat' dir='ltr'>pro</span> <span class='ocrx_word' id='word_1_148' title='bbox 1207 3057 1283 3133; x_wconf 88' lang='lat' dir='ltr'>quo</span> <span class='ocrx_word' id='word_1_149' title='bbox 1308 3038 1384 3113; x_wconf 92' lang='lat' dir='ltr'>ibat</span> <span class='ocrx_word' id='word_1_150' title='bbox 1399 3037 1445 3112; x_wconf 93' lang='lat' dir='ltr'>ad</span> <span class='ocrx_word' id='word_1_151' title='bbox 1465 3037 1546 3112; x_wconf 90' lang='lat' dir='ltr'>bal·</span> 
     </span>
     <span class='ocr_line' id='line_1_19' title="bbox 374 3158 1545 3257; baseline 0.001 -25"><span class='ocrx_word' id='word_1_152' title='bbox 374 3178 445 3233; x_wconf 87' lang='lat' dir='ltr'>nea</span> <span class='ocrx_word' id='word_1_153' title='bbox 469 3180 556 3233; x_wconf 90' lang='lat' dir='ltr'>cum</span> <span class='ocrx_word' id='word_1_154' title='bbox 581 3160 742 3255; x_wconf 87' lang='lat' dir='ltr'>superbo</span> <span class='ocrx_word' id='word_1_155' title='bbox 766 3167 944 3256; x_wconf 90' lang='lat' dir='ltr'>apparatu</span> <span class='ocrx_word' id='word_1_156' title='bbox 969 3160 1110 3257; x_wconf 85' lang='lat' dir='ltr'>gallico,</span> <span class='ocrx_word' id='word_1_157' title='bbox 1136 3165 1180 3232; x_wconf 88' lang='lat' dir='ltr'>ut</span> <span class='ocrx_word' id='word_1_158' title='bbox 1203 3158 1428 3254; x_wconf 91' lang='lat' dir='ltr'>pulcerrime</span> <span class='ocrx_word' id='word_1_159' title='bbox 1452 3160 1545 3234; x_wconf 89' lang='lat' dir='ltr'>scri-</span> 
     </span>
     <span class='ocr_line' id='line_1_20' title="bbox 373 3278 1546 3375; baseline 0 -22"><span class='ocrx_word' id='word_1_160' title='bbox 373 3278 425 3353; x_wconf 91' lang='lat' dir='ltr'>bit</span> <span class='ocrx_word' id='word_1_161' title='bbox 450 3278 507 3353; x_wconf 84' lang='lat' dir='ltr'>vir</span> <span class='ocrx_word' id='word_1_162' title='bbox 532 3279 794 3375; x_wconf 88' lang='lat' dir='ltr'>placidissimus</span> <span class='ocrx_word' id='word_1_163' title='bbox 818 3278 1009 3354; x_wconf 90' lang='lat' dir='ltr'>Boccatius</span> <span class='ocrx_word' id='word_1_164' title='bbox 1025 3279 1072 3354; x_wconf 92' lang='lat' dir='ltr'>de</span> <span class='ocrx_word' id='word_1_165' title='bbox 1088 3279 1257 3354; x_wconf 83' lang='lat' dir='ltr'>Certaldo</span> <span class='ocrx_word' id='word_1_166' title='bbox 1274 3298 1445 3354; x_wconf 88' lang='lat' dir='ltr'>sermone</span> <span class='ocrx_word' id='word_1_167' title='bbox 1463 3298 1546 3353; x_wconf 89' lang='lat' dir='ltr'>ma-</span> 
     </span>
     <span class='ocr_line' id='line_1_21' title="bbox 373 3399 1544 3496; baseline -0.003 -22"><span class='ocrx_word' id='word_1_168' title='bbox 373 3408 480 3476; x_wconf 85' lang='lat' dir='ltr'>terno</span> <span class='ocrx_word' id='word_1_169' title='bbox 513 3401 551 3473; x_wconf 91' lang='lat' dir='ltr'>in</span> <span class='ocrx_word' id='word_1_170' title='bbox 580 3400 672 3475; x_wconf 92' lang='lat' dir='ltr'>libro</span> <span class='ocrx_word' id='word_1_171' title='bbox 697 3422 777 3496; x_wconf 90' lang='lat' dir='ltr'>suo,</span> <span class='ocrx_word' id='word_1_172' title='bbox 808 3400 872 3495; x_wconf 87' lang='lat' dir='ltr'>qui</span> <span class='ocrx_word' id='word_1_173' title='bbox 901 3400 1034 3475; x_wconf 90' lang='lat' dir='ltr'>dicitur</span> <span class='ocrx_word' id='word_1_174' title='bbox 1063 3400 1303 3493; x_wconf 84' lang='lat' dir='ltr'>becamerou,</span> <span class='ocrx_word' id='word_1_175' title='bbox 1336 3399 1423 3473; x_wconf 90' lang='lat' dir='ltr'>satis</span> <span class='ocrx_word' id='word_1_176' title='bbox 1448 3404 1544 3475; x_wconf 89' lang='lat' dir='ltr'>esset</span> 
     </span>
     <span class='ocr_line' id='line_1_22' title="bbox 373 3517 1543 3614; baseline -0.002 -21"><span class='ocrx_word' id='word_1_177' title='bbox 373 3520 588 3596; x_wconf 91' lang='lat' dir='ltr'>laudandus.</span> <span class='ocrx_word' id='word_1_178' title='bbox 620 3520 692 3595; x_wconf 89' lang='lat' dir='ltr'>Sed</span> <span class='ocrx_word' id='word_1_179' title='bbox 724 3527 766 3593; x_wconf 88' lang='lat' dir='ltr'>ut</span> <span class='ocrx_word' id='word_1_180' title='bbox 794 3520 867 3594; x_wconf 93' lang='lat' dir='ltr'>cito</span> <span class='ocrx_word' id='word_1_181' title='bbox 897 3518 1043 3596; x_wconf 90' lang='lat' dir='ltr'>veniam</span> <span class='ocrx_word' id='word_1_182' title='bbox 1072 3519 1119 3593; x_wconf 95' lang='lat' dir='ltr'>ad</span> <span class='ocrx_word' id='word_1_183' title='bbox 1150 3517 1388 3614; x_wconf 88' lang='lat' dir='ltr'>propositum,</span> <span class='ocrx_word' id='word_1_184' title='bbox 1415 3517 1543 3593; x_wconf 91' lang='lat' dir='ltr'>accidit</span> 
     </span>
     <span class='ocr_line' id='line_1_23' title="bbox 371 3638 1544 3737; baseline -0.003 -21"><span class='ocrx_word' id='word_1_185' title='bbox 371 3642 498 3735; x_wconf 89' lang='lat' dir='ltr'>semel,</span> <span class='ocrx_word' id='word_1_186' title='bbox 524 3640 624 3734; x_wconf 87' lang='lat' dir='ltr'>quod</span> <span class='ocrx_word' id='word_1_187' title='bbox 649 3641 798 3737; x_wconf 87' lang='lat' dir='ltr'>quidam</span> <span class='ocrx_word' id='word_1_188' title='bbox 825 3640 938 3714; x_wconf 88' lang='lat' dir='ltr'>irater</span> <span class='ocrx_word' id='word_1_189' title='bbox 954 3639 1061 3713; x_wconf 86' lang='lat' dir='ltr'>Gbini</span> <span class='ocrx_word' id='word_1_190' title='bbox 1080 3645 1220 3734; x_wconf 90' lang='lat' dir='ltr'>captus,</span> <span class='ocrx_word' id='word_1_191' title='bbox 1238 3638 1465 3735; x_wconf 91' lang='lat' dir='ltr'>adjudicatus</span> <span class='ocrx_word' id='word_1_192' title='bbox 1489 3646 1544 3714; x_wconf 86' lang='lat' dir='ltr'>est</span> 
     </span>
     <span class='ocr_line' id='line_1_24' title="bbox 371 3760 1542 3859; baseline -0.003 -23"><span class='ocrx_word' id='word_1_193' title='bbox 371 3762 565 3859; x_wconf 87' lang='lat' dir='ltr'>suspendio</span> <span class='ocrx_word' id='word_1_194' title='bbox 590 3760 895 3857; x_wconf 83' lang='lat' dir='ltr'>perpraedictum</span> <span class='ocrx_word' id='word_1_195' title='bbox 916 3760 1079 3855; x_wconf 76' lang='lat' dir='ltr'>iudicem</span> <span class='ocrx_word' id='word_1_196' title='bbox 1105 3760 1357 3855; x_wconf 90' lang='lat' dir='ltr'>Beuincasam,</span> <span class='ocrx_word' id='word_1_197' title='bbox 1376 3760 1439 3856; x_wconf 90' lang='lat' dir='ltr'>qui</span> <span class='ocrx_word' id='word_1_198' title='bbox 1461 3765 1542 3837; x_wconf 88' lang='lat' dir='ltr'>erat</span> 
     </span>
     <span class='ocr_line' id='line_1_25' title="bbox 373 3881 1543 3976; baseline 0 -19"><span class='ocrx_word' id='word_1_199' title='bbox 373 3890 460 3957; x_wconf 87' lang='lat' dir='ltr'>tunc</span> <span class='ocrx_word' id='word_1_200' title='bbox 483 3902 646 3958; x_wconf 87' lang='lat' dir='ltr'>assessor</span> <span class='ocrx_word' id='word_1_201' title='bbox 670 3881 708 3955; x_wconf 94' lang='lat' dir='ltr'>in</span> <span class='ocrx_word' id='word_1_202' title='bbox 732 3881 879 3956; x_wconf 88' lang='lat' dir='ltr'>civitate</span> <span class='ocrx_word' id='word_1_203' title='bbox 903 3881 1104 3976; x_wconf 75' lang='lat' dir='ltr'>senarum,</span> <span class='ocrx_word' id='word_1_204' title='bbox 1130 3882 1195 3957; x_wconf 88' lang='lat' dir='ltr'>sed</span> <span class='ocrx_word' id='word_1_205' title='bbox 1220 3882 1351 3957; x_wconf 87' lang='lat' dir='ltr'>timeus</span> <span class='ocrx_word' id='word_1_206' title='bbox 1372 3881 1543 3957; x_wconf 80' lang='lat' dir='ltr'>ferocita-</span> 
     </span>
     <span class='ocr_line' id='line_1_26' title="bbox 372 4000 1544 4098; baseline 0 -20"><span class='ocrx_word' id='word_1_207' title='bbox 372 4010 447 4078; x_wconf 88' lang='lat' dir='ltr'>tem</span> <span class='ocrx_word' id='word_1_208' title='bbox 473 4002 590 4098; x_wconf 87' lang='lat' dir='ltr'>Gbini,</span> <span class='ocrx_word' id='word_1_209' title='bbox 615 4000 716 4076; x_wconf 88' lang='lat' dir='ltr'>linito</span> <span class='ocrx_word' id='word_1_210' title='bbox 741 4000 873 4095; x_wconf 88' lang='lat' dir='ltr'>officio,</span> <span class='ocrx_word' id='word_1_211' title='bbox 899 4000 1016 4076; x_wconf 88' lang='lat' dir='ltr'>iactus</span> <span class='ocrx_word' id='word_1_212' title='bbox 1042 4008 1098 4077; x_wconf 90' lang='lat' dir='ltr'>est</span> <span class='ocrx_word' id='word_1_213' title='bbox 1122 4001 1269 4076; x_wconf 89' lang='lat' dir='ltr'>auditor</span> <span class='ocrx_word' id='word_1_214' title='bbox 1293 4022 1407 4097; x_wconf 86' lang='lat' dir='ltr'>papae,</span> <span class='ocrx_word' id='word_1_215' title='bbox 1426 4008 1468 4075; x_wconf 91' lang='lat' dir='ltr'>ut</span> <span class='ocrx_word' id='word_1_216' title='bbox 1492 4003 1544 4079; x_wconf 89' lang='lat' dir='ltr'>sic</span> 
     </span>
     <span class='ocr_line' id='line_1_27' title="bbox 373 4120 1543 4217; baseline -0.003 -17"><span class='ocrx_word' id='word_1_217' title='bbox 373 4122 485 4200; x_wconf 88' lang='lat' dir='ltr'>tutior</span> <span class='ocrx_word' id='word_1_218' title='bbox 509 4128 614 4197; x_wconf 76' lang='lat' dir='ltr'>esset.</span> <span class='ocrx_word' id='word_1_219' title='bbox 641 4122 736 4195; x_wconf 85' lang='lat' dir='ltr'>Cum</span> <span class='ocrx_word' id='word_1_220' title='bbox 761 4126 887 4196; x_wconf 91' lang='lat' dir='ltr'>autem</span> <span class='ocrx_word' id='word_1_221' title='bbox 914 4120 1060 4196; x_wconf 88' lang='lat' dir='ltr'>sederet</span> <span class='ocrx_word' id='word_1_222' title='bbox 1085 4122 1200 4196; x_wconf 90' lang='lat' dir='ltr'>semel</span> <span class='ocrx_word' id='word_1_223' title='bbox 1220 4141 1287 4217; x_wconf 95' lang='lat' dir='ltr'>pro</span> <span class='ocrx_word' id='word_1_224' title='bbox 1305 4121 1478 4197; x_wconf 87' lang='lat' dir='ltr'>tribunali</span> <span class='ocrx_word' id='word_1_225' title='bbox 1495 4122 1543 4197; x_wconf 95' lang='lat' dir='ltr'>ad</span> 
     </span>
     <span class='ocr_line' id='line_1_28' title="bbox 372 4233 1542 4338; baseline 0.001 -21"><span class='ocrx_word' id='word_1_226' title='bbox 372 4242 530 4317; x_wconf 92' lang='lat' dir='ltr'>baucurn</span> <span class='ocrx_word' id='word_1_227' title='bbox 547 4233 585 4333; x_wconf 80' lang='lat'>(¹)</span> <span class='ocrx_word' id='word_1_228' title='bbox 609 4242 647 4317; x_wconf 91' lang='lat' dir='ltr'>in</span> <span class='ocrx_word' id='word_1_229' title='bbox 672 4241 747 4317; x_wconf 92' lang='lat' dir='ltr'>sala</span> <span class='ocrx_word' id='word_1_230' title='bbox 772 4242 929 4338; x_wconf 87' lang='lat' dir='ltr'>publica,</span> <span class='ocrx_word' id='word_1_231' title='bbox 950 4242 988 4315; x_wconf 93' lang='lat' dir='ltr'>in</span> <span class='ocrx_word' id='word_1_232' title='bbox 1013 4262 1086 4336; x_wconf 90' lang='lat' dir='ltr'>qua</span> <span class='ocrx_word' id='word_1_233' title='bbox 1104 4248 1211 4315; x_wconf 90' lang='lat' dir='ltr'>eraut</span> <span class='ocrx_word' id='word_1_234' title='bbox 1229 4241 1341 4317; x_wconf 90' lang='lat' dir='ltr'>millia</span> <span class='ocrx_word' id='word_1_235' title='bbox 1366 4262 1542 4337; x_wconf 88' lang='lat' dir='ltr'>persona-</span> 
     </span>
     <span class='ocr_line' id='line_1_29' title="bbox 372 4361 1542 4459; baseline 0.002 -24"><span class='ocrx_word' id='word_1_236' title='bbox 372 4383 469 4456; x_wconf 89' lang='lat' dir='ltr'>rum,</span> <span class='ocrx_word' id='word_1_237' title='bbox 486 4381 574 4437; x_wconf 86' lang='lat' dir='ltr'>ecce</span> <span class='ocrx_word' id='word_1_238' title='bbox 597 4361 737 4437; x_wconf 88' lang='lat' dir='ltr'>Gbinus</span> <span class='ocrx_word' id='word_1_239' title='bbox 759 4362 890 4438; x_wconf 84' lang='lat' dir='ltr'>Taccbi</span> <span class='ocrx_word' id='word_1_240' title='bbox 911 4361 1127 4459; x_wconf 86' lang='lat' dir='ltr'>incognitus,</span> <span class='ocrx_word' id='word_1_241' title='bbox 1149 4361 1252 4436; x_wconf 87' lang='lat' dir='ltr'>velut</span> <span class='ocrx_word' id='word_1_242' title='bbox 1267 4361 1441 4455; x_wconf 79' lang='lat' dir='ltr'>Scaevola,</span> <span class='ocrx_word' id='word_1_243' title='bbox 1461 4382 1542 4437; x_wconf 90' lang='lat' dir='ltr'>ma-</span> 
     </span>
     <span class='ocr_line' id='line_1_30' title="bbox 368 4472 1541 4579; baseline -0.001 -23"><span class='ocrx_word' id='word_1_244' title='bbox 368 4482 425 4579; x_wconf 79' lang='lat' dir='ltr'>gis</span> <span class='ocrx_word' id='word_1_245' title='bbox 450 4482 646 4576; x_wconf 89' lang='lat' dir='ltr'>timendus,</span> <span class='ocrx_word' id='word_1_246' title='bbox 672 4502 786 4578; x_wconf 86' lang='lat' dir='ltr'>quam</span> <span class='ocrx_word' id='word_1_247' title='bbox 812 4482 956 4575; x_wconf 88' lang='lat' dir='ltr'>timens,</span> <span class='ocrx_word' id='word_1_248' title='bbox 982 4481 1114 4557; x_wconf 90' lang='lat' dir='ltr'>invasit</span> <span class='ocrx_word' id='word_1_249' title='bbox 1146 4501 1232 4556; x_wconf 93' lang='lat' dir='ltr'>eum</span> <span class='ocrx_word' id='word_1_250' title='bbox 1251 4472 1288 4574; x_wconf 84' lang='lat'>(³)</span> <span class='ocrx_word' id='word_1_251' title='bbox 1319 4480 1541 4576; x_wconf 87' lang='lat' dir='ltr'>terribiliter,</span> 
     </span>
     <span class='ocr_line' id='line_1_31' title="bbox 369 4600 1543 4701; baseline -0.001 -23"><span class='ocrx_word' id='word_1_252' title='bbox 369 4608 407 4679; x_wconf 88' lang='lat' dir='ltr'>et</span> <span class='ocrx_word' id='word_1_253' title='bbox 440 4602 560 4701; x_wconf 85' lang='lat' dir='ltr'>gladio</span> <span class='ocrx_word' id='word_1_254' title='bbox 592 4603 831 4677; x_wconf 77' lang='lat' dir='ltr'>transfossum</span> <span class='ocrx_word' id='word_1_255' title='bbox 863 4600 1101 4696; x_wconf 83' lang='lat' dir='ltr'>praecipitavit</span> <span class='ocrx_word' id='word_1_256' title='bbox 1131 4603 1180 4676; x_wconf 93' lang='lat' dir='ltr'>ab</span> <span class='ocrx_word' id='word_1_257' title='bbox 1209 4602 1294 4677; x_wconf 89' lang='lat' dir='ltr'>alto.</span> <span class='ocrx_word' id='word_1_258' title='bbox 1326 4603 1371 4676; x_wconf 87' lang='lat' dir='ltr'>Et</span> <span class='ocrx_word' id='word_1_259' title='bbox 1400 4601 1543 4699; x_wconf 83' lang='lat' dir='ltr'>lugiens</span> 
     </span>
     <span class='ocr_line' id='line_1_32' title="bbox 369 4721 1543 4819; baseline -0.002 -20"><span class='ocrx_word' id='word_1_260' title='bbox 369 4724 495 4818; x_wconf 88' lang='lat' dir='ltr'>evasit,</span> <span class='ocrx_word' id='word_1_261' title='bbox 523 4722 701 4798; x_wconf 87' lang='lat' dir='ltr'>transiens</span> <span class='ocrx_word' id='word_1_262' title='bbox 726 4723 829 4797; x_wconf 89' lang='lat' dir='ltr'>velut</span> <span class='ocrx_word' id='word_1_263' title='bbox 853 4721 993 4796; x_wconf 85' lang='lat' dir='ltr'>tulmen</span> <span class='ocrx_word' id='word_1_264' title='bbox 1018 4722 1151 4797; x_wconf 91' lang='lat' dir='ltr'>ardens</span> <span class='ocrx_word' id='word_1_265' title='bbox 1176 4742 1243 4819; x_wconf 91' lang='lat' dir='ltr'>per</span> <span class='ocrx_word' id='word_1_266' title='bbox 1269 4722 1432 4799; x_wconf 89' lang='lat' dir='ltr'>medium</span> <span class='ocrx_word' id='word_1_267' title='bbox 1460 4730 1543 4797; x_wconf 91' lang='lat' dir='ltr'>tur·</span> 
     </span>
    </p>
   </div>
   <div class='ocr_carea' id='block_1_6' title="bbox 432 5002 1437 5144">
    <p class='ocr_par' dir='ltr' id='par_1_6' title="bbox 432 5002 1437 5144">
     <span class='ocr_line' id='line_1_33' title="bbox 432 5002 1437 5070; baseline -0.012 -2"><span class='ocrx_word' id='word_1_268' title='bbox 432 5004 460 5068; x_wconf 81' lang='lat' dir='ltr'>i&#39;l</span> <span class='ocrx_word' id='word_1_269' title='bbox 475 5004 507 5056; x_wconf 79' lang='lat' dir='ltr'>B·</span> <span class='ocrx_word' id='word_1_270' title='bbox 524 5003 692 5069; x_wconf 74' lang='lat' dir='ltr'>placabiliter.</span> <span class='ocrx_word' id='word_1_271' title='bbox 1038 5002 1067 5067; x_wconf 79' lang='lat'>(¹)</span> <span class='ocrx_word' id='word_1_272' title='bbox 1082 5003 1109 5055; x_wconf 87' lang='lat' dir='ltr'>S.</span> <span class='ocrx_word' id='word_1_273' title='bbox 1126 5004 1237 5055; x_wconf 80' lang='lat' dir='ltr'>brucum</span> <span class='ocrx_word' id='word_1_274' title='bbox 1249 5005 1317 5070; x_wconf 82' lang='lat' dir='ltr'>juris</span> <span class='ocrx_word' id='word_1_275' title='bbox 1333 5005 1360 5055; x_wconf 91' lang='lat' dir='ltr'>ln</span> <span class='ocrx_word' id='word_1_276' title='bbox 1375 5004 1437 5057; x_wconf 76' lang='lat' dir='ltr'>sala.</span> 
     </span>
     <span class='ocr_line' id='line_1_34' title="bbox 434 5079 1019 5144; baseline -0.005 -11"><span class='ocrx_word' id='word_1_277' title='bbox 434 5080 462 5144; x_wconf 69' lang='grc' dir='ltr'><strong>Π</strong></span> <span class='ocrx_word' id='word_1_278' title='bbox 477 5080 508 5133; x_wconf 84' lang='lat' dir='ltr'>B.</span> <span class='ocrx_word' id='word_1_279' title='bbox 523 5093 586 5131; x_wconf 84' lang='lat' dir='ltr'>enm</span> <span class='ocrx_word' id='word_1_280' title='bbox 601 5079 763 5141; x_wconf 82' lang='lat' dir='ltr'>mimblliter,</span> <span class='ocrx_word' id='word_1_281' title='bbox 779 5080 842 5131; x_wconf 78' lang='lat' dir='ltr'>alias</span> <span class='ocrx_word' id='word_1_282' title='bbox 858 5079 1019 5131; x_wconf 83' lang='lat' dir='ltr'>terribiliter.</span> 
     </span>
    </p>
   </div>
   <div class='ocr_carea' id='block_1_7' title="bbox 0 0 2276 6839">
    <p class='ocr_par' dir='ltr' id='par_1_7' title="bbox 0 0 2276 6839">
     <span class='ocr_line' id='line_1_35' title="bbox 0 0 2276 6839; baseline 0 0"><span class='ocrx_word' id='word_1_283' title='bbox 0 0 2276 6839; x_wconf 95' lang='lat' dir='ltr'> </span> 
     </span>
    </p>
   </div>
  </div>
 </body>
</html>
