4542 6842
692 907 739 975 88
1052 915 1259 973 counuruu
1283 916 1503 971 runosronn

692 1066 843 1162 pediunt
856 1057 894 1157 (¹)
922 1084 1038 1137 unum
1060 1062 1236 1138 visionem
1254 1063 1418 1156 ulterius,
1438 1062 1525 1157 quia
1543 1062 1710 1139 videmus
1733 1064 1863 1143 Satur-

691 1208 782 1261 num
801 1206 874 1259 non
891 1184 1113 1279 impediente
1123 1174 1160 1275 (¹)
1181 1184 1286 1277 love,
1305 1190 1342 1257 et
1365 1204 1499 1280 corpus
1520 1184 1672 1259 Veneris
1690 1185 1749 1260 rel
1765 1186 1862 1259 ller-

690 1306 783 1381 ourii
809 1327 883 1380 non
908 1305 994 1380 lacit
1018 1304 1190 1379 umbram
1217 1304 1263 1377 ad
1290 1302 1410 1378 radios
1431 1304 1586 1399 solares5
1611 1312 1750 1399 quanto
1771 1324 1862 1401 ergo

690 1426 812 1501 minus
845 1424 981 1517 anima,
1014 1444 1099 1519 quae
1123 1432 1180 1500 est
1210 1425 1410 1499 substantia
1436 1424 1643 1519 spiritualis,
1676 1445 1750 1499 non
1780 1424 1864 1499 lucit

691 1547 876 1621 umbram.
895 1545 987 1619 Dioit
999 1565 1107 1641 ergo:
1130 1550 1207 1619 Ora
1218 1568 1256 1619 se
1271 1548 1419 1618 innanzi
1435 1568 1460 1619 o
1480 1568 1534 1619 nte
1547 1549 1684 1619 mittas
1699 1547 1862 1637 nombre,

691 1667 794 1761 idest,
820 1665 850 1739 si
875 1673 975 1740 terra
1001 1666 1059 1739 vel
1084 1666 1183 1741 aliud
1209 1686 1342 1761 corpus
1367 1686 1439 1740 non
1457 1667 1704 1741 obumbratur
1721 1666 1779 1742 rel
1796 1666 1863 1741 ob-

691 1792 865 1861 scuratur
890 1807 957 1883 ρετ
982 1787 1166 1881 umbram,
1193 1807 1277 1881 quae
1303 1786 1493 1881 proveniat
1518 1808 1540 1861 a
1566 1808 1637 1883 me,
1663 1809 1735 1861 non
1752 1791 1778 1861 n·
1793 1808 1864 1860 mo

690 1910 867 1997 ruuipliar
885 1902 950 1999 pili
974 1911 1035 1980 one
1059 1910 1113 1982 dr
1125 1911 1214 1999 vieti,
1239 1910 1299 1981 ulte
1323 1912 1430 1982 l'uno
1454 1912 1514 1982 ati
1527 1912 1621 1982 ultro
1637 1912 1767 2001 roppio
1791 1930 1863 1982 non

691 2028 891 2120 inpomdro,
909 2028 1010 2123 idest,
1037 2048 1111 2101 non
1128 2028 1289 2123 impedit,
1311 2050 1383 2103 non
1405 2030 1525 2103 obstat
1551 2030 1639 2124 quin
1658 2029 1747 2104 radii
1773 2030 1865 2105 ulte·

692 2150 770 2223 rius
794 2148 877 2222 ooeli
903 2154 1095 2243 penetrent
1123 2156 1162 2223 et
1192 2155 1390 2242 transeunt,
1422 2154 1459 2223 et
1489 2170 1585 2223 unus
1614 2150 1759 2244 planeta
1790 2170 1865 2223 non

692 2268 813 2343 obstat
837 2268 946 2341 radiis
971 2268 1134 2360 alterius,
1152 2289 1239 2343 oum
1262 2275 1386 2342 tumen
1412 2269 1515 2343 stella
1540 2268 1586 2342 sit
1610 2268 1756 2343 densior
1780 2290 1865 2365 pars

693 2389 813 2463 orbis:
839 2387 958 2462 simile
982 2387 1151 2462 videmus
1176 2387 1214 2461 in
1240 2388 1455 2483 corporibus
1480 2387 1677 2483 diaphonis,
1707 2388 1801 2463 siout
1829 2389 1866 2463 in

693 2508 799 2603 uitro,
825 2528 892 2604 ρετ
917 2508 1015 2603 quod
1042 2507 1132 2581 radii
1158 2508 1297 2581 solares
1326 2513 1519 2602 penetrant
1551 2508 1629 2582 sine
1656 2509 1798 2583 umbra.
1817 2548 1866 2563 -

693 2635 724 2702 Α
749 2630 903 2720 solsen'r.
928 2628 1034 2701 Nuno
1059 2626 1230 2724 Virgilius
1252 2627 1359 2702 solvit
1378 2628 1487 2703 aliam
1514 2628 1753 2722 questionem
1780 2649 1865 2723 quae

694 2749 815 2823 oritur
840 2768 886 2822 ex
913 2748 1095 2822 solutione
1119 2749 1225 2823 diotre
1250 2747 1478 2844 quaestionis3
1499 2754 1537 2825 et
1553 2756 1608 2823 est
1630 2748 1734 2823 litera
1759 2750 1865 2825 ualde

695 2868 809 2961 sortis,
826 2874 865 2944 et
883 2869 1131 2944 communiter
1149 2869 1246 2943 mule
1265 2868 1445 2943 intellecta
1462 2890 1484 2943 a
1502 2869 1680 2964 pluribus,
1698 2870 1786 2964 quia
1809 2871 1866 2945 lo

695 2989 824 3085 quitur
848 2990 1008 3063 multum
1036 2990 1166 3064 velate.
1193 2988 1281 3063 Dico
1301 3010 1392 3085 ergo
1410 2988 1508 3083 quod
1525 2989 1696 3087 Virgilius
1714 3010 1865 3086 respon·

694 3109 757 3184 det
781 3108 972 3205 quaestioni
999 3109 1127 3203 tuoitae,
1146 3130 1258 3204 quam
1282 3109 1401 3184 statim
1421 3110 1556 3183 Dentes
1574 3110 1697 3185 lucere
1713 3112 1866 3206 parabat

694 3232 754 3305 vel
779 3229 901 3305 lacere
926 3234 1079 3324 poterut,
1104 3228 1277 3304 obiiciens
1302 3228 1376 3304 sic:
1407 3232 1460 3303 Tu
1494 3230 1582 3305 dicis
1614 3231 1713 3325 quod
1743 3232 1866 3306 anima

694 3349 774 3423 sine
798 3369 953 3443 corpore
979 3370 1052 3423 nou
1078 3349 1163 3423 luoit
1188 3348 1374 3443 umbram,
1401 3349 1487 3443 quia
1514 3371 1587 3424 non
1609 3357 1726 3446 potest
1750 3351 1866 3446 patin

696 3469 804 3544 radiis
828 3469 1032 3563 solaribus,
1058 3468 1157 3544 unde
1184 3490 1275 3566 orgo
1304 3476 1359 3544 est
1390 3470 1489 3563 quod
1519 3477 1559 3543 tu
1592 3478 1629 3546 et
1659 3472 1719 3545 alii
1751 3480 1868 3568 poetae

694 3590 832 3665 vocatis
862 3590 1025 3664 animum
1056 3590 1242 3685 umbram,
1269 3611 1354 3685 quae
1386 3597 1505 3685 potest
1532 3592 1606 3687 pati
1636 3598 1690 3667 tot
1721 3600 1759 3667 et
1793 3600 1866 3667 tam

695 3711 799 3787 varia
823 3730 961 3807 genera
992 3732 1201 3805 poenorum,
1225 3711 1320 3785 siout
1346 3712 1424 3806 jam
1459 3712 1645 3787 ostendisti
1679 3712 1767 3786 milri
1801 3732 1867 3808 ρετ

695 3838 815 3906 totum
842 3831 1039 3925 infernum,
1064 3839 1102 3906 et
1127 3831 1307 3927 promittis
1332 3838 1369 3907 te
1393 3840 1629 3908 ostensurum
1653 3854 1720 3929 ρετ
1747 3842 1866 3909 totum

696 3952 978 4050 purgatorium?
1002 3952 1056 4025 lld
1081 3952 1151 4026 hoo
1177 3951 1371 4046 respondet
1391 3953 1561 4050 Virgilius
1587 3955 1685 4048 quod
1706 3956 1867 4030 huonon

696 4074 736 4147 lit
763 4072 919 4147 naturali
946 4072 1098 4165 ratione,
1125 4071 1199 4146 sed·
1213 4072 1445 4167 dispositione
1474 4074 1607 4165 divina.
1638 4074 1728 4149 Dicit
1754 4094 1866 4171 ergo:

697 4199 733 4269 lo
758 4188 868 4284 uerti,
892 4193 1029 4268 seilicet
1059 4192 1193 4287 divina,
1222 4192 1282 4267 oui
1316 4201 1448 4269 natura
1483 4195 1695 4289 famulatur,
1725 4198 1870 4287 dispone

696 4318 801 4389 simili
823 4316 943 4407 corpi;
976 4320 1084 4388 vocat
1114 4314 1267 4387 umbras
1300 4334 1455 4409 corpora
1491 4314 1621 4389 similia
1654 4314 1869 4409 corporibus

696 4434 916 4529 scelestibus,
943 4434 1029 4530 quia
1055 4440 1140 4508 sunt
1167 4432 1322 4509 visibiles
1351 4435 1446 4509 siout
1471 4434 1549 4530 illn3
1580 4443 1617 4510 et
1642 4443 1698 4511 est
1723 4436 1868 4532 propriu

697 4556 924 4651 metaphora,
954 4555 1042 4650 quin
1072 4555 1206 4629 unimae
1240 4561 1325 4629 sunt
1358 4555 1404 4631 do
1434 4562 1565 4630 nutura
1597 4556 1736 4633 scelesti
1767 4556 1870 4654 inge-

697 4676 793 4769 nitae,
819 4675 1121 4771 inoorruptibiles,
1149 4674 1244 4749 sicut
1259 4682 1297 4749 et
1314 4674 1408 4771 eoeli,
1426 4683 1463 4750 ot
1484 4675 1681 4751 benedicit
1702 4676 1867 4774 disponit,

698 4796 784 4890 quia
809 4816 881 4869 non
906 4801 994 4869 sunt
1017 4794 1197 4889 dispositae
1221 4814 1288 4890 per
1317 4800 1502 4888 naturum,
1528 4816 1553 4868 a
1583 4798 1738 4888 sufferir,
1766 4797 1868 4893 idest,

761 5046 788 5108 (¹)
803 5045 829 5095 S.
845 5045 989 5109 impediunt
1004 5046 1129 5097 visionem
1146 5046 1260 5097 slterlus.
1369 5047 1397 5111 (Ἰ
1413 5048 1443 5101 Ε.
1460 5064 1512 5101 non
1528 5049 1654 5113 impedire
1668 5050 1770 5101 iorem.
