4542 6842
793 974 934 1035 caurus·
954 950 1137 1037 surrruus.
1482 966 1553 1037 197

379 1128 485 1225 plura
505 1126 686 1223 praeconia
711 1126 850 1223 Virgilii
875 1142 1053 1222 quaeram,
1071 1126 1251 1202 concludo
1276 1126 1438 1201 breviter
1464 1109 1550 1202 cuni

379 1248 584 1323 Macrobio:
611 1248 696 1321 Haec
721 1252 776 1321 est
801 1246 958 1321 Maronis
987 1246 1116 1347 gloria,
1145 1254 1185 1321 ut
1217 1232 1352 1321 nullius
1382 1246 1551 1322 laudibus

379 1374 531 1462 crescat,
546 1367 680 1443 nullius
694 1366 962 1462 vituperatione
979 1366 1180 1441 minuatur.
1199 1367 1304 1442 Nunc
1324 1367 1370 1441 ad
1388 1368 1550 1442 literam:

380 1488 465 1564 dicit
489 1496 595 1585 poeta
626 1494 750 1562 noster
776 1486 966 1582 quod-,ille
998 1487 1185 1562 Surdellus
1210 1487 1404 1562 exordiens
1430 1488 1550 1584 primo

381 1596 652 1685 commendavit
676 1606 866 1705 Virgilium
893 1626 915 1681 a
947 1607 1123 1704 singulari
1154 1607 1375 1703 eloquentia,
1405 1607 1552 1720 dicens:
1682 1605 1685 1610 ’

382 1729 443 1805 ille
468 1726 665 1823 Surdellus,
692 1730 807 1801 disse:
832 1746 854 1799 o
879 1728 998 1819 glorio
1022 1728 1076 1801 dc'
1094 1730 1218 1822 totini,·
1243 1726 1337 1802 sicut
1371 1725 1554 1803 Homerus

382 1847 499 1947 gloria
523 1869 744 1946 graecorum.
768 1846 868 1922 Licet
893 1846 991 1921 enim
1018 1846 1144 1944 lingua
1169 1847 1281 1923 latina
1306 1848 1441 1923 habeat
1459 1832 1576 1923 mul-²

384 1976 439 2045 tas
464 1977 502 2045 et
527 1960 685 2066 magnas
705 1966 881 2063 nationes,
901 1956 1024 2041 tamen
1045 1966 1174 2043 babuit
1190 1976 1315 2043 ortum
1336 1968 1514 2066 abitalia,
1532 1990 1555 2044 a

384 2109 473 2185 rege
490 2090 616 2163 Latino
633 2077 879 2183 denominata,
902 2094 939 2162 et
964 2095 1114 2163 autores
1141 2088 1279 2163 italicos
1305 2088 1443 2185 habuit,
1462 2088 1556 2165 sicut

383 2208 624 2303 Priscianum,
649 2208 845 2303 Donatum,
866 2208 1045 2283 Tullium:
1068 2210 1166 2284 unde
1191 2209 1292 2285 dicit:
1316 2233 1384 2304 per
1405 2214 1463 2284 cui
1477 2231 1556 2284 mo

382 2322 457 2403 snb
487 2321 541 2402 cti)
572 2332 632 2401 cte
655 2335 762 2423 poten
791 2330 828 2402 lo
861 2331 982 2419 lingua
1007 2336 1145 2421 nostra,
1176 2329 1322 2424 scilicet,
1354 2329 1485 2426 italica,
1519 2330 1556 2404 in

384 2455 527 2543 metr03
554 2455 590 2524 et
615 2450 848 2525 commendat
874 2449 992 2545 ipsum
1019 2471 1042 2523 a
1071 2448 1248 2545 singulari
1280 2450 1556 2527 honorificentia

384 2568 521 2664 patriae,
540 2591 561 2642 o
576 2558 700 2662 propio
717 2576 848 2663 cinno,
862 2568 948 2664 quia
966 2567 1082 2665 gloria
1100 2568 1237 2665 Virgilii
1256 2568 1403 2644 durabit
1420 2591 1557 2664 quam-

384 2691 446 2765 diu
475 2690 645 2785 mundus,
672 2695 715 2764 ut
739 2688 877 2764 dictum
904 2697 959 2763 est
992 2690 1022 2762 ll
1048 2689 1206 2784 capitulo
1228 2689 1373 2784 lnierni,
1400 2693 1459 2763 det
1480 2694 1557 2764 loco

384 2812 467 2885 ond'
484 2816 519 2885 io
541 2814 607 2907 sui,
634 2810 770 2885 scilicet
804 2808 957 2885 civitatis
986 2802 1206 2903 Mantuae(¹).
1233 2810 1278 2883 Et
1305 2830 1394 2885 vere
1419 2831 1555 2886 nomen

386 2933 524 3030 Virgilii
554 2932 639 3007 iecit
670 2932 848 3006 famosam
876 2931 1074 3025 Mantuam,
1105 2931 1301 3026 plusquam
1333 2930 1429 3005 illius
1463 2930 1558 3006 anti·
1590 3000 1596 3015 ,

387 3052 517 3149 quitaS,
548 3049 712 3127 fertilitas
746 3050 804 3127 vel
842 3050 1070 3148 pulcritudo;
1097 3050 1148 3124 ita
1187 3058 1332 3125 utnon
1366 3051 1485 3126 solum
1521 3050 1564 3126 in'

386 3174 500 3280 Gallia
525 3172 623 3269 apud
649 3170 808 3247 Parisius
833 3172 870 3245 in
901 3170 1100 3266 occidente,
1127 3169 1190 3245 sod
1225 3170 1262 3272 in
1293 3170 1434 3247 Graecia
1462 3172 1559 3268 apud

387 3292 733 3389 Constantinopolim
761 3292 798 3368 in
830 3293 981 3367 oriente.
1009 3292 1052 3365 Et
1078 3292 1136 3367 bic
1162 3297 1247 3368 nota
1275 3292 1373 3386 quod
1399 3292 1468 3367 viri
1496 3314 1560 3367 va·

387 3418 502 3491 lentes
535 3400 673 3489 iaciunt
704 3412 868 3488 civitates
900 3431 985 3513 suas
1021 3410 1192 3506 famosas,
1222 3412 1317 3485 sicut
1350 3411 1560 3485 Aristoteles

387 3535 591 3633 Stragirim,
600 3536 783 3609 Homerus
797 3534 1004 3631 Smyrnam,
1019 3532 1250 3608 Democritus
1264 3532 1458 3626 Abderam,
1472 3531 1568 3605 Pin-'

388 3656 500 3731 darus
518 3656 678 3749 Thebas;
697 3655 760 3729 sed
779 3659 821 3727 ut
839 3652 1006 3728 omittam
1025 3672 1176 3751 graecos,
1190 3673 1352 3746 quorum
1373 3636 1567 3726 maximus*

389 3784 445 3853 est
470 3796 662 3870 numerus,
689 3774 777 3870 quid
801 3774 921 3848 dicam
947 3773 994 3849 de
1019 3772 1146 3848 italicis
1175 3779 1213 3847 et
1238 3772 1395 3886 postris?
1420 3756 1567 3847 Plini'u's‘

390 3902 428 3972 et
454 3896 617 3972 Catullus
651 3894 837 3969 celebrant
868 3894 1063 3987 Veronam,
1093 3882 1200 3967 Titus*
1228 3891 1352 3967 Rivius
1382 3881 1559 3985 Paduam,

391 4014 562 4113 Virgilius
587 4002 785 4110 Mantuam,
807 4014 926 4089 Varus
945 4016 1178 4108 Cremonam,
1196 4011 1400 4088 Macrobius
1420 4021 1458 4088 et
1475 4012 1562 4088 Cas-

391 4136 467 4212 sius
484 4137 670 4229 Parmam,
688 4134 812 4210 Gallus
825 4134 962 4209 Forum
977 4133 1071 4228 Julii,
1085 4133 1306 4209 Claudianus
1327 4132 1561 4228 Florentiam,

391 4258 537 4333 Persius
560 4254 763 4351 VulterraS,
793 4246 971 4348 Acciusl¹l
1000 4254 1209 4349 Pisaurum,
1235 4252 1384 4329 Ovidius
1414 4254 1564 4329 Sulmo-

394 4373 491 4473 nem,
529 4376 700 4452 Horatius
734 4375 945 4469 Venusiam,
980 4373 1118 4448 Tullius
1152 4374 1343 4468 Arpinum,
1377 4361 1575 4449 iuvenalis*

392 4498 591 4593 Aquinum,
619 4496 764 4571 archita
782 4502 819 4572 et
835 4495 971 4569 Ennius
997 4492 1209 4588 Tarentum,
1235 4492 1447 4589 Propertius
1472 4494 1564 4591 Spo-

393 4619 521 4711 letum,
547 4616 728 4691 Pacuvius
754 4614 986 4689 Brundisium
1002 4638 1012 4709 3
1031 4620 1068 4688 et
1085 4634 1131 4688 ne
1149 4634 1214 4709 per
1235 4613 1397 4710 singulos
1423 4612 1565 4690 discur-

393 4728 486 4833 ram,
517 4736 666 4833 plurimi
701 4738 869 4831 Romam,
901 4732 963 4811 sed
994 4734 1179 4831 praecipue
1209 4736 1254 4808 M.
1273 4732 1370 4811 Varo
1409 4734 1466 4809 vir
1498 4731 1565 4812 do-

392 4858 574 4934 ctissimus
600 4846 851 4933 romanorum.
878 4856 923 4929 ut
954 4856 1043 4951 petit
1074 4852 1284 4929 Surdellus:
1315 4857 1401 4947 quot
1427 4858 1565 4950 merito,

457 5119 485 5181 (¹)
502 5118 532 5169 Ε.
548 5122 701 5170 mantuane.
953 5117 980 5181 (¹)
997 5118 1027 5169 E.
1045 5097 1322 5169 Actiusl’ensaurum.
