4542 6842
821 951 960 1008 esurus
985 953 1129 1009 snmus.
1513 943 1558 1012 13

386 1099 467 1174 nire
490 1098 538 1173 ad
562 1103 698 1172 ortum.
729 1098 774 1172 Et
806 1097 892 1192 quia
922 1097 1027 1174 litera
1061 1105 1116 1173 est
1148 1097 1250 1174 tortis
1276 1101 1360 1174 volo
1392 1107 1429 1174 te
1454 1100 1559 1195 scire,

386 1219 486 1314 quod
510 1223 618 1314 poeta
645 1223 769 1292 noster
794 1219 875 1294 vult
898 1219 1161 1295 sententialiter
1189 1219 1313 1295 dicere
1343 1220 1381 1294 in
1412 1221 1559 1316 ellectu,

267 1337 269 1344 ⁴
386 1340 486 1435 quod
510 1339 573 1414 ubi
599 1345 680 1414 erat
705 1359 852 1435 semper
877 1339 1004 1415 solitus
1033 1339 1160 1415 videre
1189 1339 1226 1414 in
1258 1340 1401 1416 interno
1430 1362 1558 1418 aerem

385 1460 638 1557 caliginosum,
667 1459 907 1555 pestilentem,
937 1479 1083 1554 semper
1110 1458 1330 1554 inquietum,
1356 1459 1557 1537 minantem

384 1579 544 1678 fulgura,
570 1581 743 1674 tonitrua,
770 1585 1021 1675 tempestatem
1051 1600 1150 1653 nnnc
1182 1579 1387 1654 intraturus
1419 1600 1558 1677 purga-

384 1701 521 1776 torium
549 1701 686 1776 invenit
702 1721 828 1776 acrem
850 1702 1005 1795 clarum,
1028 1699 1265 1794 luminosum,
1282 1720 1433 1794 purum,
1451 1702 1558 1795 quie·

384 1827 465 1896 tum
479 1813 535 1916 (⁴),
552 1820 634 1896 ideo
659 1821 883 1896 exhilaratus
909 1827 975 1895 est.
1001 1820 1207 1894 intraverat
1222 1826 1350 1895 autem
1368 1820 1555 1896 internum

384 1939 602 2016 adveniente
626 1940 779 2015 tenebra
805 1939 930 2034 noctis,
958 1961 1055 2016 nunc
1084 1946 1212 2014 autem
1241 1940 1390 2015 intrabit
1419 1962 1558 2039 purga·

384 2061 520 2135 torium
541 2059 758 2135 adveniente
777 2061 861 2135 luce
876 2060 957 2136 diei.
978 2061 1031 2136 Ad
1048 2060 1192 2136 literam
1210 2081 1312 2158 ergo,
1325 2061 1411 2137 dicit
1428 2069 1555 2157 poetas

383 2184 491 2256 Dulce
514 2185 626 2274 color,
652 2180 787 2256 seilicet
811 2183 939 2276 pulcer
965 2188 1002 2258 et
1028 2202 1144 2277 purus
1163 2182 1265 2256 color
1281 2182 1376 2256 illius
1396 2183 1493 2258 aeris
1509 2184 1557 2259 ad

382 2301 624 2378 differentiam
650 2301 782 2378 coloris
806 2302 903 2377 aeris
927 2302 1122 2398 infernalia,
1144 2303 1208 2396 qui
1232 2309 1288 2377 eet
1311 2303 1494 2380 obscurus
1518 2313 1557 2380 et

382 2441 546 2516 amarus,
559 2425 754 2496 danunt
764 2426 903 2515 saffiro,
922 2423 1025 2516 idest,
1041 2423 1136 2496 illius
1148 2423 1246 2497 aeris
1259 2423 1428 2518 cretosus,
1442 2445 1555 2518 quem

381 2541 510 2637 pulcre
526 2541 642 2638 tangit
659 2542 728 2617 sub
746 2542 961 2638 metaphora
987 2541 1120 2617 coloris
1146 2542 1272 2637 lapidis
1290 2543 1447 2638 zaphiri3
1465 2545 1554 2618 nihil

381 2661 479 2737 euim
518 2667 618 2736 terra
655 2661 749 2756 parit
783 2661 935 2735 similius
968 2663 1063 2738 coelo
1098 2681 1247 2755 sereno,
1280 2661 1359 2756 ipso
1392 2664 1552 2758 zaphiro.

381 2782 479 2878 Ergo
504 2803 570 2878 per
595 2781 786 2877 zephirum
811 2781 971 2877 intellige
996 2781 1228 2857 solummodo
1257 2781 1361 2855 illum
1390 2783 1553 2857 colorem

381 2922 557 2978 serenum
573 2902 669 2978 aeris
690 2901 846 2978 similem
872 2902 1032 2998 zaphiro.
1058 2903 1133 2977 Nec
1153 2902 1343 2998 intelligas,
1361 2904 1456 2979 sicut
1472 2903 1554 2998 qui-

380 3023 466 3098 dam
501 3043 596 3098 vane
609 3015 647 3115 (¹)
672 3021 855 3116 dixerunt,
882 3021 981 3116 quod
1006 3041 1072 3118 per
1097 3021 1302 3116 zephirum.
1315 3030 1422 3118 poeta
1447 3022 1554 3097 intel-

380 3133 507 3239 ligitl³l
533 3143 751 3237 Beatricem,
777 3141 864 3237 quia
889 3141 1004 3237 ipsam
1031 3148 1175 3218 tantum
1201 3142 1362 3218 inveniet
1385 3143 1423 3216 in
1448 3164 1553 3217 sum·

383 3261 510 3337 mitate
544 3261 678 3336 montis
709 3262 922 3358 purgatorii.
958 3261 1042 3336 ldeo
1078 3261 1187 3336 dicit:
1220 3265 1282 3336 cire
1312 3264 1553 3354 canopum

378 3383 437 3454 net
462 3401 587 3454 sermm
616 3388 761 3474 nspctto,
795 3381 898 3476 idest,
929 3381 966 3454 in
1002 3381 1224 3477 inspectione
1253 3381 1349 3456 illius
1377 3383 1473 3457 aeris
1495 3403 1553 3458 se-

379 3501 476 3594 reni,
517 3501 580 3594 qui
622 3507 723 3576 recte
757 3501 950 3576 videbatur
991 3523 1088 3576 unus
1125 3503 1297 3598 zephirus
1333 3506 1398 3578 dot
1430 3525 1553 3577 nrezzo

373 3642 482 3715 poro,
511 3620 613 3715 idest,
644 3621 691 3696 ab
725 3620 786 3695 illo
820 3620 1039 3716 hemisperio
1073 3621 1254 3716 interiori3
1290 3623 1402 3698 un'de·
1420 3623 1552 3698 dicitur

379 3739 640 3836 hemisperium
671 3739 776 3836 quasi
807 3741 956 3817 dimidia
985 3762 1109 3836 spera:
1137 3742 1314 3818 medietas
1342 3745 1441 3819 enim
1467 3744 1550 3820 coeli

379 3881 525 3956 semper
555 3867 749 3956 estsuper
780 3867 938 3955 terram,
968 3861 1040 3936 alia
1073 3863 1250 3938 medietas
1283 3862 1392 3959 intra,
1423 3872 1465 3938 ut
1497 3864 1552 3938 di-

378 3988 478 4056 ctum
496 3969 533 4073 (⁴)
558 3981 656 4056 finali
682 3981 842 4076 capitulo
867 3980 1011 4075 luterni,
1036 3987 1073 4056 et
1097 3981 1240 4058 dicetur
1264 3984 1426 4060 secundo
1450 3984 1551 4080 capi·

378 4101 456 4175 tulo
473 4101 650 4196 sequenti,
667 4105 776 4194 infimo
793 4105 833 4175 at
844 4105 965 4195 primo
984 4105 1078 4194 piro,
1096 4103 1199 4198 idest,
1217 4125 1337 4199 usque
1357 4106 1404 4180 ad
1429 4107 1550 4182 circu-

378 4223 456 4296 lum
474 4223 583 4314 lunae,
601 4221 708 4296 cuius
724 4222 875 4318 globum
896 4222 982 4296 dicit
998 4223 1180 4319 attingere
1196 4245 1317 4318 usque
1334 4225 1381 4300 ad
1397 4227 1548 4323 globum

378 4343 571 4416 lunarem:
606 4343 665 4417 vel
692 4346 812 4434 primo
848 4346 947 4434 piro,
985 4342 1092 4438 idest,
1130 4365 1251 4440 usque
1286 4345 1333 4421 ad
1369 4346 1549 4422 circulum

376 4460 482 4558 iguis,
500 4461 564 4554 qui
589 4467 644 4536 est
668 4461 809 4557 primus
829 4462 872 4535 in'
884 4477 990 4556 spera
1009 4463 1215 4538 activorum
1242 4470 1281 4539 et
1299 4466 1548 4561 passivorum3

377 4587 414 4658 et
439 4581 585 4656 videtur
612 4581 742 4657 melior
768 4582 955 4677 expositio,
985 4577 1188 4658 monnone
1214 4588 1331 4660 diletto
1355 4589 1430 4678 apo·
1455 4565 1551 4660 occlri

376 4706 469 4794 mim,
486 4701 622 4778 scilieet
637 4702 953 4797 intellectualibus,
974 4710 1075 4796 tosto,
1095 4703 1198 4799 idest,
1220 4727 1332 4799 quarn
1355 4707 1439 4802 cito,
1457 4709 1547 4780 cn’m

376 4826 460 4900 arci
469 4827 555 4918 scor
571 4825 614 4896 dr
639 4825 751 4896 tnnc
767 4829 897 4914 morto,
914 4822 1049 4899 scilieet
1065 4823 1243 4919 infernali,
1262 4825 1325 4900 ubi
1345 4833 1442 4902 stant
1458 4846 1548 4902 vere

439 5009 466 5070 (¹)
482 5008 513 5059 Β.
529 5014 556 5061 et
571 5010 697 5074 quietum.
828 5057 830 5062 ,
984 5007 1013 5074 (¹)
1029 5011 1055 5063 S.
1072 5012 1288 5063 vertebrorum.

439 5085 466 5150 (⁸)
482 5085 513 5137 Ε.
528 5085 694 5138 intellexerit.
985 5088 1012 5152 d)
1028 5089 1059 5140 Ε.
1075 5089 1174 5141 dictum
1189 5095 1230 5142 est
1244 5089 1323 5142 unalt
