4542 6842
770 949 840 1015 530
1129 960 1334 1015 connururr
1359 960 1577 1015 nunonronrr

767 1128 831 1200 sa3
858 1106 943 1203 quia
975 1127 1060 1181 cum
1093 1106 1212 1180 elatus
1242 1125 1414 1180 successu
1444 1124 1666 1200 magnarum
1698 1102 1939 1178 victoriarum

767 1234 932 1323 speraret
962 1226 1132 1319 maiores,
1160 1225 1247 1300 vidit
1272 1224 1508 1299 rebellionem
1535 1223 1664 1298 Sicilire
1689 1231 1727 1300 et
1750 1222 1942 1317 captivita-

769 1353 843 1421 tem
879 1347 940 1421 tilii
967 1346 1036 1440 sui,
1062 1345 1123 1440 qui
1150 1352 1294 1439 poterat
1322 1343 1475 1419 interfici
1506 1343 1544 1420 lu
1577 1343 1769 1417 vindictam
1800 1342 1942 1417 Conra-

612 1478 616 1483 ·
770 1467 855 1561 urm,
874 1468 903 1542 si
928 1449 1040 1542 nosos
1066 1465 1365 1541 voluissemus
1391 1466 1554 1563 sacrorn,
1572 1465 1666 1539 snut
1690 1465 1768 1559 lpse
1793 1465 1939 1539 ment.

770 1588 814 1661 Et
840 1595 1009 1662 mortuus
1042 1594 1097 1661 est
1127 1607 1215 1661 cum
1248 1586 1386 1680 dolore,
1418 1586 1492 1660 lilio
1523 1585 1645 1661 adlruc
1678 1593 1942 1659 carcerato.-

777 1714 903 1803 Fompo
927 1711 1025 1799 capp
1037 1711 1083 1780 io.
1109 1707 1175 1782 Hic
1194 1708 1302 1803 Ilugo
1327 1706 1434 1781 valde
1457 1707 1659 1781 detestatur
1683 1706 1793 1780 vilem
1817 1706 1940 1781 avari-

770 1828 859 1902 tiam
884 1828 1035 1903 alterios
1059 1828 1189 1903 Caroli.
1216 1829 1287 1902 lste
1311 1828 1465 1903 Carolus
1488 1827 1535 1902 de
1561 1826 1681 1900 Valois
1705 1826 1941 1923 cognomina-

772 1956 832 2021 tus
857 1948 936 2023 sine
961 1954 1072 2041 terra,
1099 1948 1212 2023 irater
1237 1947 1386 2042 Philippi
1411 1946 1545 2040 Pulcri,
1564 1954 1717 2020 vocatus
1740 1946 1778 2020 in
1802 1945 1938 2025 italiam

772 2088 838 2164 per
868 2068 1093 2143 Boniiacium
1128 2067 1196 2141 sub
1231 2067 1381 2141 nomine
1404 2066 1614 2161 pacificandi
1642 2065 1876 2160 Florentiam,
1903 2072 1941 2139 et

772 2187 922 2285 gerendi
941 2188 1078 2263 bellum
1096 2193 1225 2262 contra
1238 2186 1409 2280 Siciliam,
1423 2187 1537 2280 ipsam
1556 2186 1776 2261 Florentiam
1794 2205 1942 2260 summe

771 2305 998 2402 disturbavit,
1025 2314 1067 2382 ut
1103 2309 1211 2403 plene
1239 2307 1413 2403 scriptum
1445 2313 1501 2381 est
1533 2307 1666 2380 lniemi
1701 2306 1859 2403 capitulo
1884 2304 1940 2378 Vl.

772 2428 909 2503 Deinde
933 2438 1076 2505 armata
1104 2447 1239 2523 magna
1267 2427 1385 2501 classe
1408 2426 1506 2521 apud
1530 2425 1730 2520 Neapolim,
1755 2445 1842 2500 cum
1868 2425 1942 2499 Ro·

773 2548 878 2623 herto
912 2548 984 2621 filio
1015 2546 1133 2621 Caroli
1151 2546 1181 2618 ll
1207 2546 1272 2619 ivit
1300 2552 1428 2619 contra
1458 2544 1642 2638 Siciliam3
1675 2545 1739 2619 scd
1764 2545 1801 2618 in
1826 2544 1941 2638 brevi,
2014 2609 2017 2618 .

774 2669 867 2742 lacta
894 2668 1063 2741 simulata
1090 2676 1127 2740 et
1153 2666 1278 2740 inlami
1304 2683 1405 2759 pace,
1424 2686 1596 2741 reversus
1611 2671 1668 2739 est
1685 2666 1721 2739 in
1737 2666 1941 2757 Franrsiam,

774 2788 914 2884 perdita
941 2806 1074 2879 magua
1100 2790 1204 2881 parte
1229 2806 1307 2859 sua
1331 2785 1460 2881 gentis.
1483 2786 1565 2861 ldeo
1585 2785 1681 2859 bene
1704 2785 1740 2857 in
1767 2786 1848 2859 eius
1871 2786 1943 2858 im-

775 2904 986 3000 properium
1018 2904 1156 2978 dictum
1192 2911 1270 2978 cst:
1296 2904 1448 2979 Carolus
1480 2904 1580 2979 venit
1611 2903 1650 2977 io
1681 2904 1847 2978 Tusciam
1875 2925 1942 2999 pro

774 3044 875 3120 pace,
895 3031 934 3099 et
956 3024 1102 3118 reliquit
1127 3024 1174 3098 ibi
1200 3024 1360 3098 bellum:
1377 3028 1415 3098 at
1438 3023 1502 3096 ivit
1518 3024 1555 3096 in
1576 3022 1733 3097 Siciliam
1750 3024 1942 3118 prohelio,

773 3150 814 3219 et·
830 3145 1027 3239 reportavit
1044 3144 1128 3219 inde
1146 3144 1423 3241 ignominiosam
1442 3164 1581 3239 pacem.
1599 3144 1693 3218 uicit
1709 3164 1801 3240 ergo
1817 3146 1941 3242 lingo:

780 3271 904 3358 Teatpo
929 3270 1028 3357 capp
1039 3268 1075 3338 io
1100 3286 1172 3337 noa
1197 3268 1303 3337 molto
1326 3268 1420 3357 dopo
1444 3268 1560 3355 oncoi,
1585 3266 1673 3359 quia
1705 3284 1771 3360 per
1801 3286 1940 3340 annum

774 3392 898 3480 postca
925 3385 993 3459 luit
1018 3386 1113 3460 istud
1140 3386 1291 3479 iactum,
1317 3389 1378 3459 cte
1402 3392 1528 3476 trappe
1547 3406 1596 3458 mr
1615 3389 1709 3459 altro
1730 3390 1836 3459 Corio
1860 3392 1945 3481 [nor

773 3507 812 3578 di
835 3509 1004 3598 stando,
1031 3506 1117 3600 quia
1144 3506 1195 3579 sic
1228 3506 1324 3581 dicta
1351 3513 1408 3580 est
1435 3526 1458 3580 a
1487 3506 1676 3581 Francone
1708 3506 1814 3599 duca,
1839 3508 1897 3581 vel
1921 3529 1944 3582 a

775 3624 976 3720 ferocitate,
1003 3627 1206 3701 secundom
1232 3626 1425 3719 Isidorum,
1448 3648 1516 3718 per
1537 3632 1601 3719 sor
1624 3647 1789 3700 corwmer
1821 3631 1946 3719 neptia

775 3766 795 3817 e
819 3743 858 3818 cd
880 3749 1022 3839 &suod-
1040 3747 1103 3840 qui
1129 3768 1226 3841 saepe
1251 3768 1317 3841 per
1340 3747 1531 3820 avaritiam
1559 3746 1668 3821 nimis
1690 3748 1944 3841 deliquerunt:

777 3864 875 3959 quod
902 3868 1075 3940 continuo
1092 3868 1265 3961 declarat,
1279 3886 1365 3941 cum
1382 3866 1486 3940 dicit:
1503 3870 1703 3939 senz'nrrne
1718 3870 1843 3960 a'esce,
1858 3868 1944 3961 quia

775 3984 846 4058 sub
871 3971 974 4060 titulo
1000 3985 1210 4079 pacificandi
1236 3984 1349 4061 exivit
1372 4006 1396 4059 a
1420 3984 1584 4080 Francia,
1614 3992 1652 4060 et
1676 4006 1748 4060 non
1774 4008 1867 4060 usos
1890 3994 1946 4061 est

776 4105 910 4201 apertis
935 4106 1074 4181 viribus
1105 4126 1210 4181 more
1240 4105 1437 4202 pallorum,
1462 4106 1526 4181 sed
1557 4106 1694 4202 perlida
1720 4106 1945 4203 proditione,
2070 4168 2076 4175 .

776 4225 875 4300 unde
895 4226 997 4301 dicit:
1016 4230 1129 4300 asold
1142 4247 1209 4299 con
1228 4230 1266 4299 lo
1281 4230 1398 4299 lorcin
1413 4247 1480 4300 con
1496 4228 1533 4299 lo
1549 4230 1635 4319 qual
1651 4219 1785 4318 ptosud
1805 4230 1922 4300 Girtdn
1930 4255 1946 4320 ;

777 4351 814 4419 et
840 4344 983 4420 videtur
1008 4347 1146 4441 optima
1171 4346 1420 4441 comparatio,
1438 4346 1525 4441 quia
1542 4347 1637 4422 sicut
1653 4347 1766 4421 iudas
1789 4346 1947 4442 prodidt

777 4463 961 4539 Christum
988 4487 1054 4560 pro
1080 4465 1248 4561 pecunia,
1269 4466 1319 4539 lta
1340 4466 1408 4540 iste
1433 4476 1630 4563 corruptus
1649 4468 1804 4565 pecunia
1823 4468 1948 4563 prodi-

777 4584 829 4659 dit
853 4585 1091 4681 Boniiacium,
1118 4586 1182 4681 qui
1207 4592 1406 4660 voraverat
1430 4606 1530 4661 eum.
1549 4587 1653 4662 Unde
1674 4586 1779 4662 dicit:
1797 4610 1817 4659 e
1832 4591 1949 4678 quattu

774 4712 898 4798 ponto,
924 4705 1025 4801 idest,
1060 4706 1226 4803 impingit
1254 4706 1352 4779 illam
1385 4706 1564 4801 lanceam
1594 4699 1625 4780 si
1651 4708 1703 4781 clr'
1717 4728 1742 4780 α
1770 4711 1949 4781 Florem

776 4830 1005 4920 sumoppinr
1029 4832 1066 4901 to
1091 4832 1233 4921 punem.
1269 4828 1314 4899 lit
1342 4832 1398 4900 est
1429 4827 1676 4923 propriissime
1708 4827 1947 4923 comparatio,

779 4946 864 5041 quia
891 4968 936 5023 eo
962 4954 1129 5044 tempore
1154 4945 1336 5023 Florentia
1361 4953 1443 5021 erat
1468 4948 1574 5023 valde
1594 4949 1820 5043 corpulenta,
1840 4948 1947 5041 plena

780 5067 930 5161 civibus,
956 5067 1078 5143 inllata
1103 5067 1284 5164 superbia.
1309 5068 1352 5140 Et
1376 5066 1444 5141 iste
1467 5067 1621 5142 Carolus
1645 5067 1748 5143 scidit
1771 5086 1854 5142 aem
1880 5088 1946 5164 per
