4542 6842
823 984 966 1038 CANTUS
991 982 1121 1037 Nonus.
1489 970 1561 1037 255

388 1130 478 1203 dum
507 1146 626 1223 usqne
650 1126 697 1201 ad
722 1134 867 1222 tempus
893 1126 1026 1201 nubilis
1048 1126 1441 1223 strasburgensem
1457 1146 1563 1200 soro·

389 1270 470 1325 rem
495 1248 639 1324 Achillis
646 1272 657 1343 ;
683 1253 720 1323 et
746 1248 815 1322 sub
841 1246 909 1321 isto
934 1247 1059 1321 onlore
1089 1248 1289 1322 excusabat
1317 1248 1348 1321 si
1373 1247 1562 1322 videretur

388 1370 495 1445 nimis
522 1369 644 1464 virilis,
671 1389 805 1465 rogans
832 1376 872 1442 ut
897 1374 1046 1443 caveret
1069 1390 1092 1443 a
1118 1367 1288 1464 circuitu,
1314 1376 1352 1443 et
1377 1368 1561 1463 precipue

390 1510 436 1565 ne
461 1490 604 1565 veniret
628 1490 673 1564 ad
700 1490 784 1563 litus
810 1510 857 1563 ne
882 1490 977 1563 torte
1013 1496 1208 1583 raperetur
1232 1509 1256 1563 a
1282 1488 1443 1583 tmianis,
1468 1490 1561 1563 sicut

389 1610 527 1685 llelena
560 1632 582 1684 a
611 1608 752 1683 Paride.
778 1608 945 1705 Virgines
970 1628 1061 1682 vero
1087 1608 1169 1681 liliae
1202 1608 1299 1704 regis
1330 1609 1561 1684 mirabantur

390 1730 569 1827 virginem
596 1749 743 1824 novam,
766 1729 1005 1822 honorabant,
1024 1734 1062 1802 et
1080 1734 1233 1825 tangere
1257 1729 1476 1825 gaudebant
1501 1730 1563 1803 ln-

393 1850 498 1926 terim
517 1849 658 1925 Graecia
675 1856 712 1925 et
730 1856 805 1924 tota
822 1850 969 1945 Europa
986 1854 1091 1943 parat
1108 1846 1246 1923 bellum
1260 1854 1389 1923 contra
1402 1849 1561 1943 Troiam,

391 1975 429 2045 et
454 1990 561 2067 reges
586 1989 715 2045 omnes
740 1988 781 2043 se
805 1968 1067 2064 praemnninnt,
1087 1974 1125 2043 et
1151 1968 1273 2063 populi
1295 1976 1491 2043 armantur
1514 1969 1562 2044 ad

392 2090 566 2165 ultionem
595 2097 671 2165 tam
697 2089 830 2163 atrocis
857 2088 1018 2162 iniuriae:
1045 2094 1081 2163 et
1108 2086 1254 2162 mndem
1287 2108 1418 2191 omnes
1437 2081 1564 2164 naves

391 2230 600 2306 grecorum
626 2216 879 2286 convenerunt
904 2207 1002 2304 apud
1028 2208 1194 2285 Aulidem
1216 2208 1385 2303 insulam,
1402 2232 1487 2303 quae
1505 2216 1564 2285 est

391 2331 428 2404 in
462 2330 556 2405 mari
585 2330 758 2424 Euboico,
784 2336 822 2404 et
852 2348 981 2403 omnes
1017 2329 1113 2403 vires
1143 2336 1376 2425 congregate
1407 2330 1562 2403 suntin

392 2472 510 2525 unum
534 2470 670 2547 eorpus
696 2449 765 2525 snb
790 2471 867 2525 uno
893 2470 983 2547 rege
1007 2451 1305 2547 Agamemnone,
1331 2455 1368 2524 et
1393 2450 1567 2543 quamvis

392 2570 440 2644 ibi
471 2577 567 2646 esset
595 2571 699 2646 lortis
727 2570 931 2665 Diomedae,
966 2576 1109 2645 astutus
1143 2569 1287 2665 Ulyres,
1322 2569 1444 2644 audax
1469 2570 1565 2643 Tbe-

392 2689 586 2785 lamonius,
611 2691 701 2765 Aiax
728 2690 849 2765 etalii
876 2690 982 2764 multi
1009 2688 1190 2786 magnifici
1221 2688 1412 2786 principes,
1439 2696 1564 2763 tamen

393 2816 469 2885 tota
495 2810 690 2885 multitudo
716 2810 922 2907 suspirabat
947 2810 1121 2885 Achillem
1147 2811 1349 2903 absentem,
1370 2816 1409 2885 et
1428 2830 1564 2884 nomeu

394 2930 474 3006 eius
497 2932 683 3027 amabant,
709 2939 747 3007 et
772 2932 871 3005 solus
902 2930 1057 3006 Achilles
1086 2938 1214 3006 contra
1239 2932 1434 3006 llectorem
1460 2937 1565 3027 pete-

394 3051 515 3127 batur.
542 3054 594 3125 Ex
621 3072 696 3147 qno
721 3059 802 3148 post
827 3052 974 3149 longam
1001 3051 1303 3127 consultationem
1327 3052 1478 3128 Calcbas
1503 3072 1565 3127 sa·

394 3172 522 3247 cerdos
548 3180 585 3247 et
609 3194 733 3270 augur
758 3172 1110 3268 adpostulationem
1128 3169 1329 3265 Protesilai,
1347 3192 1460 3265 quem
1488 3173 1565 3247 lor·
1671 3174 1677 3185 ’

395 3297 484 3366 tuna
511 3292 678 3367 trabebat
702 3292 740 3366 in
765 3292 916 3386 bellum,
942 3292 1031 3366 dixit
1056 3292 1156 3385 quod
1180 3298 1301 3367 mater
1324 3292 1566 3368 absconderat

394 3432 482 3487 eum
509 3412 546 3485 in
571 3413 655 3488 aula
683 3413 780 3510 regis
804 3412 1019 3509 Lycomedis
1039 3413 1075 3486 in
1097 3413 1215 3486 lorma
1236 3412 1419 3506 loeminea,
1438 3419 1474 3487 et
1490 3420 1567 3487 sta-

394 3532 459 3606 tim
485 3532 679 3607 Diomedes
706 3533 934 3628 preveniens
954 3532 1121 3628 Ulyxem,
1141 3531 1250 3605 dixit:
1270 3532 1343 3605 Nos
1369 3538 1474 3606 vocat
1499 3532 1567 3609 iste

394 3651 509 3745 labor,
526 3651 586 3728 cni
599 3652 735 3749 illyres
755 3653 923 3727 laetanter
940 3652 1102 3726 assensit.
1120 3652 1254 3725 Parata
1272 3670 1363 3747 ergo
1384 3652 1469 3727 navi
1487 3673 1567 3728 οω-

394 3782 529 3868 perunt
553 3774 729 3870 navigare
746 3793 812 3869 per
828 3772 1069 3869 Cyclades,'et
1087 3772 1233 3847 tandem
1259 3792 1434 3867 prospero
1454 3781 1566 3850 rento

395 3899 645 3988 pervenerunt
669 3892 715 3967 ad
740 3893 880 3990 Scyron
905 3892 1147 3988 scopulosam,
1173 3901 1211 3968 et
1234 3892 1495 3970 descendentes
1519 3895 1565 3970 ad

396 4012 481 4086 litus
505 4013 722 4088 dimiserunt
746 4034 879 4089 navem
906 4034 993 4086 cum
1020 4012 1138 4107 sociis,
1159 4032 1206 4087 ne
1222 4013 1272 4087 illi
1290 4013 1339 4089 de
1355 4012 1472 4090 insula
1491 4022 1567 4091 ter-

396 4139 580 4227 rerentur,
597 4140 634 4209 et
658 4134 723 4228 ipsi
749 4134 824 4208 dno
849 4140 1082 4208 accesserunt
1098 4133 1145 4207 ad
1164 4132 1307 4227 urbem,
1325 4140 1362 4207 et
1381 4141 1567 4229 portantes

396 4273 544 4328 ramum
559 4245 597 4346 (¹)
614 4254 720 4329 olivae
746 4252 966 4329 invenerunt
984 4274 1111 4351 regem
1129 4254 1168 4328 in
1184 4254 1335 4328 introitu
1355 4262 1489 4350 portoe3
1506 4256 1568 4332 eui

396 4372 574 4448 facundus
596 4375 728 4471 Ulyxes
749 4374 912 4449 narravit
933 4374 1092 4467 qualiter
1117 4381 1224 4449 erant
1244 4372 1344 4447 missi
1370 4373 1417 4449 ad
1441 4378 1570 4470 explo-
1658 4424 1664 4433 -

397 4495 552 4570 randum
589 4495 666 4569 vias
704 4503 742 4569 et
779 4515 917 4590 passus,
953 4514 1000 4569 ne
1035 4494 1172 4569 anxssia
1198 4495 1294 4569 irent
1327 4494 1374 4568 ad
1409 4496 1569 4571 Troiam.

395 4616 472 4691 ilex
494 4615 573 4689 illos
597 4622 787 4713 gratanter
812 4623 979 4710 receptos
1003 4614 1207 4689 introduxit
1225 4613 1263 4689 in
1280 4615 1416 4690 aulam.
1436 4616 1571 4713 Ulyres

396 4735 569 4831 providus
582 4727 619 4829 (¹)
643 4740 761 4810 totam
789 4735 930 4832 regiam
956 4734 1200 4811 consideravit
1224 4734 1340 4809 oculis
1369 4736 1399 4809 si
1425 4743 1572 4812 notaret

397 4855 444 4929 ibi
470 4855 616 4949 aliqtmd
643 4855 837 4952 vestigium
864 4854 1015 4952 virginis
1041 4856 1226 4930 masculae.
1252 4855 1407 4931 lobilles
1430 4865 1569 4953 auten,

458 5108 486 5169 β)
499 5108 533 5159 E.
548 5122 645 5161 rna.
893 5110 924 5174 (⁸)
937 5110 968 5161 lt
984 5111 1100 5175 provide.
