4542 6842
662 974 666 981 ·
709 946 779 1015 310
1068 948 1274 1005 coururuu
1297 948 1522 1003 nuauaronu

707 1102 801 1177 sicut
830 1100 951 1175 adbuc
979 1103 1131 1193 apparet
1164 1096 1203 1170 in
1236 1094 1457 1189 quibusdam
1490 1093 1591 1167 libris
1627 1092 1783 1168 miniatis
1816 1112 1887 1189 per

708 1242 820 1315 eum;
846 1219 928 1294 ideo
953 1217 1016 1291 dat
1040 1216 1105 1291 sibi
1132 1216 1295 1311 palmam
1321 1215 1432 1321 buius
1455 1215 1556 1308 artis,
1582 1214 1731 1289 dicens:
1755 1217 1886 1288 t'onor

708 1338 835 1417 dtutto
868 1362 912 1413 or
945 1360 1023 1430 suo,
1054 1338 1143 1432 quia
1172 1335 1307 1410 scilicet
1338 1336 1416 1432 ipse
1446 1341 1545 1411 tenet
1573 1334 1728 1430 apicem,
1760 1356 1781 1407 c
1813 1336 1887 1407 mio

707 1465 745 1535 ia
766 1467 883 1555 porte,
909 1458 1160 1552 solummod03
1185 1462 1223 1531 et
1246 1456 1392 1530 subdit:
1425 1456 1490 1529 ben
1518 1476 1591 1529 non
1619 1458 1760 1529 sardio
1793 1461 1885 1528 stolo

708 1574 906 1671 sicorlcse,
932 1578 1027 1653 sicut
1064 1576 1174 1652 modo
1204 1597 1302 1670 sum,
1328 1583 1460 1648 mentre
1483 1578 1582 1649 cd'io
1611 1578 1706 1669 ubo,
1735 1582 1773 1648 et
1797 1592 1886 1648 ecce

709 1722 872 1795 causam,
894 1721 961 1795 por
985 1702 1020 1773 lo
1044 1719 1140 1790 qran
1164 1700 1253 1770 dria
1278 1698 1356 1770 dett
1369 1698 1585 1785 eccellenzia,
1605 1695 1707 1789 idest,
1734 1700 1885 1790 propter

710 1841 889 1919 magnum
923 1817 1147 1893 desiderium
1179 1815 1380 1893 excellendi
1418 1822 1572 1891 caeteros
1602 1815 1638 1889 in
1676 1822 1758 1890 arte
1788 1832 1891 1907 mea,

711 1944 894 2018 docenio
924 1960 1006 2013 core
1036 1943 1141 2012 intcse
1153 1964 1170 2032 ,·
1194 1936 1283 2032 quia
1308 1942 1426 2010 totum
1452 1940 1627 2011 conatum
1653 1935 1883 2031 apponebam

710 2064 807 2138 circa
833 2062 913 2135 boc.
940 2060 983 2133 Et
1008 2059 1066 2133 bic
1084 2063 1169 2132 nota
1187 2056 1287 2151 quod
1303 2056 1418 2150 aliqui
1439 2056 1622 2130 mirantur
1638 2056 1698 2129 bic
1715 2074 1761 2130 cx
1779 2054 1898 2151 igno-⁴

713 2182 842 2276 nantia,
868 2188 905 2255 et
930 2180 1077 2254 dicunt:
1105 2199 1223 2274 quare
1248 2178 1383 2252 Dantes
1409 2176 1610 2255 nominavit
1634 2177 1694 2251 bic
1718 2178 1887 2251 bominac

713 2303 825 2401 ignoti
852 2301 1008 2375 nominis
1033 2307 1070 2375 at
1096 2300 1212 2374 bassa
1236 2297 1337 2391 artis,
1358 2318 1445 2372 cum
1468 2296 1643 2391 potuisset
1667 2296 1812 2394 dignius
1832 2297 1888 2371 la·
1955 2350 1960 2355 Α

713 2442 799 2498 cere
826 2420 1049 2497 mentionem
1075 2419 1121 2493 dc
1148 2418 1235 2493 viris
1263 2417 1574 2493 excellentissimis
1604 2418 1667 2511 qui
1696 2418 1825 2513 pulcra
1850 2423 1891 2492 et

714 2542 848 2618 nobilia
874 2562 985 2637 opera
1005 2542 1172 2615 lecerunt
1187 2537 1383 2613 avidissimi
1403 2537 1553 2634 gloriae?
1571 2537 1643 2611 Sed
1658 2543 1760 2613 certe
1781 2545 1889 2633 pocta

714 2661 798 2737 lecit
825 2663 894 2735 boc
919 2680 1005 2735 cum
1032 2680 1167 2756 magna
1191 2666 1272 2733 arte
1297 2664 1334 2733 et
1354 2659 1442 2754 jura
1458 2656 1610 2751 optimo,
1627 2657 1714 2751 quia
1735 2677 1801 2752 por
1818 2659 1889 2733 boc

714 2781 777 2857 dat
804 2781 913 2857 tacite
930 2779 1089 2876 intelligi,
1107 2778 1206 2873 quod
1226 2778 1407 2872 appetitus
1423 2776 1550 2873 gloriae
1569 2776 1619 2849 ita
1637 2776 1887 2852 indifferenter

716 2907 871 2995 occupat
897 2920 1036 2992 omnes,
1063 2898 1298 2993 quodetiam
1324 2896 1427 2992 parvi
1453 2895 1610 2971 artifices
1635 2902 1721 2970 sunt
1745 2897 1886 2971 solliciti

716 3020 814 3096 circa
845 3020 943 3093 illam
976 3017 1252 3113 acquirendam,
1277 3016 1372 3091 sicut
1402 3015 1570 3091 videmus
1603 3016 1702 3110 quod
1731 3015 1890 3109 pictores

716 3146 903 3237 apponunt
928 3138 1076 3213 nomina
1102 3136 1287 3231 operibus,
1312 3135 1407 3210 sicut
1431 3135 1556 3209 scribit
1580 3135 1747 3211 Valerius
1768 3136 1816 3211 de
1835 3136 1893 3231 pi-

717 3267 819 3335 ctore
845 3259 953 3335 nobili
979 3266 1067 3352 etc.;
1093 3263 1130 3333 et
1155 3257 1338 3332 concludit
1358 3256 1545 3331 Odorisius
1561 3257 1659 3350 quod
1676 3257 1722 3332 ad
1740 3259 1887 3353 culpam

718 3380 923 3455 necessario
949 3380 1118 3473 sequitur
1142 3399 1262 3474 poeua,
1287 3378 1434 3455 dicens:
1459 3379 1487 3450 il
1510 3380 1574 3469 fio,
1604 3377 1695 3452 idest
1723 3378 1889 3472 seudum,

719 3499 866 3593 scilicet,
892 3499 1050 3594 pretium
1077 3504 1114 3575 et
1139 3497 1369 3593 supplicium,
1403 3499 1556 3589 sipupa
1588 3500 1660 3589 qui,
1686 3497 1788 3592 idest,
1818 3520 1890 3594 pu·

718 3621 829 3715 nitur,
855 3623 893 3694 di
916 3622 968 3693 tal
989 3620 1165 3714 superbio,
1187 3619 1289 3713 idest,
1307 3626 1384 3694 mm
1401 3618 1571 3713 superbae
1587 3618 1725 3715 gloria.
1746 3620 1790 3693 Et
1806 3619 1892 3693 dicit

718 3740 817 3834 quod
843 3731 1003 3833 habaid)
1030 3740 1170 3815 bonum
1199 3746 1361 3834 pactum,
1391 3737 1490 3832 quod
1522 3759 1596 3813 nou
1624 3739 1781 3813 tardavit
1812 3760 1892 3837 poce

720 3860 907 3939 nitentium
947 3882 1067 3955 usque
1100 3862 1139 3935 in
1173 3860 1295 3934 linem.
1330 3859 1433 3935 Unde
1466 3858 1579 3933 dicit:
1613 3864 1648 3932 et
1676 3880 1789 3933 aanor
1819 3880 1892 3933 oon

717 3986 814 4057 sarci
838 3985 909 4073 qui,
927 3981 1030 4075 idest,
1056 3981 1094 4055 in
1119 3982 1189 4055 isto
1214 3979 1440 4077 purgatorio,
1459 3979 1534 4053 imo
1556 3998 1674 4053 essem
1703 3980 1890 4077 relegatus

718 4110 824 4179 extra
849 4124 934 4178 cum
961 4102 1051 4196 aliis,
1076 4124 1114 4175 se
1139 4122 1211 4174 non
1233 4105 1328 4194 fosse
1346 4102 1408 4173 clae
1432 4104 1480 4173 mi
1504 4104 1592 4174 ootsi
1615 4122 1640 4173 a
1664 4103 1747 4189 Dio,
1771 4121 1892 4196 aquo

719 4244 943 4301 recesseram
975 4242 1041 4318 per
1075 4221 1300 4317 superbiam,
1328 4223 1503 4313 poscendo
1527 4241 1701 4314 peccare,-
1735 4221 1824 4315 quia
1853 4221 1894 4297 in

718 4345 792 4421 vita
818 4346 929 4420 bomo
954 4348 1072 4439 potest
1096 4361 1252 4437 peccare
1275 4362 1343 4436 per
1367 4341 1572 4417 libertatem
1598 4341 1750 4435 arbitrii,
1776 4347 1814 4417 et
1839 4342 1891 4415 sic

718 4464 905 4541 Odorisius
930 4464 1040 4538 tacite
1059 4461 1294 4537 commendat
1317 4461 1526 4537 lelicitatcrn
1545 4461 1658 4535 nostri
1678 4466 1807 4556 poetae,
1826 4460 1891 4555 qui

719 4588 817 4665 bono
842 4592 1009 4681 tempore
1033 4583 1213 4659 convertit
1229 4604 1270 4657 se
1285 4582 1332 4656 ad
1356 4583 1489 4675 Ileum,
1506 4587 1544 4656 ct
1559 4582 1734 4657 admonet
1756 4602 1895 4655 unum-

721 4726 910 4801 quemque
935 4711 976 4777 ut
1001 4724 1075 4777 non
1100 4702 1145 4776 sit
1170 4702 1298 4777 tardus
1316 4700 1363 4777 ad
1388 4701 1754 4796 prendendam-0
1777 4722 1895 4773 oona-

720 4829 849 4920 plorc'u.
875 4824 940 4899 llic
964 4829 1071 4919 poeta
1096 4822 1214 4918 gratia
1245 4820 1504 4917 praedictorum
1534 4821 1717 4897 exclamat
1745 4820 1791 4895 ad
1820 4821 1901 4909 disf

786 5075 813 5140 (¹)
830 5076 861 5128 Ii.
876 5076 1003 5129 babuerat
1018 5078 1116 5129 bonum
1133 5082 1269 5141 peccatum
1285 5077 1346 5143 qut·
1361 5090 1414 5127 non
1431 5078 1550 5129 tardavit.
