4542 6842
726 945 798 1012 438
1083 953 1288 1010 connato!
1311 952 1534 1010 occorrono

726 1103 828 1176 cules
852 1101 947 1176 bene
980 1100 1178 1196 pugnando
1210 1099 1407 1175 substinuit
1435 1101 1583 1175 coeium.
1599 1107 1688 1174 -Α
1719 1102 1896 1192 mappior.

725 1222 791 1298 liic
816 1224 959 1296 Marcus
991 1220 1121 1315 probat
1151 1221 1252 1315 quod
1280 1222 1395 1295 homo
1423 1241 1497 1296 noo
1526 1220 1573 1294 sit
1603 1221 1771 1295 subditus
1802 1221 1897 1295 ooeio

725 1347 905 1436 quantum
939 1339 985 1414 ad
1016 1339 1191 1433 animam,
1221 1339 1366 1416 dicens:
1397 1360 1463 1415 ros
1494 1340 1671 1434 viventes,
1702 1343 1897 1432 roppiooete

726 1462 826 1536 acm
849 1481 875 1534 o
898 1463 1062 1552 inoppior
1088 1463 1211 1554 smzo,
1241 1460 1425 1554 quamsit
1453 1459 1508 1534 vis
1532 1460 1628 1553 eoeti,
1654 1468 1686 1534 et
1708 1481 1733 1532 o
1757 1463 1897 1552 ceptior

724 1587 870 1672 nemra,
887 1581 1034 1674 scilicet,
1047 1579 1191 1674 divinae,
1204 1601 1289 1674 quae
1305 1586 1362 1654 est
1378 1585 1511 1655 natura
1528 1587 1750 1673 perorante
1768 1584 1895 1673 ᾳυεὶἱα,

726 1701 872 1794 scilicet,
898 1707 1031 1776 notura
1056 1701 1114 1775 vei
1140 1701 1249 1793 Deus,
1275 1703 1367 1790 oric,
1384 1699 1433 1774 ab
1457 1699 1570 1793 initio,
1587 1703 1625 1773 to
1649 1708 1771 1792 mone,
1793 1700 1894 1793 idest,

725 1822 887 1897 animem
915 1821 1143 1916 rationalem,
1167 1825 1206 1894 in
1223 1823 1293 1912 voi,
1313 1821 1459 1915 scincet,
1482 1820 1702 1915 hominibus,
1720 1824 1780 1894 cte
1792 1825 1818 1895 Ἰ
1833 1826 1898 1896 tic!

725 1963 797 2016 non
821 1945 869 2014 ta
892 1945 930 2016 tn
954 1963 1020 2015 soa
1036 1963 1138 2033 cora,
1156 1942 1259 2035 idest,
1279 1947 1468 2036 potestate,
1490 1941 1577 2035 quia
1597 1940 1823 2036 animaque
1839 1950 1896 2016 est

726 2082 786 2138 res
810 2061 930 2136 divina
957 2081 1030 2134 oon
1056 2071 1111 2137 ert
1135 2081 1159 2136 a
1183 2067 1396 2158 generante,
1413 2061 1477 2135 eod
1496 2081 1519 2135 a
1536 2061 1613 2135 Deo
1633 2068 1794 2155 creante,
1811 2061 1895 2136 licet

725 2182 843 2256 intusa
881 2180 1026 2275 corpori
1065 2188 1260 2256 moveatur
1297 2180 1501 2255 comodum
1540 2181 1833 2276 complexionem
1856 2174 1893 2274 (⁴)

725 2301 898 2396 corporis.
912 2299 1026 2374 Nimis
1042 2301 1247 2374 absordum
1264 2298 1525 2396 ergovitietor,
1538 2299 1639 2394 qood
1652 2301 1764 2376 homo
1781 2301 1894 2374 snbr‘i-

724 2421 844 2496 cietur
868 2420 974 2513 creto,
1000 2439 1087 2494 cum
1115 2420 1236 2515 potios
1260 2428 1359 2494 astra
1385 2419 1456 2493 sint
1480 2419 1573 2494 iacta
1602 2427 1753 2515 propter
1778 2420 1896 2494 homi·

725 2561 823 2635 nem,
850 2559 962 2634 quam
999 2559 1021 2615 e
1055 2559 1246 2615 converso.
1273 2540 1375 2614 Unde
1403 2539 1450 2614 ad
1484 2540 1778 2644 confirmandam
1809 2559 1895 2634 pro·

724 2660 882 2756 positum
909 2661 1069 2734 occurrit
1094 2659 1182 2733 mioi
1209 2679 1270 2734 reo
1288 2661 1425 2755 jocosa.
1453 2659 1603 2754 Fioruit,
1629 2680 1703 2734 non
1734 2666 1791 2735 est
1818 2659 1893 2754 dio,

724 2781 762 2855 in
794 2781 940 2856 civitate
975 2781 1109 2856 Paduae
1139 2779 1290 2875 quidam
1325 2781 1456 2854 Petrus
1486 2779 1533 2855 de
1561 2781 1701 2875 abano,
1734 2779 1892 2855 eximius

579 2957 581 2962 .
724 2899 970 2996 philosophus,
996 2901 1213 2995 astrologus,
1239 2905 1277 2973 et
1301 2899 1475 2993 medicos,
1493 2899 1557 2993 qui
1581 2899 1628 2975 nd
1654 2906 1802 2995 tempos
1825 2901 1893 2975 tuit

724 3019 762 3094 in
787 3019 855 3093 ista
880 3019 1048 3114 opinione
1073 3019 1198 3115 praia.
1231 3018 1368 3094 tremit
1397 3026 1524 3094 autem
1554 3021 1681 3115 semei,
1706 3022 1806 3116 qood
1830 3041 1894 3097 ac-

724 3160 856 3216 census
882 3141 935 3215 ira
962 3147 1090 3215 contra
1115 3160 1267 3215 serrum
1293 3159 1418 3233 nrum,
1436 3139 1499 3233 qui
1520 3139 1628 3213 nimis
1650 3141 1756 3216 tarde
1776 3141 1896 3217 rectio-

725 3267 782 3336 rat
806 3260 972 3354 domum,
990 3260 1136 3335 volebat
1160 3260 1198 3333 in
1223 3259 1351 3334 tumre
1375 3257 1525 3333 iniicere
1556 3279 1690 3334 manos
1717 3261 1754 3334 in
1785 3281 1893 3336 eum:

724 3389 812 3458 tunc
846 3403 975 3457 servus
1007 3401 1120 3478 sagax
1152 3379 1276 3455 subito
1308 3401 1400 3454 usos
1432 3385 1488 3453 est
1520 3379 1678 3475 ingenio,
1708 3388 1747 3455 et
1785 3381 1894 3456 otae:

723 3503 866 3598 Fateor,
892 3502 1069 3599 magister
1094 3501 1144 3574 mi
1170 3507 1209 3576 et
1232 3500 1393 3593 domine,
1411 3519 1473 3573 me
1496 3519 1660 3594 errasse3
1686 3501 1750 3575 sed
1776 3523 1893 3576 unum

725 3623 881 3699 verbum
914 3643 1046 3718 precor
1083 3621 1214 3696 audire
1244 3619 1415 3716 digneris,
1441 3625 1640 3714 antequam
1669 3641 1693 3694 a
1723 3640 1785 3695 me
1815 3641 1896 3696 me·

724 3745 831 3819 ritem
857 3763 1006 3839 poenam
1021 3733 1058 3834 (²)
1092 3742 1229 3838 exigas.
1261 3740 1391 3815 Audiri
1420 3759 1529 3835 sape,
1556 3747 1597 3815 ut
1630 3741 1726 3816 bene
1761 3741 1894 3835 reooto,

723 3873 760 3942 to
785 3865 979 3958 dicentem,
1002 3863 1101 3957 qnod
1124 3862 1250 3938 omnia
1274 3861 1446 3936 evenient
1469 3861 1517 3935 de
1541 3862 1774 3956 necomitam
1800 3881 1895 3956 qno-

722 3985 834 4060 modo
859 4005 950 4081 ergo
976 3991 1143 4079 poteram
1167 3983 1278 4057 citios
1299 3982 1453 4057 reniret
1477 3983 1610 4056 Petrus
1629 3982 1747 4078 magis
1766 3985 1894 4076 iratos,

724 4105 915 4202 porrigens
940 4123 1092 4178 manum
1118 4103 1165 4178 ad
1198 4103 1385 4195 baculum,
1410 4101 1574 4176 ciamare
1601 4103 1735 4196 erepit:
1761 4103 1805 4176 Et
1830 4123 1895 4178 ne·

722 4247 827 4304 oense
859 4231 925 4319 est,
958 4245 1066 4300 serre
1097 4244 1271 4318 nequam,
1298 4222 1397 4317 qnod
1426 4229 1464 4298 te
1496 4223 1592 4298 dore
1619 4223 1817 4319 corripiam
1847 4223 1896 4299 tie

723 4347 953 4422 contumacia
980 4353 1055 4420 toa
1074 4346 1177 4419 Tunc
1195 4365 1326 4419 servos
1342 4363 1416 4418 non
1433 4343 1596 4436 territos,
1613 4345 1798 4439 applicans
1813 4365 1895 4420 ma—

724 4487 815 4541 man
840 4466 887 4542 ad
912 4466 1097 4561 capulum,
1123 4465 1235 4540 dixit:
1261 4465 1305 4537 tt
1328 4471 1442 4557 certe,
1464 4464 1640 4559 magister
1664 4465 1802 4558 insane,
1829 4485 1895 4540 ne

723 4607 825 4663 cesse
849 4593 916 4680 est,
934 4585 1032 4680 qood
1050 4585 1199 4683 infigam
1219 4584 1382 4681 giadim
1397 4573 1435 4677 (¹)
1457 4584 1496 4658 in
1511 4585 1653 4659 risccra
1670 4590 1747 4659 toa.
1765 4585 1896 4660 Parus

580 4743 583 4750 v
722 4715 847 4784 autem
883 4706 1016 4782 timore
1049 4711 1281 4801 temperante
1314 4704 1427 4798 nom,
1459 4704 1570 4779 dixit:
1596 4704 1751 4800 Semper
1784 4705 1895 4780 statis

723 4849 883 4922 mecum,
905 4827 934 4900 si
956 4828 1074 4920 voles;
1093 4831 1130 4901 et
1146 4825 1320 4921 promitto
1336 4825 1412 4918 tibi,
1429 4825 1530 4918 qood
1547 4845 1739 4919 nunquam
1757 4826 1803 4900 de
1821 4845 1894 4900 cae-

785 5017 812 5076 (¹)
829 5019 884 5074 11⁷,
900 5013 1105 5078 complexionem
1121 5014 1184 5064 eins.
1372 5009 1401 5073 τ’)
1417 5010 1444 5064 S.
1459 5011 1571 5064 detritam
1589 5023 1692 5074 ponam
1707 5013 1800 5076 aiga.

786 5090 812 5153 ι’)
829 5095 883 5152 itt,
899 5089 1014 5154 gladium
1034 5090 1113 5141 ictum
1128 5091 1156 5141 in
1172 5090 1278 5141 ricem
