4542 6842
866 996 1003 1051 cnutus
1027 996 1157 1051 NONUS.
1522 984 1591 1050 271

424 1148 467 1216 ut
490 1141 644 1217 haberet
669 1138 844 1235 stipendia
869 1138 1073 1214 necessaria
1105 1138 1152 1213 ad
1186 1160 1275 1211 usus
1300 1137 1482 1213 bellorum
1508 1137 1596 1213 uivi-

423 1261 527 1356 lium,
553 1262 704 1337 aucessit
728 1260 775 1335 ad
801 1260 1029 1355 spoliandum
1057 1259 1244 1353 aerarium,
1268 1260 1328 1333 cul
1353 1258 1502 1353 quidam
1520 1260 1596 1333 Me-

423 1382 531 1457 tellus
556 1379 856 1477 tribunusplebis
881 1400 995 1454 ausus
1015 1372 1083 1453 luit
1103 1379 1294 1473 resistere3
1312 1380 1375 1455 sed
1395 1379 1456 1453 illu
1476 1378 1596 1454 incre-

424 1507 521 1597 pato,
540 1520 606 1597 per
627 1499 826 1596 quemdam
849 1499 1039 1575 Aurelium
1060 1498 1203 1573 Cottam
1221 1498 1370 1573 affinem
1389 1498 1542 1573 Caesaris
1559 1505 1596 1573 et

425 1622 583 1719 repulsu,
609 1622 728 1697 omnis
753 1622 950 1696 thesaurus
974 1620 1116 1693 ablatus
1143 1624 1208 1693 est.
1230 1618 1336 1694 Modn
1360 1620 1405 1694 ad
1431 1620 1596 1716 proposi·

426 1752 517 1836 tum,
543 1743 581 1817 in
605 1742 793 1838 apertione
823 1741 925 1814 istius
955 1745 1070 1834 portae
1101 1739 1316 1835 purgatorii,
1347 1747 1517 1834 quaeest
1551 1740 1597 1815 de

425 1864 587 1958 metallo,
601 1862 717 1938 iactus
734 1868 789 1937 est
805 1858 930 1934 similis
948 1880 1060 1933 sanus
1077 1859 1126 1933 illi
1145 1859 1208 1953 qui
1225 1859 1343 1934 lactus
1359 1866 1415 1934 est
1433 1861 1470 1934 in
1487 1880 1597 1955 aper·

426 1980 524 2057 tinne
549 1982 680 2077 aerarii,
708 1982 813 2057 cuius
843 1987 948 2075 porta
980 1980 1145 2054 similiter
1177 1986 1257 2054 erat
1285 1978 1333 2055 de
1357 1981 1516 2055 metallo.
1544 1980 1597 2055 Ad

426 2101 569 2177 literam
602 2121 711 2199 erg03
746 2100 832 2175 dicit
856 2106 989 2195 poeta:
1015 2122 1033 2173 e
1058 2102 1200 2191 quando
1225 2102 1251 2172 li
1273 2102 1401 2193 spipoli
1423 2102 1461 2172 di
1484 2100 1600 2193 uuella

426 2225 550 2313 raupta
572 2242 691 2316 sacru,
718 2220 821 2312 idest,
847 2226 962 2315 portae
992 2227 1156 2313 sacratae,
1186 2222 1248 2313 prr
1280 2222 1420 2293 distorti
1448 2223 1502 2292 urs
1514 2241 1599 2293 cur·

426 2342 522 2435 dini,·
554 2341 665 2416 cardo
691 2348 747 2415 est
766 2340 1052 2414 instrumentum
1071 2338 1158 2411 illud
1185 2339 1348 2413 ferreum
1375 2340 1472 2413 circa
1498 2339 1598 2433 quod

426 2462 583 2537 vertitur
607 2460 763 2553 ostium3
788 2462 850 2533 cle
873 2462 911 2532 di
935 2460 1073 2532 ntetallo
1097 2480 1164 2531 sou
1183 2462 1324 2531 sonanti
1347 2480 1367 2531 e
1389 2462 1489 2552 sorti,
1511 2460 1598 2552 quia

426 2581 562 2655 durum
589 2588 627 2656 et
652 2580 797 2655 difficile
822 2586 877 2654 est
903 2580 1040 2653 intrare
1069 2586 1212 2674 portam
1244 2578 1349 2652 istam
1380 2579 1484 2653 istius
1508 2580 1598 2654 civi·

427 2701 508 2775 tatis
522 2700 624 2775 sortis
641 2707 679 2776 et
697 2700 792 2775 bene
809 2700 980 2792 munitae3
1004 2701 1168 2791 Tarpeia,
1188 2718 1348 2792 camera,
1366 2699 1402 2771 in
1420 2720 1494 2791 qua
1517 2709 1599 2775 erat

397 2802 404 2813 ’
428 2822 623 2897 thesaurus
641 2820 860 2914 communis,
878 2840 950 2892 uon
965 2812 1092 2910 ruppe
1108 2812 1152 2910 sl,
1168 2818 1260 2893 idest
1278 2839 1350 2891 nnn
1377 2819 1521 2914 rugiuit,
1539 2820 1598 2893 vel

427 2959 500 3013 non
527 2940 672 3014 sonuit:
699 2940 797 3015 unde
820 2940 1009 3013 Lucanus:
1042 2944 1135 3012 llum
1167 2960 1272 3032 rupes
1301 2942 1453 3031 Tarpeia
1481 2947 1597 3031 sonat,

428 3059 532 3152 sicut,
558 3058 696 3153 supple,
722 3059 845 3134 senuit
869 3058 936 3132 ista
962 3065 1066 3153 porta
1092 3058 1315 3156 purgaturii3
1342 3056 1390 3133 ud
1411 3062 1442 3131 si
1465 3052 1599 3133 mostrd

427 3172 600 3273 sineru5
624 3180 729 3274 sicut,
755 3180 893 3275 supple,
920 3199 1018 3255 nunc
1044 3177 1110 3252 ista
1141 3185 1244 3274 porta
1259 3172 1308 3272 (¹).
1342 3181 1386 3256 Et
1420 3182 1479 3255 hie
1513 3190 1599 3257 nota

428 3299 527 3393 quod
552 3299 705 3395 Tarpeia
732 3299 933 3374 vocabatur
962 3299 1047 3373 olim
1083 3320 1189 3372 muns
1223 3299 1259 3373 in
1293 3300 1422 3395 Roma,
1456 3302 1517 3375 ubi
1544 3309 1600 3378 est

428 3418 646 3514 Capitolium
673 3440 882 3513 romanum,
900 3420 936 3493 in
955 3441 1030 3515 qun
1056 3418 1123 3492 luit
1147 3420 1323 3515 templum
1350 3422 1448 3496 lovis
1473 3424 1599 3517 optimi

429 3538 591 3635 maximi,
618 3546 655 3616 et
680 3540 733 3615 ibi
754 3547 835 3615 erat
860 3540 1033 3641 aerarium
1061 3561 1271 3635 romanum,
1302 3542 1402 3636 quod
1435 3543 1601 3618 denomi-

429 3668 557 3735 natum
584 3666 638 3734 est
664 3660 831 3755 Tarpeia,
850 3682 872 3734 a
898 3660 1059 3754 quadam
1082 3660 1225 3757 virgine
1242 3662 1405 3757 larpeia,
1424 3662 1495 3738 lilia
1512 3665 1601 3737 'lar-

429 3781 485 3876 pei
512 3780 670 3855 custodis
687 3780 793 3874 arcis,
811 3800 895 3873 quae
921 3800 1007 3854 cum
1033 3780 1168 3855 exisset
1184 3782 1230 3855 ad
1248 3781 1384 3857 lentem
1406 3805 1474 3879 prn
1490 3804 1600 3880 aqua,

429 3908 604 3995 corrupta
629 3900 825 3996 promissis,
851 3898 948 3974 dedit
981 3900 1187 3997 ingressum
1219 3901 1361 3977 Sabinis
1390 3903 1426 3976 in
1461 3926 1599 3980 arcem.

429 4020 481 4094 Mli
516 4028 642 4095 tamen
673 4019 847 4096 continuo
876 4026 1136 4116 oppresserunt
1166 4041 1250 4097 eam
1282 4023 1430 4120 clypeis,
1463 4025 1522 4099 uel
1559 4031 1602 4099 ut

431 4140 663 4216 ostenderent
688 4141 786 4235 quod
812 4140 985 4235 proditori
1019 4160 1091 4215 nnn
1124 4147 1179 4216 est
1209 4143 1388 4217 seruanda
1415 4143 1514 4239 tides,
1541 4147 1601 4221 vel

430 4282 479 4337 ne
503 4261 716 4336 viderentur
735 4262 890 4336 intrasse
907 4260 1089 4337 civitatem
1108 4283 1176 4357 per
1192 4263 1446 4359 proditionem,
1467 4287 1514 4341 ne
1530 4266 1601 4341 mi·

433 4389 614 4457 nueretur
638 4381 756 4479 gloria
782 4380 878 4475 lacti,
904 4381 996 4455 sicut
1021 4382 1145 4456 scribit
1169 4382 1303 4477 Livius,
1321 4392 1359 4457 et
1382 4384 1487 4459 dicit:
1505 4408 1602 4461 come

432 4504 462 4577 le
475 4508 515 4597 (u
534 4504 615 4577 totto
630 4505 658 4575 it
672 4502 920 4576 duouMetetlo.
944 4500 1014 4577 Sed
1039 4502 1098 4576 lrie
1123 4504 1214 4577 solet
1232 4504 1348 4597 quaeri
1375 4506 1456 4598 quis
1481 4498 1600 4600 luite)

431 4622 499 4697 iste
523 4621 698 4697 Metellus.
716 4621 771 4696 Ad
789 4621 887 4716 quod
912 4627 968 4695 est
993 4621 1194 4695 notandum
1210 4614 1261 4716 (³),
1283 4624 1381 4717 quod
1402 4625 1448 4701 de
1465 4626 1600 4702 lamilia

430 4738 630 4817 clarissima
655 4741 884 4817 Metellorum
903 4740 1008 4815 multi
1026 4740 1178 4816 ruerunt
1195 4742 1263 4816 viri
1281 4743 1439 4820 illustres
1460 4746 1600 4842 lamnsi,

430 4863 526 4938 sicut
549 4860 714 4937 Metellus
740 4861 958 4956 numidicus,
984 4862 1149 4938 Metellus
1181 4864 1275 4959 pius,
1309 4865 1474 4941 Metellus
1504 4868 1603 4942 isau-

495 5115 522 5177 (Ἴ
538 5115 564 5165 S.
580 5120 654 5179 porta
672 5115 862 5181 purgatorii.¹
947 5116 975 5179 (ἢ
992 5118 1022 5167 Ε.
1039 5117 1128 5168 luerit.
1253 5116 1351 5182 (Mlti,
1367 5119 1510 5170 mlendum.
