4542 6842
717 923 789 990 116
1082 933 1285 990 sensurum
1309 935 1530 990 aunenronu

650 1087 652 1091 ’
715 1086 770 1156 est
799 1079 931 1175 punire
964 1079 1155 1155 victoriam
1185 1081 1271 1155 Deae
1305 1079 1475 1175 victricis,
1495 1080 1578 1175 plus
1609 1080 1743 1158 timens
1774 1101 1892 1175 aquas

715 1199 873 1295 Neptuni
899 1220 1011 1294 quam
1037 1220 1144 1276 arma
1165 1200 1349 1277 Minervae.
1367 1202 1462 1276 Ecce
1478 1221 1593 1294 quam
1612 1202 1744 1296 pulcre
1758 1202 1892 1299 bugu-

713 1319 831 1394 stinus
865 1319 1010 1394 mordet
1038 1319 1264 1395 dementiam
1296 1319 1445 1395 iliorum
1481 1320 1700 1416 sapientum.
1734 1323 1838 1397 Plato
1853 1314 1891 1415 (¹)

711 1439 848 1538 agebat
872 1439 1009 1536 gratias
1035 1446 1180 1515 naturae
1203 1439 1250 1516 de
1271 1441 1447 1536 quinque,
1466 1441 1613 1537 scilicet,
1631 1441 1731 1536 quod
1747 1463 1890 1539 genue-

712 1567 771 1636 rat
796 1581 883 1636 eum
910 1560 1097 1636 bominem
1125 1580 1199 1635 uon
1223 1561 1399 1655 brutum3
1421 1581 1564 1636 marem
1590 1582 1666 1637 non
1691 1562 1888 1657 seminam3

712 1701 878 1778 grecum
897 1689 934 1756 et
955 1702 1029 1756 non
1046 1681 1270 1776 barbarum3
1287 1681 1539 1758 atheniensem
1566 1702 1640 1757 non
1666 1682 1887 1776 tbebanum3

711 1809 750 1878 et
775 1803 875 1897 quod
899 1808 1007 1877 atate
1032 1801 1192 1878 Socratis
1215 1823 1239 1876 a
1265 1822 1341 1897 quo
1366 1802 1624 1878 instrueretur.
1649 1804 1693 1876 Et
1717 1803 1776 1878 bic
1800 1807 1888 1876 nota

711 1923 810 2017 quod
836 1923 917 1998 loco
943 1922 1046 1996 istius
1073 1923 1218 1998 teminae
1242 1944 1387 2020 graecae,
1410 1944 1495 2018 quae
1520 1923 1614 1999 irata
1638 1923 1786 2019 petebat
1803 1922 1886 1997 rin-

710 2041 844 2117 dietam
859 2042 906 2116 de
923 2043 1026 2117 boste
1043 2062 1065 2115 a
1083 2042 1229 2137 marito,
1246 2049 1391 2138 poterat
1407 2043 1684 2118 convenientius
1702 2042 1788 2139 poni
1806 2048 1888 2137 post

709 2162 860 2237 Mariam
889 2160 1023 2236 mulier
1048 2182 1214 2256 romana,
1232 2162 1368 2237 scilicet
1392 2162 1494 2238 Livia
1521 2183 1617 2238 uxor
1641 2159 1882 2259 potentissimi

709 2282 901 2356 bominum
926 2281 1093 2379 Augusti,
1116 2303 1201 2377 quae
1223 2282 1482 2378 benignissima
1507 2282 1677 2358 nobiliter
1700 2280 1884 2378 persuasit

709 2401 789 2475 viro
815 2401 952 2476 volenti
977 2422 1127 2477 sumere
1152 2403 1371 2497 supplicium
1396 2403 1443 2478 de
1469 2402 1679 2498 coniuratis,
1712 2410 1753 2477 ut
1778 2421 1886 2477 more

711 2521 939 2596 medicorum
974 2528 1137 2597 mutaret
1168 2523 1344 2617 remedia,
1369 2529 1407 2598 et
1431 2529 1603 2598 uteretur
1626 2523 1821 2599 clementia
1849 2529 1888 2598 et

710 2663 785 2716 non
812 2642 884 2736 ira3
911 2662 986 2737 quo
1013 2642 1108 2716 iacto
1124 2642 1314 2739 Augustus
1330 2664 1375 2717 ex
1398 2644 1552 2719 inimicis
1568 2645 1782 2740 capitalibus
1799 2643 1885 2718 iecit

712 2762 779 2840 sibi
806 2751 961 2858 optimos
986 2763 1135 2838 amicos
1154 2766 1285 2838 -ΕἸ
1307 2767 1441 2856 sipnm.
1468 2765 1532 2841 Hic
1558 2772 1665 2859 poeta
1695 2765 1796 2861 ponit
1823 2784 1888 2840 re·

713 2882 944 2981 sponsionem
962 2883 1138 2959 Pisistrati
1162 2884 1210 2958 ad
1235 2905 1406 2978 uxorem,
1424 2884 1568 2960 dicens:
1590 2891 1624 2958 Ε
1644 2888 1671 2958 't
1691 2887 1816 2978 opnor
1836 2886 1886 2958 mi

707 3027 824 3099 pareo
849 3007 1037 3098 msponder
1062 3007 1117 3095 tei,
1144 3005 1291 3098 scilicet,
1310 3006 1429 3100 uxori,
1447 3007 1594 3098 bmipno
1619 3029 1638 3080 e
1662 3009 1755 3098 mdc,
1780 3005 1884 3099 idest,

711 3126 870 3220 humilis,
895 3127 952 3198 cot
975 3128 1049 3198 uiso
1074 3131 1286 3218 temperato:
1310 3128 1509 3219 caesarem
1533 3129 1607 3220 noi,
1635 3125 1737 3220 idest,
1762 3125 1885 3200 iacere

708 3246 935 3340 debebimus,
962 3267 986 3318 o
1010 3246 1064 3318 cit
1088 3248 1164 3318 omi
1185 3266 1230 3318 oe
1249 3248 1381 3338 desire
1405 3246 1552 3342 scilicet,
1570 3247 1735 3322 hostibus
1756 3245 1884 3321 odien-

707 3368 804 3444 tibus
839 3387 916 3462 nos,
942 3387 979 3440 se
1003 3369 1081 3460 paci
1105 3369 1166 3440 cie
1188 3370 1221 3440 ci
1245 3388 1343 3459 amo,
1368 3366 1463 3443 sicut
1493 3369 1561 3442 iste
1581 3368 1741 3463 juvenis,
1774 3364 1795 3440 d
1816 3386 1886 3458 per

707 3493 769 3564 noi
791 3491 1047 3562 condemnato?
1071 3487 1115 3560 Et
1145 3486 1203 3562 bic
1237 3495 1336 3581 nota,
1366 3487 1466 3582 quod
1490 3487 1699 3562 Pisistratus
1723 3506 1799 3561 non
1824 3507 1885 3562 so-

707 3611 786 3684 lum
812 3610 849 3683 in
874 3609 942 3684 isto
968 3629 1070 3703 casu,
1096 3607 1222 3682 sedin
1249 3609 1374 3682 multis
1403 3609 1483 3683 atiis
1514 3628 1605 3682 usus
1629 3615 1685 3684 est
1710 3606 1884 3682 humani-

708 3737 784 3806 tate
809 3736 846 3804 et
872 3729 1083 3823 clementia3
1111 3750 1198 3804 nam
1230 3728 1320 3803 dum
1354 3729 1469 3804 semel
1498 3727 1535 3802 in
1568 3749 1698 3804 mensa
1732 3727 1883 3823 quidam

706 3852 849 3928 amicus
875 3851 960 3924 vino
984 3860 1160 3946 gravatus
1185 3849 1372 3945 expuisset
1396 3849 1433 3923 in
1459 3849 1591 3924 taciem
1617 3869 1738 3942 suam,
1763 3855 1801 3922 et
1825 3848 1885 3922 ta·

706 3972 799 4046 muti
824 3977 983 4046 astantes
1004 3970 1140 4045 vellent
1156 3968 1260 4044 iilum
1278 3968 1474 4063 trucidare,
1495 3969 1704 4043 Pisistratus
1729 3967 1881 4042 omnino

707 4092 917 4190 probibuit:
955 4097 993 4166 et
1031 4109 1117 4164 cum
1155 4089 1216 4164 ilie
1247 4097 1330 4184 post
1362 4089 1579 4164 ebrietatem
1614 4107 1883 4185 recognoscens

707 4233 875 4290 errorem
911 4232 1021 4285 sunm
1057 4210 1167 4286 veliet
1196 4229 1236 4284 se
1265 4209 1445 4303 occidere,
1477 4208 1686 4284 Pisistratus
1723 4208 1882 4304 benigne

707 4333 917 4409 consolatus
942 4338 997 4406 est
1022 4349 1109 4406 eum
1136 4329 1353 4426 promittens
1378 4328 1444 4404 sibi
1470 4328 1726 4425 impunitatem
1750 4335 1788 4402 et
1804 4327 1882 4423 pri-

571 4473 575 4482 ·
707 4475 809 4528 mam
834 4451 1043 4528 amicitiam.
1059 4454 1197 4524 -Pot
1224 4449 1290 4524 Hic
1314 4456 1434 4544 poeta,
1460 4449 1578 4545 posito
1602 4448 1774 4543 exemplo
1805 4447 1881 4523 cle-

705 4573 854 4650 mentiae
880 4572 947 4646 viri
974 4555 1187 4668 peccatoris,
1207 4569 1356 4646 adducit
1381 4570 1592 4666 exemplum
1610 4560 1647 4662 (²)
1665 4568 1734 4643 viri
1752 4567 1880 4662 sancti,
1915 4652 1921 4662 .

705 4694 853 4787 scilicet,
871 4691 1043 4789 Stephani
1068 4689 1361 4787 protomartyris,
1379 4689 1444 4783 qui
1469 4710 1543 4764 non
1568 4689 1688 4764 solum
1715 4709 1788 4762 non
1813 4707 1882 4783 pe-

706 4815 808 4891 tebat
832 4813 1028 4889 vindictam
1055 4832 1103 4887 en
1125 4811 1192 4905 ira,
1212 4810 1277 4884 sed
1303 4810 1458 4906 rogabat
1482 4798 1628 4886 veniam
1654 4829 1721 4906 pro
1735 4799 1774 4903 (³)
1800 4829 1880 4884 ma-

768 4999 795 5061 (³)
812 5001 867 5060 1¹⁷,
883 5000 958 5050 Phio
973 5003 1063 5050 tutem
1078 4999 1178 5062 agebst
1408 4997 1435 5058 (¹)
1453 5001 1508 5058 117,
1523 4995 1595 5048 abad
1610 4994 1769 5059 exemptum.

768 5075 794 5140 ξ’)
811 5076 843 5127 B.
859 5089 908 5140 pro
924 5075 1115 5128 miserantibus
1129 5087 1192 5126 enm
1208 5075 1235 5124 in
1250 5073 1390 5139 suppliciis.
1405 5073 1456 5125 lile
1471 5074 1551 5125 enim.
1586 5128 1591 5138 ,
