4542 6842
662 919 709 984 28
1020 925 1225 979 comaron
1248 925 1470 980 runonroan

660 1079 753 1154 sicut
779 1078 917 1152 dictum
943 1081 998 1150 est
1022 1074 1129 1170 plene
1154 1073 1316 1149 secundo
1347 1075 1506 1170 capitulo
1537 1077 1681 1151 lnlerni.
1696 1083 1831 1153 -Μα,

658 1200 723 1273 Hie
749 1197 918 1294 Virgilius
944 1194 1140 1289 respondet
1159 1194 1288 1289 primae
1313 1195 1476 1290 petitioni
1498 1197 1654 1292 Catonis,
1672 1205 1709 1272 et
1734 1197 1833 1294 dicit,

659 1319 722 1414 qui
747 1323 833 1391 sunt
859 1316 921 1410 qui
947 1320 1131 1390 venerunt
1156 1322 1285 1388 eontra
1310 1334 1450 1389 caecum
1474 1317 1631 1391 llumen:
1650 1323 1688 1391 et
1711 1317 1832 1413 primo

658 1438 704 1514 ad
730 1437 947 1532 captandam
974 1434 1267 1510 benevolentiam
1293 1435 1481 1529 praemittit
1497 1436 1596 1530 quod
1616 1457 1690 1511 non
1715 1445 1834 1534 potest

660 1578 798 1655 negare
816 1541 922 1651 'quod
948 1556 1008 1630 ille
1032 1555 1131 1650 petit.
1159 1553 1294 1628 Ordine
1314 1555 1366 1629 sic
1383 1555 1540 1649 literam,
1559 1577 1617 1629 me
1642 1579 1737 1631 esser
1760 1579 1834 1632 non

656 1687 750 1772 pote,
776 1677 862 1772 quia
888 1676 995 1751 video
1025 1675 1124 1770 quod
1154 1697 1194 1750 es
1224 1696 1370 1772 magnae
1401 1676 1607 1752 autoritatis
1636 1684 1673 1752 et
1701 1679 1833 1775 amplae

659 1798 856 1895 potestatis,
882 1800 942 1870 olle
966 1801 994 1870 il
1016 1800 1100 1888 mm,
1125 1797 1254 1892 supple
1278 1796 1384 1891 velle,
1410 1798 1443 1869 si
1465 1800 1568 1889 nepti
1591 1805 1671 1870 ate
1700 1802 1749 1872 da
1773 1802 1833 1873 ode
1862 1809 1866 1815 '

659 1915 760 1994 e‘tno
787 1921 883 1992 ooler
914 1921 974 1991 elta
997 1914 1060 2011 piri
1097 1921 1129 1990 si
1158 1920 1302 2010 spiepli,
1332 1915 1435 2010 idest,
1466 1917 1547 2012 plus
1578 1918 1767 2013 aperiatur
1796 1926 1834 1994 et

659 2039 924 2132 manifestetur,
951 2041 988 2111 di
1011 2044 1135 2110 nostra
1160 2039 1358 2128 condizion,
1384 2039 1552 2110 oom’ello
1576 2034 1598 2111 e'
1621 2058 1720 2129 aero,
1746 2038 1833 2133 quia

658 2179 732 2232 non
757 2159 927 2232 venimus
953 2165 1142 2252 tamquam
1171 2157 1267 2232 servi
1293 2157 1435 2254 fugitivi
1461 2164 1589 2232 contra
1617 2158 1833 2234 mandatum

658 2279 813 2374 Domini,
835 2279 951 2352 fracto
972 2298 1134 2372 carcere,
1162 2297 1230 2352 nec
1256 2297 1387 2351 sumus
1407 2277 1569 2352 damnati
1590 2299 1656 2373 per
1669 2279 1832 2375 judicem

658 2397 892 2492 infernalem3
919 2397 1019 2472 unde
1038 2397 1144 2472 dicit:
1171 2399 1293 2488 questi,
1310 2395 1445 2472 scilieet
1462 2398 1597 2475 Dantes
1614 2400 1833 2475 constitutus

658 2538 783 2592 coram
811 2518 1004 2612 praesentia
1031 2524 1107 2612 tua,
1133 2539 1206 2590 non
1231 2519 1309 2590 eide
1332 2519 1406 2590 moi
1430 2520 1586 2591 l'uttime
1609 2540 1704 2610 sera,
1730 2519 1832 2615 idest,

659 2645 831 2732 mertem,
864 2637 927 2712 sed
961 2637 1087 2711 vivens
1106 2636 1240 2710 adhue
1273 2636 1439 2713 transivit
1472 2657 1538 2732 per
1569 2637 1752 2713 inlernum
1785 2640 1833 2714 ad

660 2756 868 2832 evitandam
895 2763 1053 2831 mortem
1081 2762 1269 2831 aeternam.
1290 2756 1333 2828 Et
1350 2755 1408 2829 hie
1425 2763 1510 2830 nota
1532 2756 1631 2850 quod
1656 2758 1834 2834 catholice

660 2877 843 2972 loquendo
876 2876 1043 2950 homines
1076 2875 1269 2971 dupliciter
1302 2876 1525 2950 descendunt
1558 2878 1595 2950 in
1625 2878 1831 2954 internum:

659 2998 807 3092 quidam
834 2998 932 3072 enim
958 3005 1110 3093 peceant
1127 2997 1342 3092 mortaliter,
1361 3005 1398 3072 et
1416 2997 1686 3092 impoenitentes
1707 3007 1744 3074 et
1765 3001 1833 3074 ob·

658 3119 779 3193 stinati
794 3118 1017 3212 moriuntur,
1035 3124 1071 3192 et
1089 3119 1180 3191 tales
1197 3139 1401 3211 numquam
1420 3118 1581 3193 evadunt
1600 3119 1648 3192 ab
1669 3119 1832 3214 inlern03

509 3263 511 3268 ·
656 3239 716 3314 alii
733 3232 769 3331 (¹)
796 3258 886 3313 vero
907 3237 1092 3333 peccando
1110 3238 1314 3312 mortaliter
1333 3238 1559 3313 descendunt
1584 3239 1620 3311 in
1645 3239 1831 3314 internum

658 3359 840 3455 viventes,
875 3358 939 3433 sed
970 3358 1266 3455 recognoscendo
1299 3359 1443 3454 eulpam
1479 3379 1546 3454 per
1580 3360 1832 3454 poenitentiam

657 3479 829 3573 evadunt,
857 3484 893 3553 et
919 3478 1000 3552 talis
1025 3478 1093 3552 luit
1117 3485 1226 3573 poeta
1251 3485 1386 3554 noster.
1413 3479 1498 3553 ldeo
1522 3478 1608 3553 dicit
1637 3480 1830 3576 Virgilius:

657 3621 716 3674 ma
739 3621 805 3692 per
829 3602 866 3672 lo
890 3620 956 3672 sno
982 3601 1099 3693 follia,
1125 3599 1228 3692 idest,
1254 3599 1472 3693 temeritate,
1499 3603 1535 3673 ei
1561 3603 1602 3694 se
1635 3593 1665 3673 si
1691 3622 1833 3694 presso,
1861 3607 1864 3614 '

658 3721 845 3817 quiajam
873 3721 1020 3817 triginta
1053 3720 1217 3814 quinque
1247 3721 1352 3794 annis
1383 3726 1533 3796 steterat
1567 3729 1767 3797 contumax
1796 3723 1832 3796 in

657 3842 827 3938 peccatis,
853 3844 912 3914 elta
936 3843 1041 3914 molto
1061 3862 1154 3934 poco
1180 3847 1291 3932 tempo
1321 3862 1346 3912 α
1378 3843 1499 3933 volper
1523 3863 1600 3935 era,
1627 3844 1712 3936 quia
1743 3864 1833 3918 ava·

659 3962 741 4036 ritia
768 3982 926 4056 pressus,
953 3966 1034 4034 erat
1059 3959 1096 4033 in
1122 3965 1291 4034 extremo
1316 3960 1479 4055 periculo
1510 3961 1639 4036 mortis
1670 3970 1832 4059 aeternae,

659 4082 726 4154 nisi
752 4080 923 4178 Virgilius
950 4081 1082 4153 missus
1107 4079 1153 4153 ad
1180 4099 1268 4153 eum
1298 4080 1540 4156 succurrisset
1564 4081 1609 4156 ei.
1636 4082 1721 4157 ldeo
1745 4083 1833 4159 doit

657 4201 850 4298 Virgilius:
877 4193 906 4274 si
939 4203 1074 4273 oom'io
1107 4202 1194 4272 dissi
1220 4203 1275 4294 sei
1306 4203 1476 4274 mandato
1500 4205 1551 4276 od
1581 4224 1670 4296 esso,
1696 4203 1833 4279 scilieet

658 4322 814 4397 Dantem
839 4343 862 4396 a
887 4319 1065 4415 Beatrice,
1088 4341 1155 4414 per
1186 4323 1236 4393 tei
1263 4341 1443 4413 campore,
1469 4321 1651 4399 sciliceta
1676 4323 1833 4399 devora·

658 4443 756 4518 tione
781 4443 889 4537 lupae,
914 4461 998 4535 quae
1020 4441 1183 4516 manime
1215 4440 1407 4517 intestabat
1433 4461 1519 4516 eum
1546 4442 1644 4519 ultra
1668 4444 1758 4518 alias
1779 4443 1833 4520 le-

658 4584 730 4657 ras,
757 4569 794 4637 et
823 4561 932 4636 dicit:
966 4583 985 4634 e
1018 4581 1090 4634 non
1115 4565 1225 4634 o'ere
1258 4565 1354 4636 altra
1383 4566 1454 4657 vio,
1488 4563 1624 4639 seilicet
1655 4564 1834 4640 evasionis

658 4683 749 4776 eius,
774 4685 833 4754 olto
859 4689 978 4774 questa
997 4703 1066 4774 per
1090 4684 1127 4754 to
1152 4685 1255 4775 puoto
1277 4687 1314 4757 io
1339 4687 1387 4757 mi
1410 4705 1477 4758 son
1501 4705 1622 4758 nesso.
1650 4684 1752 4760 Unde
1777 4683 1833 4759 di-

657 4794 756 4894 eit(²)
785 4801 956 4898 Virgilius
982 4801 1049 4875 sibi
1075 4802 1237 4876 secundo
1262 4803 1422 4898 capitulo
1446 4805 1602 4880 lnlerni:
1630 4811 1659 4878 Α
1687 4812 1718 4878 te
1746 4825 1832 4879 con·

720 5053 748 5116 (¹)
766 5051 791 5104 S.
807 5065 823 5103 a
839 5052 870 5104 a.
886 5052 930 5103 alil
946 5058 1042 5104 autem
1249 5053 1279 5120 (Ἴ
1294 5055 1325 5106 Ε.
1342 5055 1414 5106 dixit
