4542 6842
802 977 941 1033 murus
964 932 1132 1049 omerus.
1482 972 1551 1039 145

378 1122 436 1197 isti
462 1128 589 1197 autem
614 1122 779 1218 graviter
803 1122 1033 1199 offenderant
1057 1126 1189 1219 Deum
1212 1146 1280 1201 nec
1303 1103 1570 1221 poenituerant'

378 1242 416 1316 io
451 1243 524 1317 rita
555 1241 651 1316 sicut
675 1241 809 1335 Darid;
836 1242 917 1317 ideo
947 1244 1082 1319 merito
1111 1246 1321 1340 suppliciter
1356 1248 1554 1342 implorant

377 1362 539 1438 divinam
565 1362 851 1437 misericordiam
878 1366 1093 1440 confitentes
1118 1366 1245 1462 culpas
1275 1388 1361 1441 suas
1392 1367 1552 1442 dicentes

378 1484 490 1558 simul
522 1483 611 1557 illud
648 1476 786 1557 David:
824 1487 992 1557 deserere
1024 1489 1092 1558 mei
1124 1490 1219 1558 Deus
1251 1488 1438 1559 secuudum
1474 1508 1553 1559 urc-

378 1624 488 1696 puam
512 1607 789 1678 mrsuacmdr'um
806 1611 924 1698 luum;
946 1613 979 1678 et
1001 1609 1189 1679 seeundum
1215 1608 1462 1680 multitudinem
1487 1610 1555 1680 mi-

378 1728 592 1801 serationum
608 1733 749 1798 urorum
768 1726 843 1798 dele
858 1728 1071 1817 iniquietent
1096 1746 1210 1799 meam
1235 1732 1303 1801 etc.
1322 1726 1420 1801 Deus
1440 1727 1552 1821 enim,

380 1853 424 1920 ut
460 1845 545 1921 dicit
577 1845 733 1921 devotus
771 1845 993 1939 Bernardus,
1026 1845 1161 1920 dicitur
1198 1846 1307 1920 Pater
1345 1846 1554 1920 misericor-

379 1966 536 2061 diarum,
570 1986 645 2040 non
678 1965 860 2040 ultionum
890 1966 948 2041 rel
969 1965 1206 2061 judiciorum,
1238 1966 1325 2061 quia
1358 1966 1553 2043 miserendi

379 2105 531 2162 causam
558 2093 595 2161 et
619 2086 799 2183 originem
825 2086 940 2159 sumit
964 2106 1010 2160 ex
1027 2086 1189 2182 proprio,
1208 2087 1404 2163 ulciscendi
1427 2094 1552 2162 autem

379 2206 497 2302 magis
522 2226 569 2281 en
594 2213 732 2301 nostro,
758 2207 835 2281 imo
869 2207 1029 2300 quadam
1059 2208 1200 2303 justitia
1220 2207 1373 2283 ridetur
1399 2209 1554 2285 misere-

379 2329 422 2421 ri,
448 2327 536 2422 quia
561 2327 672 2422 impia
697 2334 753 2402 est
772 2327 914 2422 justitia
941 2348 1025 2420 qoae
1055 2329 1229 2403 humanae
1262 2329 1446 2425 fragilitati
1477 2350 1553 2403 non

379 2447 481 2522 norit
506 2448 706 2543 ignoscere.
733 2448 778 2521 Et
802 2446 906 2521 dicit:
933 2470 956 2521 a
983 2449 1327 2523 perserverent
1348 2448 1553 2542 qoodnota

380 2567 479 2663 qnod
503 2567 616 2643 David
643 2568 785 2663 scripsit
809 2568 969 2662 psalmos
993 2588 1081 2641 snos
1105 2566 1175 2641 sub
1201 2568 1283 2663 lege
1314 2568 1435 2663 metri,
1461 2568 1554 2643 sicut

380 2697 418 2764 et
442 2688 620 2763 Ieremias
646 2690 822 2783 planctus.
853 2688 956 2763 Unde
986 2687 1119 2761 Arator
1150 2694 1258 2782 poeta
1293 2688 1379 2762 dicit
1394 2681 1452 2781 (¹):
1478 2692 1554 2762 Me-

381 2812 470 2882 tn'co
495 2812 548 2881 eis
572 2810 687 2881 sumis
711 2828 784 2880 nore
808 2814 859 2881 est
880 2810 1057 2897 lucopello
1087 2808 1185 2879 utro
1214 2810 1423 2880 Psalterium
1453 2809 1554 2897 lura'ci

380 2949 603 3020 composuere
628 2930 732 3000 modi.
759 2928 851 3001 Nota
877 2928 987 3001 etiam
1014 2927 1113 3021 quod
1144 2926 1256 3002 David
1287 2927 1373 3003 iecit
1402 2932 1550 3002 centum

300 3096 303 3099 -
381 3049 645 3145 quinquaginta
675 3049 846 3142 psalmos,
872 3054 909 3123 et
942 3069 1073 3123 versus
1107 3047 1183 3121 duo
1214 3047 1326 3121 millia
1360 3031 1552 3122 sexcentos

381 3191 443 3245 sex
460 3160 510 3263 (¹)-
537 3168 640 3243 Unde
664 3187 818 3242 versus:
850 3173 916 3240 Ter
941 3171 1203 3259 qunquupeuos
1226 3169 1347 3240 Dauid
1369 3170 1465 3241 canit
1489 3186 1552 3239 or-

380 3293 461 3365 dine
483 3293 656 3382 psalmos,
689 3293 814 3360 Versus
838 3287 890 3359 ln‘s
918 3290 1010 3360 mille
1040 3295 1221 3361 seceemos
1257 3308 1322 3359 seu
1354 3292 1449 3361 cauit
1483 3289 1549 3360 ille.

380 3411 433 3484 lle
458 3408 592 3503 quibus
617 3406 764 3504 psalmis
798 3412 937 3501 septem
970 3408 1201 3501 appellantur
1231 3405 1448 3500 spirituales
1475 3405 1553 3480 sive

239 3560 247 3575 ·
379 3530 664 3628 poenitentiales3
696 3528 743 3603 ad
773 3548 935 3623 quorum
961 3527 1234 3603 similitudinem
1262 3528 1460 3601 Petrarclra
1485 3546 1554 3600 no-

378 3658 454 3727 ster
477 3649 563 3725 lecit
587 3648 677 3723 alios
701 3654 858 3743 septem;
888 3654 925 3721 et
958 3668 1055 3721 onus
1079 3646 1346 3741 devotissimus,
1378 3645 1441 3740 qui
1472 3665 1553 3720 ma-

378 3774 434 3869 gis
466 3771 613 3847 videtur
647 3790 783 3843 vocare
816 3770 932 3843 Deum
972 3769 1020 3841 ad
1053 3765 1355 3861 misericordiam,
1398 3773 1454 3841 est
1485 3766 1553 3841 iste

379 3893 564 3989 psalmus:
589 3892 765 3963 Miserere.
792 3888 877 3963 ideo
903 3889 997 3963 bene
1020 3887 1078 3962 isti
1098 3886 1290 3961 tendentes
1307 3887 1353 3961 ad
1371 3874 1552 3982 poeniten-

380 4014 469 4090 tiam
494 4016 641 4086 cantant
666 4010 777 4084 istum
803 4010 986 4104 psalmum
1020 4007 1320 4103 penitentialem,
1347 4013 1384 4082 et
1414 4006 1470 4079 isti
1503 4005 1552 4079 si-

379 4134 513 4209 militer
538 4129 707 4206 admirati
732 4135 816 4202 sunt
847 4130 894 4204 do
924 4129 1041 4203 Dante
1067 4128 1162 4204 rivo.
1190 4128 1291 4202 Unde
1321 4127 1418 4222 dicit,
1452 4125 1549 4221 quod

380 4255 437 4329 isti
472 4254 613 4345 quaudo
644 4254 851 4323 s'occorser
885 4252 985 4323 cl’io
1010 4269 1082 4320 uon
1106 4250 1202 4320 duva
1230 4249 1306 4319 loeo
1338 4249 1377 4320 al
1409 4254 1552 4338 tropos·

379 4396 444 4448 sor
468 4376 521 4448 dd
534 4373 654 4463 rapui,
681 4370 828 4463 scilicet,
853 4368 1042 4461 solarium,
1056 4388 1124 4460 per
1150 4370 1183 4439 lo
1209 4370 1279 4439 mio
1303 4386 1426 4459 corpo,
1451 4364 1550 4460 quod

381 4516 454 4570 non
479 4502 561 4569 erat
585 4493 768 4589 pervium,
795 4497 832 4565 et
857 4490 939 4564 ideo
965 4488 1119 4563 iaciebat
1146 4487 1330 4580 umbram,
1352 4492 1469 4559 mutor
1495 4489 1552 4558 lor

380 4622 497 4706 cauto,
526 4613 662 4687 scilicet
691 4610 906 4705 devotionis,
936 4612 972 4682 tu
1004 4630 1053 4680 uu
1086 4610 1248 4698 Olunpo
1273 4628 1292 4679 e
1322 4612 1431 4697 roeo,‘
1453 4604 1551 4699 qood

379 4736 447 4809 mit
471 4734 618 4831 signum
643 4730 904 4824 admirationis,
930 4729 1017 4823 quia
1042 4732 1236 4822 coeperunt
1261 4746 1390 4801 omnes
1415 4726 1552 4820 pariter

379 4855 561 4931 clamare:
587 4874 611 4927 o
642 4853 754 4947 quale
787 4849 1008 4925 miraculum
1042 4847 1140 4941 quod
1173 4868 1269 4920 unus
1304 4846 1409 4920 vivus
1444 4844 1553 4919 vadat

443 5106 472 5168 (¹)
486 5106 518 5157 B.
533 5105 604 5157 dixit.
854 5100 882 5167 (¹)
897 5102 928 5153 Ε.
945 5114 1003 5153 sext
1019 5101 1088 5151 unde
1104 5100 1212 5151 dicitur:
1232 5101 1286 5150 Ter.
1331 5118 1334 5125 ·

514 5213 556 5255 111·
1394 5202 1420 5247 ro
