4542 6842
734 985 780 1051 52
1097 993 1303 1049 comburunt
1326 995 1546 1050 runcuronrr

733 1163 817 1237 quae
842 1141 882 1214 fit
907 1139 1054 1234 quaudo
1079 1141 1133 1214 sol
1159 1140 1288 1214 transit
1311 1140 1381 1214 sub
1401 1147 1552 1236 terram,
1570 1148 1608 1216 et
1627 1146 1684 1216 est
1704 1142 1773 1216 sub
1790 1142 1904 1237 nobis,

732 1254 827 1336 ncta
858 1265 956 1356 faor,
990 1258 1093 1354 idest,
1128 1259 1322 1354 incipiebat
1354 1259 1455 1355 oriri,
1489 1263 1528 1334 dt
1563 1264 1699 1353 canpe,
1734 1261 1836 1356 idest,
1868 1261 1907 1335 iu

732 1383 874 1458 oriente
899 1386 1034 1476 nostro,
1061 1379 1149 1474 quia
1173 1379 1319 1477 Ganges
1345 1387 1401 1455 est
1419 1381 1553 1455 lluvius
1575 1382 1760 1456 maximus
1785 1382 1905 1456 ludiae.

732 1503 899 1592 Quattuor
924 1502 1021 1576 enim
1055 1506 1142 1574 sunt
1172 1500 1324 1576 llumina
1356 1502 1496 1576 famosa
1511 1495 1548 1594 (¹)
1580 1502 1741 1598 orientis,
1773 1503 1908 1578 scilicet

732 1622 860 1720 Tigris,
886 1622 1101 1718 Euphrates,
1126 1620 1272 1718 Ganges
1296 1629 1334 1696 et
1355 1621 1476 1716 Nilus;
1494 1627 1533 1696 et
1551 1628 1712 1717 quatuor
1736 1623 1906 1699 occiden-

733 1744 789 1838 tis,
816 1742 952 1818 scilicet
975 1741 1176 1835 Danubius,
1194 1742 1354 1836 Rhenus,
1373 1741 1494 1816 Padus
1510 1748 1547 1817 et
1564 1742 1770 1818 Rhodanus.
1789 1745 1833 1818 Et
1849 1743 1906 1818 di-
1995 1801 2003 1810 .

734 1865 807 1939 cit:
833 1884 899 1937 con
924 1867 954 1936 le
981 1865 1124 1955 bilance,
1150 1862 1253 1956 idest,
1278 1863 1398 1957 Libra,
1424 1884 1510 1959 quse
1539 1883 1647 1958 aequa
1673 1864 1777 1938 lance
1801 1884 1905 1938 men-

733 1991 836 2060 surat
861 1983 957 2058 diem
984 1988 1022 2058 ct
1047 1988 1192 2057 noctem
1206 2007 1216 2075 3
1230 1989 1268 2057 et
1291 1983 1343 2057 sic
1361 1990 1442 2058 crat
1458 1983 1719 2080 aequinoctium
1738 1985 1903 2079 vernale3

732 2110 769 2181 et
804 2104 911 2179 dicit:
942 2105 1014 2194 elec,
1043 2102 1146 2197 idest,
1177 2123 1261 2198 quae
1289 2103 1465 2198 bilanciae,
1495 2108 1527 2178 le
1554 2107 1705 2196 cappron
1738 2107 1776 2176 di
1807 2125 1904 2194 man,

731 2225 834 2318 idest,
860 2245 882 2299 a
917 2223 1086 2297 manibus
1115 2221 1231 2296 noctis
1263 2231 1302 2298 et
1335 2229 1524 2318 potestate,
1557 2224 1644 2319 quia
1678 2244 1753 2298 non
1784 2231 1904 2319 potest

730 2344 888 2440 amplius
925 2350 1052 2418 tenere
1089 2342 1353 2438 equalitatem,
1391 2347 1532 2435 quondo
1568 2347 1763 2437 soocrclio,
1800 2344 1904 2439 idest,

730 2464 880 2560 quaudo
905 2464 981 2558 ipsa
1011 2484 1084 2537 nox
1115 2471 1267 2558 superat
1295 2463 1455 2558 Libram,
1481 2465 1616 2540 scilicet
1646 2466 1793 2559 quando
1822 2487 1905 2540 cre·

731 2585 798 2659 scit
823 2589 859 2658 et
884 2583 995 2657 intrat
1020 2581 1267 2677 Scorpionem.
1289 2584 1333 2657 Et
1357 2585 1489 2679 probat
1512 2606 1578 2680 per
1603 2585 1776 2660 ellectum
1802 2585 1904 2679 quod

732 2706 786 2779 sol
812 2704 1000 2778 oriebatur
1025 2723 1136 2798 super
1162 2723 1237 2798 eos,
1264 2703 1352 2797 quia
1375 2724 1514 2781 aurora
1539 2705 1731 2801 incipiebat
1757 2713 1905 2781 mutare

734 2824 885 2899 tertium
921 2824 1104 2917 colorem3
1137 2844 1224 2899 nam
1253 2831 1403 2919 propter
1435 2826 1786 2920 approximationem
1820 2827 1904 2900 solis

733 2965 889 3040 vapores
920 2944 1039 3039 primo
1070 2943 1271 3038 albescunt,
1301 2944 1432 3019 deinde
1464 2952 1615 3042 propter
1647 2945 1901 3022 retractionem

735 3065 921 3140 radiorum
948 3063 1123 3138 solarium
1154 3064 1365 3138 efficiuntur
1396 3066 1513 3161 rubei,
1539 3059 1627 3160 etffl
1662 3074 1811 3163 propter
1841 3090 1904 3142 su-

733 3183 1058 3281 perabundantiam
1082 3183 1270 3258 radiorum
1291 3184 1501 3259 efficiuntur
1522 3186 1660 3281 citrini3
1678 3188 1778 3262 unde
1798 3187 1901 3263 dicit:

732 3299 762 3378 si
787 3307 846 3378 che
869 3306 900 3377 le
924 3325 1070 3396 puuocc,
1097 3303 1201 3398 idest,
1221 3324 1326 3401 genae
1351 3304 1563 3401 splendoris,
1582 3307 1736 3400 maele,
1754 3307 1900 3403 scilicet,

731 3425 872 3521 primae‚
898 3447 917 3497 e
950 3429 980 3498 lc
1004 3427 1194 3516 comiato,
1219 3424 1365 3520 scilicet,
1391 3425 1573 3520 secundae²
1604 3430 1698 3501 dello
1723 3427 1812 3501 bellu
1836 3450 1903 3501 uu-

731 3566 835 3638 rorc,
860 3544 988 3620 alludit
1006 3545 1159 3639 poetice,
1178 3544 1282 3640 quasi
1300 3566 1438 3620 aurora
1455 3545 1500 3620 sit
1518 3567 1592 3621 una
1609 3549 1737 3642 pulcra
1754 3548 1902 3624 domina

730 3666 814 3741 alba
840 3666 1013 3760 colorata,
1039 3667 1204 3738 dictatae
1227 3657 1348 3757 rauce,
1378 3665 1469 3741 idest
1495 3667 1735 3763 obumbratae,
1756 3668 1849 3743 idest
1863 3660 1899 3762 (³)

731 3786 880 3861 citrinae.
902 3785 964 3860 Est
989 3784 1086 3860 enim
1105 3784 1267 3880 citrinos,
1285 3785 1377 3860 idest
1393 3785 1524 3883 giallus
1542 3787 1659 3861 rubeo
1676 3788 1800 3863 colore
1819 3807 1904 3882 per-

734 3908 880 4002 mixtus,
907 3907 1012 4000 quasi
1037 3905 1152 3980 dicat:
1178 3927 1283 4003 genae
1312 3927 1460 3980 aurorae
1490 3927 1575 4001 quae
1608 3906 1755 3982 lucrant
1783 3909 1902 4004 primo

731 4030 835 4123 albae,
862 4036 987 4124 postea
1015 4027 1153 4122 rubeae,
1179 4047 1277 4102 nunc
1309 4026 1445 4102 fiebant
1476 4027 1651 4123 subrutae,
1674 4051 1744 4122 per
1774 4037 1902 4122 troppo

731 4156 830 4242 alote,
856 4148 958 4242 idest,
985 4167 1142 4242 moram,
1168 4147 1255 4241 quia
1285 4146 1393 4221 nimis
1425 4153 1603 4222 steterant
1632 4155 1718 4246 ante
1748 4170 1902 4244 conspe·

731 4275 833 4343 ctum
859 4268 943 4342 solis
968 4267 1146 4343 venientis
1170 4286 1257 4341 cum
1282 4266 1475 4362 splendore
1505 4287 1665 4365 magn03
1691 4259 1729 4342 tt
1752 4271 1841 4342 dove
1865 4273 1901 4343 to

730 4410 808 4482 erc,
834 4388 968 4464 scilicet
993 4388 1030 4462 in
1056 4388 1117 4462 illo
1142 4387 1362 4483 hemisperio
1387 4387 1559 4464 interiori.
1589 4390 1787 4465 Enucleata
1817 4411 1901 4466 sen·
2046 4387 2051 4398 '

730 4510 843 4586 tentia
868 4520 905 4587 ct
929 4509 1113 4586 declarata
1142 4509 1246 4584 litera
1279 4509 1315 4582 in
1345 4509 1521 4606 generali,
1546 4530 1645 4584 nunc
1678 4516 1763 4584 sunt
1793 4513 1901 4606 plura

732 4629 890 4705 notanda
919 4629 956 4704 in
986 4629 1131 4725 speciali
1164 4629 1211 4703 ad
1242 4630 1421 4704 maiorem
1456 4630 1671 4706 claritatem.
1705 4633 1751 4706 ut
1780 4633 1902 4727 primo

731 4749 878 4847 quidem
905 4770 1016 4844 super
1042 4750 1101 4824 illo
1123 4750 1305 4825 vocabulo
1323 4750 1474 4824 horizon
1495 4757 1551 4826 est
1569 4752 1783 4848 notandum,
1802 4752 1902 4847 quod

730 4870 883 4946 horizon
907 4870 1170 4965 iuterpretatur
1195 4869 1373 4965 limitans3
1400 4876 1455 4945 est
1479 4871 1577 4946 enim
1603 4871 1753 4946 horizon
1779 4874 1902 4948 circu·

792 5123 865 5187 (¹113.
883 5123 988 5176 furiosa.
1113 5126 1143 5188 (¹)
1158 5126 1190 5177 Ε.
1206 5132 1233 5178 ct
1249 5129 1354 5180 undem
1369 5133 1485 5193 propter.
1610 5127 1686 5192 ΟΕ.
1703 5128 1809 5180 milicct.
