4542 6842
779 986 918 1043 CANTUS
943 989 1106 1044 TERTIUS·
1484 978 1530 1047 93

355 1133 591 1209 inveniantur
604 1134 642 1207 in
653 1154 826 1210 sermone
837 1155 972 1230 greco,
981 1157 1101 1230 quare
1113 1156 1187 1211 non
1199 1137 1437 1212 commentati
1448 1144 1533 1212 sunt

353 1273 376 1328 a
404 1253 576 1329 maximis
602 1253 821 1349 pbilosophis
845 1254 941 1329 sicut
964 1256 1012 1329 ab
1037 1255 1202 1331 Averroe
1227 1262 1265 1331 et
1283 1257 1432 1332 biberto
1452 1278 1532 1331 ma-

356 1378 456 1471 gno?
476 1376 605 1449 Nonne
621 1373 708 1449 satis
726 1380 826 1469 patet
842 1394 889 1449 ex
906 1374 1033 1469 paucis
1049 1376 1177 1451 libellis
1197 1377 1356 1451 Platonis
1376 1379 1532 1453 transla-

355 1493 401 1567 tis
425 1492 525 1587 quod
547 1494 649 1568 Plato
674 1492 882 1588 persuadet,
908 1501 946 1568 et
971 1495 1182 1571 Aristoteles
1206 1497 1462 1573 demonstrati
1486 1498 1531 1574 Et

355 1612 481 1688 dicunt
506 1612 668 1687 lautores
688 1612 846 1687 Platonis
863 1614 963 1707 quod
979 1614 1126 1688 Boetius
1145 1615 1212 1689 luit
1230 1616 1444 1711 platonicus,
1466 1616 1529 1691 sed

355 1753 474 1827 quare
499 1732 684 1807 transtulit
708 1732 803 1809 dicta
828 1743 866 1810 et
890 1733 1002 1808 libros
1028 1733 1230 1809 Aristotelis
1255 1736 1293 1809 in
1318 1756 1526 1812 sermonem

355 1853 510 1928 latinum
535 1874 622 1928 cum
649 1860 749 1929 tanta
775 1874 867 1928 cura
884 1859 927 1927 ut
941 1849 978 1947 (¹)
999 1855 1116 1951 magis
1131 1862 1251 1931 stetur
1268 1857 1348 1930 eius
1375 1860 1529 1933 transla-

355 1973 443 2048 tioni
457 1995 570 2068 quam
588 1974 775 2068 antiquat
791 1980 829 2048 et
845 1995 963 2068 quare
979 1976 1243 2051 commentarit
1259 1976 1401 2071 aliquos
1419 1979 1530 2053 libros

354 2094 464 2169 eiust
489 2095 657 2169 Socrates
682 2100 808 2169 autem
839 2116 951 2169 omne
982 2096 1144 2171 studium
1177 2096 1410 2193 philosophie
1441 2119 1530 2173 con·

354 2216 465 2293 vertit
489 2217 535 2291 ad
562 2236 697 2309 mores,
715 2221 753 2290 et
769 2224 922 2290 conatus
947 2224 1003 2291 est
1027 2216 1149 2292 lacere
1173 2218 1361 2293 bominem
1387 2220 1527 2293 bonum

354 2336 472 2433 magis
497 2356 609 2431 quam
636 2335 831 2429 soientem3
856 2335 932 2411 imo
958 2336 1072 2411 voluit
1098 2338 1197 2432 quod
1223 2338 1339 2413 virtus
1360 2360 1434 2413 non
1459 2339 1528 2413 dil·

353 2459 514 2534 terrete
540 2456 700 2531 scientia.
726 2457 771 2529 Et
796 2456 882 2550 quia
910 2478 1065 2554 magnus
1082 2459 1151 2532 suit
1167 2480 1347 2534 numerus
1368 2461 1527 2555 philoso-

353 2580 512 2675 pborum
539 2583 576 2652 ot
602 2583 810 2672 poetarum,
827 2576 891 2671 qui
908 2597 976 2672 per
992 2579 1278 2673 speculationem
1299 2579 1528 2655 devenerunt

352 2696 662 2795 incognitionem
689 2698 891 2770 multarum
919 2718 1046 2771 rerum
1073 2700 1298 2774 naturalium
1331 2708 1368 2777 et
1401 2722 1527 2775 mora-

352 2818 457 2911 lium,
482 2817 564 2891 ideo
589 2816 684 2891 bene
708 2815 795 2890 dicit
819 2816 1009 2914 Virgilius:
1031 2840 1050 2890 e
1074 2822 1112 2892 di
1135 2822 1233 2893 molti
1252 2824 1349 2911 altri,
1366 2820 1460 2907 sicut
1480 2820 1526 2896 de

352 2940 517 3013 dverroe
529 2943 822 3012 commentatore
834 2945 871 3012 et
889 2939 1023 3033 multis,
1038 2940 1100 3033 qui
1118 2941 1277 3036 superbe
1290 2941 1526 3017 crediderunt

351 3058 477 3133 omnia
502 3058 608 3152 scire,
633 3058 680 3132 de
705 3058 839 3152 quibus
863 3058 948 3133 alibi
969 3058 1107 3136 dictum
1125 3068 1191 3135 est.
1211 3063 1254 3135 Et
1271 3062 1356 3137 dicit
1373 3063 1524 3137 llantos:

350 3200 371 3251 c
394 3183 454 3271 qui
478 3170 578 3251 oldad
602 3180 641 3251 la
662 3182 793 3272 fronte,
811 3177 913 3272 idest,
931 3178 1008 3273 ipse
1033 3179 1203 3277 Virgilius
1224 3182 1292 3257 boc
1311 3182 1408 3257 dicto
1425 3183 1525 3257 deie-

351 3299 402 3373 cit
426 3300 554 3372 oculos
579 3297 626 3372 ad
647 3304 786 3372 terram
807 3317 853 3373 ex
880 3297 1008 3374 dolore
1032 3306 1072 3375 et
1095 3300 1248 3397 pudore,
1275 3301 1361 3395 quia
1387 3302 1526 3376 dictum

351 3420 524 3516 tangebat
539 3418 671 3514 ipsum,
688 3418 793 3511 quasi
814 3419 937 3495 dicens
959 3419 1087 3495 tacite:
1106 3426 1144 3495 et
1161 3441 1230 3517 ego
1248 3421 1372 3497 infelix
1391 3422 1438 3497 de
1455 3444 1527 3497 nu·

349 3560 456 3613 mero
482 3540 630 3613 illorum
656 3537 720 3632 lui,
746 3534 850 3631 epid
878 3560 951 3612 non
982 3542 1087 3627 duce,
1113 3538 1200 3634 quia
1232 3561 1362 3615 vocem
1394 3544 1525 3637 amisit,

349 3658 399 3734 ita
426 3660 525 3753 quod
551 3681 624 3733 non
649 3660 767 3754 potuit
791 3659 948 3755 amplius
973 3661 1096 3735 lacere
1118 3660 1276 3736 verbum
1298 3661 1344 3737 de
1365 3665 1424 3739 tali
1444 3686 1525 3739 ma-

349 3780 453 3872 teria,
480 3801 499 3852 c
523 3783 656 3853 morose
679 3781 827 3853 bubum.

425 3903 495 3973 Not
517 3902 725 3973 dioenimmo
749 3903 894 3973 intono
920 3899 992 3973 lsta
1017 3905 1073 3975 est
1102 3901 1263 3975 secunda
1292 3922 1376 3997 pars
1410 3922 1524 3999 gene-

351 4020 436 4094 ralis
461 4020 607 4116 capituli
621 4011 672 4113 (²),
698 4019 736 4093 in
761 4040 836 4114 qua
859 4025 968 4115 poeta
985 4019 1156 4095 describit
1180 4020 1289 4094 aliam
1315 4022 1462 4097 turbam
1485 4014 1520 4115 (³)

349 4139 560 4215 animarum
585 4140 743 4214 aliorum
770 4140 1019 4235 relegatorum
1050 4146 1157 4214 extra
1186 4141 1453 4237 purgatorium.
1480 4144 1523 4217 Et

348 4260 470 4356 primo
495 4259 665 4334 describit
689 4260 812 4333 locum
837 4259 883 4332 ad
909 4280 1022 4354 quem
1048 4262 1270 4355 appulerunt
1294 4262 1342 4335 ab
1363 4264 1443 4337 eius
1459 4285 1521 4337 ar-

348 4379 498 4473 duitate,
524 4378 670 4454 dicens:
698 4382 767 4452 Noi
790 4381 998 4452 diuentmmo
1021 4382 1156 4453 intanto
1181 4400 1206 4453 a
1231 4377 1290 4473 pie*
1313 4384 1521 4474 dolomate,

348 4499 450 4593 idest,
477 4520 544 4572 nos
569 4500 801 4573 ambulantes
826 4498 875 4572 ita
891 4520 958 4594 per
981 4498 1166 4594 planitiem
1194 4500 1371 4575 humilem
1398 4501 1525 4577 conle-

349 4630 472 4698 rentes
497 4621 544 4697 de
569 4622 723 4697 materia
747 4621 866 4695 ardua
891 4621 1127 4717 pervenimus
1144 4622 1190 4697 ad
1208 4622 1349 4699 radices
1376 4626 1520 4699 montis.

347 4745 392 4817 Et
416 4744 476 4817 bic
504 4749 591 4817 nota
622 4742 722 4836 quod
756 4742 814 4817 bic
847 4751 903 4819 est
932 4741 1094 4837 primum
1125 4743 1342 4840 principium
1377 4746 1521 4839 muntia,

285 4938 288 4941 .
348 4868 450 4962 idest,
477 4867 636 4961 primum
664 4865 807 4940 initium
843 4866 1001 4961 virtutis;
1036 4866 1118 4942 ideo
1150 4868 1272 4943 statim
1297 4868 1413 4965 tangit
1441 4870 1522 4944 eius

411 5055 440 5119 (¹)
456 5054 488 5104 E.
504 5060 534 5105 ut
550 5054 649 5105 scilicet
665 5056 755 5118 magis.
975 5051 1004 5117 Γ)
1020 5054 1051 5105 Ε.
1068 5056 1146 5106 buius
1162 5056 1276 5119 capituli.

412 5130 438 5193 (¹)
457 5134 511 5193 11⁷,
521 5131 625 5181 turbam
641 5132 751 5183 aliarum
767 5130 913 5182 animarum
929 5130 1114 5195 relegatorum.
