4542 6842
682 935 727 1000 ll
1043 941 1248 996 uouuuumt
1272 941 1493 996 ruuusrouu

681 1090 830 1182 mortui,
850 1095 888 1163 et
912 1085 1016 1162 dicit:
1037 1088 1097 1158 cte
1113 1088 1159 1157 m'
1173 1106 1262 1157 aueo
1278 1089 1473 1160 manunt
1487 1089 1539 1178 pit
1554 1088 1683 1159 occlto
1700 1089 1726 1158 'l
1737 1094 1830 1180 petto
1839 1113 1855 1180 ;

680 1210 772 1285 idest
781 1203 830 1303 (¹),
856 1205 1144 1283 conturbaverat
1168 1211 1328 1280 mentem
1347 1225 1471 1280 meam
1496 1207 1605 1281 oculo
1626 1206 1794 1302 videndo,
1819 1214 1857 1284 ot

681 1329 792 1406 corde
808 1327 1063 1422 compatiendo
1081 1333 1158 1400 tam
1176 1325 1291 1400 tristia
1309 1328 1406 1400 mala
1423 1327 1694 1402 damnatorum.
1713 1328 1758 1401 Et
1774 1334 1857 1402 tau-

681 1451 734 1548 git
758 1469 908 1524 causam
938 1447 1049 1520 huius
1081 1466 1222 1520 serenae
1254 1447 1500 1541 apparentiam
1526 1455 1564 1521 et
1589 1449 1668 1521 vult
1693 1448 1856 1524 breviter

681 1570 805 1646 dicere
829 1569 928 1664 quod
953 1569 1076 1644 Venus
1102 1567 1224 1642 oriens
1248 1567 1286 1640 iu
1311 1567 1372 1662 illo
1397 1566 1617 1663 hemisperio
1642 1569 1691 1644 ita
1723 1569 1856 1644 clariti-

682 1691 790 1765 cabat
814 1709 961 1782 aerem3
988 1687 1112 1762 Venus
1137 1687 1236 1761 euim
1258 1686 1454 1781 aliquando
1476 1694 1532 1762 est
1547 1686 1744 1782 orientalis,
1763 1688 1857 1763 sicut

685 1809 832 1905 quando
857 1807 1029 1904 praecedit
1054 1809 1170 1882 solem
1187 1808 1225 1881 iu
1242 1814 1326 1881 ortu
1345 1828 1426 1902 suo,
1448 1814 1485 1882 et
1503 1814 1590 1881 tuuc
1611 1815 1766 1882 vocatur
1781 1811 1858 1883 Lu·

684 1932 785 2026 citer,
803 1930 907 2025 quasi
932 1931 1052 2004 lucem
1078 1928 1210 2023 ierem,
1228 1936 1267 2003 et
1286 1938 1342 2005 est
1357 1927 1577 2003 lucidissima
1594 1929 1752 2021 aliarum
1770 1930 1859 2003 stel-

685 2053 830 2145 larum3
857 2049 1053 2144 aliquando
1077 2069 1168 2124 vero
1201 2055 1257 2123 est
1285 2048 1528 2143 occidentalis,
1550 2049 1686 2124 scilicet
1710 2049 1858 2144 quaudo

686 2172 853 2265 sequitur
878 2170 992 2244 solem
1019 2168 1055 2242 in
1081 2189 1226 2263 occasu,
1253 2175 1291 2244 et
1315 2176 1404 2242 tuuc
1429 2175 1584 2243 vocatur
1603 2171 1800 2264 Hesperus,
1818 2179 1860 2246 ut

685 2291 827 2366 dicetur
851 2289 992 2384 plenius
1018 2288 1180 2362 Paradisi
1203 2289 1363 2384 capitulo
1389 2288 1475 2362 Vlll.
1502 2288 1594 2362 Dicit
1618 2309 1728 2386 ergo:
1749 2293 1785 2363 to
1806 2291 1861 2364 del

680 2413 838 2504 pruneto,
864 2409 967 2503 idest,
985 2409 1108 2482 Venus
1134 2429 1219 2503 quae
1237 2415 1294 2484 est
1308 2410 1437 2503 pulcra
1457 2419 1604 2505 aspectu
1625 2420 1705 2504 suo,
1722 2411 1862 2485 etfacit

687 2531 853 2606 homines
883 2531 1028 2627 pulcros
1061 2536 1098 2604 et
1128 2538 1295 2604 amantes
1326 2536 1365 2604 et
1388 2530 1585 2624 amabilem
1621 2531 1719 2606 uude
1750 2531 1860 2605 dicit:

688 2655 738 2726 ol'
752 2655 802 2726 od
825 2672 932 2724 amar
955 2654 1131 2744 conforto,
1156 2650 1260 2744 idest,
1286 2649 1415 2724 suadet
1439 2658 1477 2724 et
1502 2651 1649 2726 inclinat
1673 2651 1861 2726 inllueutia

689 2789 757 2847 sua
782 2771 828 2846 ad
854 2783 1033 2863 amorem,
1060 2790 1146 2843 uam
1171 2769 1305 2845 dicitur
1322 2777 1440 2845 mater
1457 2771 1614 2865 amoris;
1633 2776 1760 2866 soccoo
1779 2777 1862 2846 tutto

690 2895 789 2966 niter
814 2893 991 2982 loricata,
1018 2890 1119 2982 idest,
1143 2889 1258 2964 laetari
1273 2881 1322 2984 (²),
1340 2890 1541 2986 splendere.
1561 2891 1662 2966 Sicut
1681 2893 1779 2967 euim
1796 2913 1863 2967 aer

690 3012 836 3087 videtur
869 3009 1003 3084 tristari
1037 3011 1254 3085 adveniente
1284 3019 1402 3104 noete,
1432 3012 1520 3105 quia
1552 3012 1668 3086 induit
1699 3013 1862 3088 colorem

692 3132 857 3229 nigrum3
888 3131 937 3204 ita
963 3130 1109 3206 videtur
1141 3131 1257 3206 laetari
1285 3130 1503 3206 adveniente
1535 3131 1605 3226 die,
1635 3132 1722 3225 quia
1747 3129 1864 3204 induit

691 3254 853 3328 colorem
880 3253 1034 3346 clarium,
1061 3257 1099 3326 et
1129 3251 1237 3326 dicit:
1269 3253 1418 3324 notando
1448 3254 1463 3325 i
1488 3255 1597 3344 perci,
1623 3252 1710 3346 quia
1739 3253 1863 3327 Venus

692 3373 833 3448 eratin
860 3372 1026 3467 piscibus,
1053 3379 1089 3447 et
1121 3372 1234 3447 nimio
1264 3372 1458 3466 splendore
1482 3392 1551 3446 suo
1576 3372 1718 3446 celabat
1743 3371 1862 3466 ipsum

692 3493 850 3590 siguum,
876 3496 927 3565 olt’
940 3515 1052 3566 mono
1076 3496 1114 3566 in
1138 3514 1204 3567 sao
1223 3500 1355 3582 scorto,
1378 3491 1464 3586 quia
1485 3512 1632 3587 semper
1650 3493 1783 3568 incedit
1799 3514 1866 3589 per

692 3614 794 3709 signa
827 3612 975 3707 zodiaci,
1010 3613 1105 3687 sicut
1136 3620 1173 3688 et
1204 3613 1327 3688 caeteri
1358 3613 1522 3707 planetae.
1554 3612 1591 3686 Si
1622 3633 1713 3710 ergo
1742 3614 1867 3688 Venus

693 3735 883 3810 oriebatur
908 3754 993 3806 cum
1020 3733 1189 3828 piscibus,
1215 3753 1445 3827 consequens
1469 3740 1525 3807 est
1556 3733 1654 3828 quod
1683 3735 1737 3809 sol
1768 3735 1867 3810 orie·

694 3856 803 3928 batur
838 3875 923 3929 oum
954 3853 1077 3927 Ariete
1108 3861 1189 3948 post
1221 3855 1414 3947 Venerem,
1445 3852 1532 3947 quia
1563 3855 1667 3929 Aries
1699 3855 1867 3950 seqnitur

695 3973 906 4048 immediate
930 3978 1011 4068 post
1032 3973 1226 4066 Venerem,
1252 3980 1290 4047 et
1314 3973 1365 4049 sic
1388 3974 1701 4069 appropinquabat
1720 3975 1867 4051 dies.-

695 4098 736 4167 lo
762 4097 810 4166 mi
833 4096 930 4166 nolu.
957 4093 1022 4167 llic
1047 4097 1155 4187 poeta
1180 4093 1339 4167 ostendit
1363 4093 1451 4188 quid
1476 4094 1608 4170 ridcrit
1633 4096 1804 4190 pulcmm
1830 4098 1868 4171 iu

695 4213 756 4286 illo
781 4212 1001 4308 hemisperio
1025 4232 1174 4305 sereno;
1200 4216 1238 4286 et
1263 4211 1349 4286 dicit
1377 4213 1477 4307 quod
1507 4222 1726 4290 convertens
1752 4236 1792 4291 se
1820 4217 1868 4292 ad

695 4332 884 4406 meridiem
912 4331 1073 4427 respexit
1097 4332 1212 4406 alium
1237 4333 1364 4428 polum
1389 4335 1603 4428 australem,
1624 4335 1662 4410 iu
1687 4358 1762 4431 quo
1779 4337 1870 4413 vidit

695 4458 857 4546 quatuor
874 4452 1141 4527 lucentissimus
1156 4452 1287 4526 stellas.
1305 4451 1376 4527 Sed
1393 4452 1440 4527 ad
1456 4453 1741 4530 declarationem
1759 4457 1869 4531 huius

694 4571 821 4664 literae,
848 4593 932 4666 quae
957 4571 1103 4647 videtur
1128 4572 1297 4666 obscura,
1323 4573 1462 4647 bonum
1489 4580 1544 4648 est
1569 4575 1751 4670 praescire,
1769 4577 1869 4670 quod

695 4690 1009 4785 quemadmodum
1041 4693 1099 4766 hic
1126 4693 1235 4788 juxta
1266 4692 1391 4788 polum
1421 4700 1590 4768 nostrum
1622 4700 1707 4767 sunt
1734 4695 1870 4790 aliquoe

698 4809 811 4885 stellae
836 4831 920 4904 quae
945 4811 1116 4887 videntur
1141 4811 1359 4906 immobiles,
1376 4813 1463 4906 quia
1485 4833 1690 4906 numquam
1718 4835 1872 4891 moren-

762 5000 789 5064 (¹)
806 5000 835 5051 u
853 5001 918 5051 idest
933 5001 1130 5054 contristaverat
1145 5016 1191 5054 seu
1208 5004 1417 5056 conturbaverat.

762 5079 789 5140 (¹)
807 5080 861 5137 lli,
878 5077 961 5129 lutari
976 5079 1122 5142 splendore.
