4542 6842
812 963 953 1019 caurus
977 965 1122 1020 scarus.
1470 953 1554 1021 ’169

387 1110 522 1184 multas
547 1116 585 1183 et
610 1130 763 1205 magnas
787 1110 940 1205 praedas,
965 1110 1015 1185 ita
1045 1110 1145 1205 quod
1173 1112 1296 1185 nullus
1324 1118 1469 1207 poterat
1499 1113 1555 1188 ire

384 1236 486 1304 tutus
510 1230 666 1305 Romam
692 1230 752 1305 vel
776 1231 848 1306 alio
873 1250 938 1326 per
963 1238 1085 1326 partes
1110 1231 1198 1305 illas.
1226 1230 1296 1307 Sed
1327 1233 1404 1308 iere
1433 1233 1555 1307 nullus

383 1351 594 1426 incurrebat
620 1370 752 1425 manus
777 1352 868 1445 eius,
895 1352 959 1447 qui
986 1374 1058 1427 non
1083 1352 1274 1427 recederet
1294 1358 1499 1447 contentus,
1518 1359 1555 1428 et

381 1480 528 1547 amaret
552 1477 590 1546 et
614 1469 781 1545 laudaret
805 1491 905 1546 eum.
932 1472 976 1544 Et
1000 1471 1088 1545 audi
1108 1492 1251 1547 morem
1274 1472 1493 1547 laudabilem
1517 1471 1554 1546 iu

384 1592 446 1666 tali
470 1599 551 1665 arte
576 1590 833 1665 latrocinandi:
860 1592 890 1665 si
915 1602 1101 1668 mercator
1130 1598 1212 1667 crat
1244 1600 1382 1688 captus
1414 1592 1553 1667 Gbinus
1627 1644 1632 1655 -

383 1713 596 1807 explorabat
620 1711 836 1807 placibiliter
849 1703 887 1803 (¹)
913 1718 1095 1807 quantum
1111 1713 1172 1789 ille
1196 1720 1340 1808 poterat
1357 1712 1422 1787 sibi
1441 1713 1553 1806 darc,

383 1832 475 1908 etsi
500 1831 560 1906 ille
583 1831 725 1906 dicebat
750 1832 970 1927 quingentos
993 1853 1140 1927 aureos,
1168 1833 1360 1908 auferebat
1384 1832 1451 1906 sibi
1477 1838 1554 1906 tre·

382 1958 518 2045 centos,
545 1960 583 2026 et
608 1951 782 2028 reddebat
805 1934 994 2046 ducentos
1019 1951 1166 2027 dicens:
1193 1952 1283 2027 Volo
1316 1952 1413 2046 quod
1439 1951 1553 2047 possis

383 2071 561 2168 negotiari
587 2077 625 2147 et
648 2071 795 2146 lucrari.
822 2070 859 2145 Si
884 2081 966 2149 erat
991 2094 1087 2147 uuus
1112 2073 1282 2148 sacerdos
1299 2073 1400 2147 dives
1418 2080 1455 2147 et
1473 2071 1553 2167 piu-

381 2193 475 2289 guis,
501 2193 693 2268 auferebat
717 2192 785 2266 sibi
810 2192 950 2266 mulam
976 2194 1155 2288 pulcram,
1177 2200 1215 2267 et
1239 2193 1349 2268 dabat
1374 2193 1407 2267 ei
1433 2213 1552 2267 uuum

383 2312 523 2387 tristem
549 2312 753 2387 roncinum.
781 2312 878 2410 Etsi
903 2318 984 2386 erat
1010 2333 1107 2387 unus
1132 2313 1306 2387 scholaris
1329 2332 1469 2408 pauper
1485 2333 1551 2387 va·

380 2432 471 2517 dens
503 2432 551 2507 ad
584 2433 759 2527 studium,
788 2432 949 2508 donabat
976 2433 1043 2507 sibi
1075 2431 1237 2527 aliquam
1272 2432 1479 2528 pecuniam,
1515 2438 1553 2507 et

381 2554 646 2628 exhortabatur
672 2553 789 2648 ipsum
816 2553 862 2627 ad
888 2553 982 2628 bene
1007 2552 1192 2649 agendum
1223 2558 1261 2627 et
1287 2551 1551 2649 proiciendum

231 2746 234 2750 ,
382 2672 420 2747 iu
444 2672 603 2751 seleutia.
630 2674 674 2746 Et
698 2680 800 2748 certe
825 2673 854 2747 si
880 2673 948 2749 iste
973 2672 1102 2747 nobilis
1118 2672 1258 2747 Ghiuus
1275 2694 1479 2767 numquam
1498 2671 1552 2747 le-

382 2793 490 2867 cisset
513 2793 612 2866 aliud
638 2792 831 2887 laudabile,
857 2792 925 2867 nisi
951 2793 1050 2888 quod
1076 2800 1150 2867 tam
1177 2793 1327 2889 egregie
1345 2792 1552 2869 'medicavit

382 2914 552 2989 abbatem
579 2914 855 2988 Cluuiaceusem
880 2913 1175 2988 delicatissimum
1202 2918 1240 2987 et
1264 2912 1494 3006 ditissimum,
1515 2920 1553 2988 ct

383 3032 527 3108 curavit
551 3034 689 3129 optime
712 3054 737 3107 a
762 3033 893 3108 morbo
918 3032 1107 3127 stomachi,
1125 3052 1193 3128 pro
1215 3053 1289 3128 quo
1316 3032 1390 3107 ibat
1406 3032 1452 3107 ad
1472 3032 1553 3107 bal·

382 3173 452 3228 uea
477 3174 564 3228 cum
590 3154 749 3250 superbo
774 3161 951 3250 apparatu
976 3154 1117 3251 gallico,
1144 3159 1186 3226 ut
1212 3153 1435 3247 pulcerrime
1459 3154 1552 3228 scri·

380 3272 434 3348 bit
458 3274 514 3348 vir
541 3274 802 3370 placidissimus
825 3272 1017 3349 Boccatius
1033 3274 1079 3348 de
1096 3272 1264 3347 Certaldo
1281 3292 1452 3348 sermone
1469 3293 1553 3347 ma-

381 3402 487 3470 terno
521 3396 559 3469 in
587 3396 680 3470 libro
705 3416 785 3489 suo,
816 3395 880 3489 qui
908 3394 1041 3469 dicitur
1071 3394 1311 3487 llecameron,
1344 3393 1430 3467 satis
1455 3399 1551 3468 esset

380 3515 595 3591 laudandus.
628 3514 699 3590 Sed
731 3521 773 3589 ut
802 3514 874 3588 cito
905 3513 1050 3589 veniam
1080 3514 1126 3588 ad
1156 3512 1395 3609 propositum,
1421 3511 1552 3587 accidit

379 3638 506 3729 semel,
532 3635 631 3729 quod
657 3635 806 3732 quidam
832 3636 945 3710 trater
962 3634 1068 3708 Gbiui
1087 3642 1227 3730 captus,
1245 3633 1472 3729 adjudicatus
1497 3640 1552 3708 est

379 3756 573 3853 suspendio
598 3777 664 3852 per
688 3755 903 3851 praedictum
925 3755 1088 3850 judicem
1112 3755 1364 3849 Beniucasam,
1383 3754 1446 3849 qui
1468 3760 1549 3830 erat

380 3885 468 3953 tunc
492 3898 654 3953 assessor
678 3876 716 3951 iu
740 3876 886 3951 civitate
910 3876 1112 3969 Senarum3
1139 3876 1202 3950 sed
1227 3876 1358 3951 timens
1378 3875 1550 3951 ferocita-

379 4004 455 4073 tem
481 3996 598 4093 Glrini,
624 3996 724 4071 finito
749 3996 881 4089 officio,
907 3996 1024 4070 tactus
1049 4002 1105 4070 est
1129 3994 1276 4070 auditor
1300 4017 1414 4092 papae,
1433 4003 1475 4070 ut
1499 3996 1552 4072 sic
1623 4016 1625 4020 ·

380 4117 493 4195 tutior
517 4123 622 4192 esset.
649 4117 744 4190 Cum
769 4121 894 4191 aulem
922 4114 1067 4190 sederet
1091 4116 1207 4190 semel
1229 4135 1295 4211 pro
1312 4115 1485 4190 tribunali
1502 4116 1550 4192 ad

380 4238 538 4313 baucum
555 4229 593 4329 ι’)
617 4236 655 4309 iu
679 4236 755 4311 sala
780 4236 936 4331 publica,
958 4235 995 4308 iu
1020 4242 1218 4330 quaerant
1236 4235 1347 4309 millia
1373 4255 1550 4330 persona·

380 4378 478 4452 rum,
495 4376 582 4433 ecce
605 4355 744 4431 (ibinus
768 4355 898 4430 'iacchi
918 4354 1135 4452 incognitus,
1157 4356 1259 4430 velut
1275 4355 1449 4449 Scaevola,
1469 4376 1550 4430 ma·

377 4478 433 4575 gis
459 4476 653 4570 timendus,
680 4496 794 4571 quam
820 4475 964 4568 timeus,
990 4475 1122 4549 invasit
1153 4495 1241 4550 eum
1258 4465 1295 4567 (³)
1326 4474 1549 4569 terribiliter,

377 4604 415 4673 et
448 4597 568 4695 gladio
600 4596 839 4671 transfossum
871 4594 1108 4691 praecipitavit
1139 4595 1187 4670 ab
1216 4597 1301 4670 alto
1333 4596 1377 4669 Et
1408 4596 1551 4692 lugiens

377 4718 503 4812 evasit,
529 4718 708 4792 transiens
733 4718 836 4792 velut
861 4715 1001 4790 tulmen
1025 4716 1159 4791 ardens
1184 4736 1250 4812 per
1277 4716 1440 4791 medium
1468 4723 1551 4791 tur·

441 4999 468 5064 (¹)
483 4999 515 5051 B.
532 4998 700 5064 placebiliter.
1046 4996 1075 5061 ι’)
1090 4997 1116 5050 S.
1133 4998 1245 5050 uncum
1257 4999 1325 5065 juris
1340 4998 1367 5049 ln
1383 4998 1445 5051 ula.

442 5076 470 5139 (l
485 5076 516 5127 B.
532 5088 594 5126 eum
609 5074 771 5136 mirabiliter,
787 5074 850 5126 alias
866 5074 1026 5126 terriblliter.
