<?xml version="1.0" encoding="UTF-8"?>
<!DOCTYPE html PUBLIC "-//W3C//DTD XHTML 1.0 Transitional//EN"
    "http://www.w3.org/TR/xhtml1/DTD/xhtml1-transitional.dtd">
<html xmlns="http://www.w3.org/1999/xhtml" xml:lang="en" lang="en">
 <head>
  <title>
</title>
<meta http-equiv="Content-Type" content="text/html;charset=utf-8" />
  <meta name='ocr-system' content='tesseract 3.04.00' />
  <meta name='ocr-capabilities' content='ocr_page ocr_carea ocr_par ocr_line ocrx_word'/>
</head>
<body>
  <div class='ocr_page' id='page_1' title='image "./comentumsuperda01unkngoog_0037.png"; bbox 0 0 4542 6842; ppageno 0'>
   <div class='ocr_carea' id='block_1_1' title="bbox 842 947 1582 1014">
    <p class='ocr_par' dir='ltr' id='par_1_1' title="bbox 842 947 1582 1014">
     <span class='ocr_line' id='line_1_1' title="bbox 842 947 1582 1014; baseline 0.001 -3"><span class='ocrx_word' id='word_1_1' title='bbox 842 956 981 1012; x_wconf 75' lang='lat' dir='ltr'>cunnus</span> <span class='ocrx_word' id='word_1_2' title='bbox 1005 958 1150 1014; x_wconf 79' lang='lat' dir='ltr'>nmmos</span> <span class='ocrx_word' id='word_1_3' title='bbox 1537 947 1582 1012; x_wconf 78' lang='lat'>27</span> 
     </span>
    </p>
   </div>
   <div class='ocr_carea' id='block_1_2' title="bbox 406 1091 1586 2881">
    <p class='ocr_par' dir='ltr' id='par_1_2' title="bbox 408 1091 1586 1676">
     <span class='ocr_line' id='line_1_2' title="bbox 409 1091 1586 1198; baseline 0.003 -25"><span class='ocrx_word' id='word_1_4' title='bbox 409 1091 480 1173; x_wconf 84' lang='lat' dir='ltr'>cosi</span> <span class='ocrx_word' id='word_1_5' title='bbox 502 1105 616 1172; x_wconf 78' lang='lat' dir='ltr'>roae?</span> <span class='ocrx_word' id='word_1_6' title='bbox 632 1097 768 1174; x_wconf 88' lang='lat' dir='ltr'>scilicet</span> <span class='ocrx_word' id='word_1_7' title='bbox 784 1121 850 1194; x_wconf 88' lang='lat' dir='ltr'>per</span> <span class='ocrx_word' id='word_1_8' title='bbox 868 1121 945 1196; x_wconf 87' lang='lat' dir='ltr'>vos,</span> <span class='ocrx_word' id='word_1_9' title='bbox 963 1103 1063 1196; x_wconf 88' lang='lat' dir='ltr'>quod</span> <span class='ocrx_word' id='word_1_10' title='bbox 1080 1110 1136 1178; x_wconf 83' lang='lat' dir='ltr'>cst</span> <span class='ocrx_word' id='word_1_11' title='bbox 1155 1103 1427 1198; x_wconf 86' lang='lat' dir='ltr'>impossibile,o</span> <span class='ocrx_word' id='word_1_12' title='bbox 1449 1097 1487 1177; x_wconf 69' lang='grc' dir='ltr'>δε</span> <span class='ocrx_word' id='word_1_13' title='bbox 1507 1124 1586 1177; x_wconf 85' lang='lat' dir='ltr'>mu·</span> 
     </span>
     <span class='ocr_line' id='line_1_3' title="bbox 409 1221 1584 1318; baseline 0.004 -24"><span class='ocrx_word' id='word_1_14' title='bbox 409 1226 480 1294; x_wconf 84' lang='lat' dir='ltr'>tuto</span> <span class='ocrx_word' id='word_1_15' title='bbox 503 1223 541 1293; x_wconf 84' lang='lat' dir='ltr'>in</span> <span class='ocrx_word' id='word_1_16' title='bbox 565 1222 630 1294; x_wconf 79' lang='lat' dir='ltr'>ciel</span> <span class='ocrx_word' id='word_1_17' title='bbox 652 1241 744 1298; x_wconf 85' lang='lat' dir='ltr'>novo</span> <span class='ocrx_word' id='word_1_18' title='bbox 761 1224 940 1314; x_wconf 74' lang='lat' dir='ltr'>consiplio,</span> <span class='ocrx_word' id='word_1_19' title='bbox 959 1221 1060 1318; x_wconf 87' lang='lat' dir='ltr'>idest,</span> <span class='ocrx_word' id='word_1_20' title='bbox 1081 1246 1130 1299; x_wconf 86' lang='lat' dir='ltr'>an</span> <span class='ocrx_word' id='word_1_21' title='bbox 1156 1226 1226 1299; x_wconf 85' lang='lat' dir='ltr'>lroc</span> <span class='ocrx_word' id='word_1_22' title='bbox 1243 1229 1298 1298; x_wconf 86' lang='lat' dir='ltr'>est</span> <span class='ocrx_word' id='word_1_23' title='bbox 1316 1224 1498 1299; x_wconf 84' lang='lat' dir='ltr'>indultum</span> <span class='ocrx_word' id='word_1_24' title='bbox 1517 1245 1584 1299; x_wconf 88' lang='lat' dir='ltr'>vo·</span> 
     </span>
     <span class='ocr_line' id='line_1_4' title="bbox 408 1339 1583 1438; baseline 0.005 -25"><span class='ocrx_word' id='word_1_25' title='bbox 408 1339 463 1414; x_wconf 87' lang='lat' dir='ltr'>bis</span> <span class='ocrx_word' id='word_1_26' title='bbox 487 1359 535 1414; x_wconf 82' lang='lat' dir='ltr'>en</span> <span class='ocrx_word' id='word_1_27' title='bbox 561 1340 706 1436; x_wconf 82' lang='lat' dir='ltr'>speciali</span> <span class='ocrx_word' id='word_1_28' title='bbox 732 1341 851 1438; x_wconf 80' lang='lat' dir='ltr'>gratia</span> <span class='ocrx_word' id='word_1_29' title='bbox 868 1341 1001 1436; x_wconf 83' lang='lat' dir='ltr'>divina,</span> <span class='ocrx_word' id='word_1_30' title='bbox 1018 1347 1078 1416; x_wconf 82' lang='lat' dir='ltr'>cle</span> <span class='ocrx_word' id='word_1_31' title='bbox 1093 1346 1256 1436; x_wconf 69' lang='lat' dir='ltr'>dannan,</span> <span class='ocrx_word' id='word_1_32' title='bbox 1273 1344 1375 1438; x_wconf 90' lang='lat' dir='ltr'>idest,</span> <span class='ocrx_word' id='word_1_33' title='bbox 1393 1365 1459 1419; x_wconf 88' lang='lat' dir='ltr'>vos</span> <span class='ocrx_word' id='word_1_34' title='bbox 1477 1345 1583 1418; x_wconf 83' lang='lat' dir='ltr'>dam·</span> 
     </span>
     <span class='ocr_line' id='line_1_5' title="bbox 409 1459 1580 1557; baseline 0.003 -23"><span class='ocrx_word' id='word_1_35' title='bbox 409 1459 483 1534; x_wconf 81' lang='lat' dir='ltr'>nati</span> <span class='ocrx_word' id='word_1_36' title='bbox 508 1460 546 1534; x_wconf 91' lang='lat' dir='ltr'>in</span> <span class='ocrx_word' id='word_1_37' title='bbox 571 1459 725 1554; x_wconf 81' lang='lat' dir='ltr'>inferno,</span> <span class='ocrx_word' id='word_1_38' title='bbox 752 1465 859 1536; x_wconf 74' lang='lat' dir='ltr'>veron</span> <span class='ocrx_word' id='word_1_39' title='bbox 883 1483 908 1534; x_wconf 88' lang='lat' dir='ltr'>o</span> <span class='ocrx_word' id='word_1_40' title='bbox 933 1466 964 1536; x_wconf 83' lang='lat' dir='ltr'>le</span> <span class='ocrx_word' id='word_1_41' title='bbox 997 1467 1062 1536; x_wconf 82' lang='lat' dir='ltr'>mie</span> <span class='ocrx_word' id='word_1_42' title='bbox 1085 1471 1226 1556; x_wconf 74' lang='lat' dir='ltr'>proter</span> <span class='ocrx_word' id='word_1_43' title='bbox 1251 1463 1354 1557; x_wconf 86' lang='lat' dir='ltr'>idest,</span> <span class='ocrx_word' id='word_1_44' title='bbox 1380 1464 1427 1538; x_wconf 86' lang='lat' dir='ltr'>ad</span> <span class='ocrx_word' id='word_1_45' title='bbox 1455 1467 1580 1539; x_wconf 91' lang='lat' dir='ltr'>locum</span> 
     </span>
     <span class='ocr_line' id='line_1_6' title="bbox 408 1581 622 1676; baseline 0 -22"><span class='ocrx_word' id='word_1_46' title='bbox 408 1581 622 1676; x_wconf 83' lang='lat' dir='ltr'>purgatorii.</span> 
     </span>
    </p>

    <p class='ocr_par' dir='ltr' id='par_1_3' title="bbox 406 1703 1584 2881">
     <span class='ocr_line' id='line_1_7' title="bbox 485 1703 1582 1800; baseline 0.008 -27"><span class='ocrx_word' id='word_1_47' title='bbox 485 1703 533 1772; x_wconf 90' lang='lat' dir='ltr'>Lo</span> <span class='ocrx_word' id='word_1_48' title='bbox 558 1703 648 1774; x_wconf 87' lang='lat' dir='ltr'>duca</span> <span class='ocrx_word' id='word_1_49' title='bbox 673 1705 753 1776; x_wconf 84' lang='lat' dir='ltr'>mio.</span> <span class='ocrx_word' id='word_1_50' title='bbox 780 1704 851 1777; x_wconf 84' lang='lat' dir='ltr'>Ista</span> <span class='ocrx_word' id='word_1_51' title='bbox 883 1708 938 1778; x_wconf 80' lang='lat' dir='ltr'>est</span> <span class='ocrx_word' id='word_1_52' title='bbox 971 1703 1077 1778; x_wconf 85' lang='lat' dir='ltr'>tertia</span> <span class='ocrx_word' id='word_1_53' title='bbox 1110 1725 1194 1798; x_wconf 87' lang='lat' dir='ltr'>pars</span> <span class='ocrx_word' id='word_1_54' title='bbox 1224 1705 1418 1800; x_wconf 82' lang='lat' dir='ltr'>generalis,</span> <span class='ocrx_word' id='word_1_55' title='bbox 1445 1705 1482 1779; x_wconf 91' lang='lat' dir='ltr'>in</span> <span class='ocrx_word' id='word_1_56' title='bbox 1508 1729 1582 1800; x_wconf 84' lang='lat' dir='ltr'>qua</span> 
     </span>
     <span class='ocr_line' id='line_1_8' title="bbox 408 1823 1583 1919; baseline 0.003 -23"><span class='ocrx_word' id='word_1_57' title='bbox 408 1826 516 1916; x_wconf 77' lang='lat' dir='ltr'>poete</span> <span class='ocrx_word' id='word_1_58' title='bbox 543 1829 666 1896; x_wconf 87' lang='lat' dir='ltr'>noster</span> <span class='ocrx_word' id='word_1_59' title='bbox 691 1823 846 1896; x_wconf 76' lang='lat' dir='ltr'><strong>ostendit</strong></span> <span class='ocrx_word' id='word_1_60' title='bbox 867 1823 1053 1918; x_wconf 90' lang='lat' dir='ltr'>quomodo</span> <span class='ocrx_word' id='word_1_61' title='bbox 1075 1823 1245 1918; x_wconf 84' lang='lat' dir='ltr'>Virgilius</span> <span class='ocrx_word' id='word_1_62' title='bbox 1264 1825 1492 1919; x_wconf 87' lang='lat' dir='ltr'>responderit</span> <span class='ocrx_word' id='word_1_63' title='bbox 1512 1827 1583 1900; x_wconf 80' lang='lat' dir='ltr'>Ca-</span> 
     </span>
     <span class='ocr_line' id='line_1_9' title="bbox 411 1942 1584 2040; baseline 0.004 -25"><span class='ocrx_word' id='word_1_64' title='bbox 411 1942 485 2016; x_wconf 87' lang='lat' dir='ltr'>toni</span> <span class='ocrx_word' id='word_1_65' title='bbox 510 1942 556 2016; x_wconf 85' lang='lat' dir='ltr'>ad</span> <span class='ocrx_word' id='word_1_66' title='bbox 581 1943 747 2038; x_wconf 73' lang='lat' dir='ltr'>quesita,</span> <span class='ocrx_word' id='word_1_67' title='bbox 764 1949 800 2018; x_wconf 86' lang='lat' dir='ltr'>et</span> <span class='ocrx_word' id='word_1_68' title='bbox 825 1943 995 2038; x_wconf 88' lang='lat' dir='ltr'>petiverit</span> <span class='ocrx_word' id='word_1_69' title='bbox 1020 1943 1230 2038; x_wconf 84' lang='lat' dir='ltr'>introitum3</span> <span class='ocrx_word' id='word_1_70' title='bbox 1258 1950 1295 2018; x_wconf 91' lang='lat' dir='ltr'>et</span> <span class='ocrx_word' id='word_1_71' title='bbox 1319 1945 1439 2040; x_wconf 91' lang='lat' dir='ltr'>primo</span> <span class='ocrx_word' id='word_1_72' title='bbox 1459 1953 1584 2022; x_wconf 86' lang='lat' dir='ltr'>osten-</span> 
     </span>
     <span class='ocr_line' id='line_1_10' title="bbox 408 2063 1583 2162; baseline 0.003 -26"><span class='ocrx_word' id='word_1_73' title='bbox 408 2063 459 2136; x_wconf 88' lang='lat' dir='ltr'>dit</span> <span class='ocrx_word' id='word_1_74' title='bbox 485 2063 671 2156; x_wconf 92' lang='lat' dir='ltr'>quomodo</span> <span class='ocrx_word' id='word_1_75' title='bbox 697 2063 867 2160; x_wconf 82' lang='lat' dir='ltr'>Virgilius</span> <span class='ocrx_word' id='word_1_76' title='bbox 892 2064 969 2140; x_wconf 87' lang='lat' dir='ltr'>viso</span> <span class='ocrx_word' id='word_1_77' title='bbox 994 2075 1032 2140; x_wconf 88' lang='lat' dir='ltr'>et</span> <span class='ocrx_word' id='word_1_78' title='bbox 1057 2065 1184 2140; x_wconf 80' lang='lat' dir='ltr'>audito</span> <span class='ocrx_word' id='word_1_79' title='bbox 1200 2064 1269 2155; x_wconf 87' lang='lat' dir='ltr'>isto</span> <span class='ocrx_word' id='word_1_80' title='bbox 1285 2086 1374 2141; x_wconf 87' lang='lat' dir='ltr'>sene</span> <span class='ocrx_word' id='word_1_81' title='bbox 1394 2066 1583 2162; x_wconf 85' lang='lat' dir='ltr'>sapientis-</span> 
     </span>
     <span class='ocr_line' id='line_1_11' title="bbox 408 2183 1581 2283; baseline 0.005 -27"><span class='ocrx_word' id='word_1_82' title='bbox 408 2183 500 2258; x_wconf 92' lang='lat' dir='ltr'>simo</span> <span class='ocrx_word' id='word_1_83' title='bbox 519 2183 714 2258; x_wconf 76' lang='lat' dir='ltr'>reddiderit</span> <span class='ocrx_word' id='word_1_84' title='bbox 732 2185 851 2280; x_wconf 91' lang='lat' dir='ltr'>ipsum</span> <span class='ocrx_word' id='word_1_85' title='bbox 872 2192 1103 2260; x_wconf 77' lang='lat' dir='ltr'>reverentem</span> <span class='ocrx_word' id='word_1_86' title='bbox 1123 2206 1214 2281; x_wconf 84' lang='lat' dir='ltr'>erga</span> <span class='ocrx_word' id='word_1_87' title='bbox 1231 2186 1346 2259; x_wconf 89' lang='lat' dir='ltr'>illum.</span> <span class='ocrx_word' id='word_1_88' title='bbox 1366 2187 1457 2262; x_wconf 80' lang='lat' dir='ltr'>Dicit</span> <span class='ocrx_word' id='word_1_89' title='bbox 1475 2207 1581 2283; x_wconf 89' lang='lat' dir='ltr'>ergo:</span> 
     </span>
     <span class='ocr_line' id='line_1_12' title="bbox 408 2305 1583 2403; baseline 0.003 -25"><span class='ocrx_word' id='word_1_90' title='bbox 408 2309 457 2378; x_wconf 86' lang='lat' dir='ltr'>Lo</span> <span class='ocrx_word' id='word_1_91' title='bbox 482 2306 573 2378; x_wconf 84' lang='lat' dir='ltr'>duco</span> <span class='ocrx_word' id='word_1_92' title='bbox 598 2308 681 2396; x_wconf 83' lang='lat' dir='ltr'>mio,</span> <span class='ocrx_word' id='word_1_93' title='bbox 707 2305 843 2380; x_wconf 89' lang='lat' dir='ltr'>scilicet</span> <span class='ocrx_word' id='word_1_94' title='bbox 869 2305 1039 2402; x_wconf 84' lang='lat' dir='ltr'>Virgilius</span> <span class='ocrx_word' id='word_1_95' title='bbox 1064 2305 1127 2400; x_wconf 91' lang='lat' dir='ltr'>qui</span> <span class='ocrx_word' id='word_1_96' title='bbox 1145 2306 1304 2380; x_wconf 80' lang='lat' dir='ltr'>duxerat</span> <span class='ocrx_word' id='word_1_97' title='bbox 1322 2328 1382 2383; x_wconf 93' lang='lat' dir='ltr'>me</span> <span class='ocrx_word' id='word_1_98' title='bbox 1398 2307 1518 2403; x_wconf 92' lang='lat' dir='ltr'>primo</span> <span class='ocrx_word' id='word_1_99' title='bbox 1535 2308 1583 2382; x_wconf 79' lang='lat' dir='ltr'>od</span> 
     </span>
     <span class='ocr_line' id='line_1_13' title="bbox 406 2425 1579 2522; baseline 0.004 -25"><span class='ocrx_word' id='word_1_100' title='bbox 406 2425 639 2520; x_wconf 85' lang='lat' dir='ltr'>praesentiam</span> <span class='ocrx_word' id='word_1_101' title='bbox 666 2425 857 2499; x_wconf 82' lang='lat' dir='ltr'>Charontis</span> <span class='ocrx_word' id='word_1_102' title='bbox 883 2426 979 2500; x_wconf 88' lang='lat' dir='ltr'>senis</span> <span class='ocrx_word' id='word_1_103' title='bbox 1002 2425 1171 2500; x_wconf 87' lang='lat' dir='ltr'>terribilis</span> <span class='ocrx_word' id='word_1_104' title='bbox 1196 2425 1233 2500; x_wconf 89' lang='lat' dir='ltr'>in</span> <span class='ocrx_word' id='word_1_105' title='bbox 1258 2425 1409 2501; x_wconf 90' lang='lat' dir='ltr'>introitu</span> <span class='ocrx_word' id='word_1_106' title='bbox 1436 2427 1579 2522; x_wconf 90' lang='lat' dir='ltr'>inlerni,</span> 
     </span>
     <span class='ocr_line' id='line_1_14' title="bbox 407 2545 1582 2641; baseline 0.003 -21"><span class='ocrx_word' id='word_1_107' title='bbox 407 2551 444 2620; x_wconf 89' lang='lat' dir='ltr'>et</span> <span class='ocrx_word' id='word_1_108' title='bbox 469 2566 568 2621; x_wconf 94' lang='lat' dir='ltr'>nunc</span> <span class='ocrx_word' id='word_1_109' title='bbox 593 2545 751 2621; x_wconf 82' lang='lat' dir='ltr'>duxerat</span> <span class='ocrx_word' id='word_1_110' title='bbox 777 2567 837 2620; x_wconf 87' lang='lat' dir='ltr'>me</span> <span class='ocrx_word' id='word_1_111' title='bbox 862 2546 908 2621; x_wconf 84' lang='lat' dir='ltr'>ad</span> <span class='ocrx_word' id='word_1_112' title='bbox 932 2546 1165 2641; x_wconf 75' lang='lat' dir='ltr'>presentiam</span> <span class='ocrx_word' id='word_1_113' title='bbox 1186 2547 1332 2621; x_wconf 81' lang='lat' dir='ltr'>Catonis</span> <span class='ocrx_word' id='word_1_114' title='bbox 1351 2547 1447 2622; x_wconf 89' lang='lat' dir='ltr'>senis</span> <span class='ocrx_word' id='word_1_115' title='bbox 1468 2568 1582 2624; x_wconf 88' lang='lat' dir='ltr'>vene·</span> 
     </span>
     <span class='ocr_line' id='line_1_15' title="bbox 409 2664 1582 2762; baseline 0.004 -25"><span class='ocrx_word' id='word_1_116' title='bbox 409 2664 541 2758; x_wconf 85' lang='lat' dir='ltr'>rabilis,</span> <span class='ocrx_word' id='word_1_117' title='bbox 568 2665 694 2742; x_wconf 86' lang='lat' dir='ltr'>volens</span> <span class='ocrx_word' id='word_1_118' title='bbox 721 2667 884 2742; x_wconf 89' lang='lat' dir='ltr'>revereri</span> <span class='ocrx_word' id='word_1_119' title='bbox 912 2665 1012 2740; x_wconf 93' lang='lat' dir='ltr'>illum</span> <span class='ocrx_word' id='word_1_120' title='bbox 1048 2673 1088 2738; x_wconf 88' lang='lat' dir='ltr'>ut</span> <span class='ocrx_word' id='word_1_121' title='bbox 1111 2666 1265 2762; x_wconf 88' lang='lat' dir='ltr'>dignum</span> <span class='ocrx_word' id='word_1_122' title='bbox 1291 2672 1383 2760; x_wconf 83' lang='lat' dir='ltr'>eret,</span> <span class='ocrx_word' id='word_1_123' title='bbox 1409 2670 1503 2740; x_wconf 84' lang='lat' dir='ltr'>ullor</span> <span class='ocrx_word' id='word_1_124' title='bbox 1534 2673 1582 2742; x_wconf 81' lang='lat' dir='ltr'>mi</span> 
     </span>
     <span class='ocr_line' id='line_1_16' title="bbox 406 2780 1582 2881; baseline 0.002 -22"><span class='ocrx_word' id='word_1_125' title='bbox 406 2780 464 2859; x_wconf 70' lang='lat' dir='ltr'>die*</span> <span class='ocrx_word' id='word_1_126' title='bbox 486 2788 524 2860; x_wconf 83' lang='lat' dir='ltr'>di</span> <span class='ocrx_word' id='word_1_127' title='bbox 542 2789 667 2878; x_wconf 82' lang='lat' dir='ltr'>plplr&#39;o,</span> <span class='ocrx_word' id='word_1_128' title='bbox 694 2785 797 2879; x_wconf 92' lang='lat' dir='ltr'>idest,</span> <span class='ocrx_word' id='word_1_129' title='bbox 823 2785 916 2881; x_wconf 88' lang='lat' dir='ltr'>cepit</span> <span class='ocrx_word' id='word_1_130' title='bbox 943 2807 1004 2860; x_wconf 91' lang='lat' dir='ltr'>me</span> <span class='ocrx_word' id='word_1_131' title='bbox 1029 2786 1163 2879; x_wconf 90' lang='lat' dir='ltr'>subito,</span> <span class='ocrx_word' id='word_1_132' title='bbox 1187 2809 1207 2859; x_wconf 83' lang='lat' dir='ltr'>e</span> <span class='ocrx_word' id='word_1_133' title='bbox 1230 2789 1396 2859; x_wconf 72' lang='lat' dir='ltr'>moerenti</span> <span class='ocrx_word' id='word_1_134' title='bbox 1420 2790 1469 2858; x_wconf 82' lang='lat' dir='ltr'>mi</span> <span class='ocrx_word' id='word_1_135' title='bbox 1488 2790 1525 2881; x_wconf 83' lang='lat' dir='ltr'>se</span> <span class='ocrx_word' id='word_1_136' title='bbox 1551 2792 1582 2861; x_wconf 85' lang='lat' dir='ltr'>le</span> 
     </span>
    </p>
   </div>
   <div class='ocr_carea' id='block_1_3' title="bbox 406 2905 1697 3002">
    <p class='ocr_par' dir='ltr' id='par_1_4' title="bbox 406 2905 1697 3002">
     <span class='ocr_line' id='line_1_17' title="bbox 406 2905 1697 3002; baseline 0.003 -24"><span class='ocrx_word' id='word_1_137' title='bbox 406 2906 531 2997; x_wconf 74' lang='lat' dir='ltr'>ponde</span> <span class='ocrx_word' id='word_1_138' title='bbox 555 2909 611 2980; x_wconf 81' lang='lat' dir='ltr'>r&#39;l</span> <span class='ocrx_word' id='word_1_139' title='bbox 634 2910 750 2998; x_wconf 74' lang='lat' dir='ltr'>dolio,</span> <span class='ocrx_word' id='word_1_140' title='bbox 777 2907 880 3000; x_wconf 86' lang='lat' dir='ltr'>idest,</span> <span class='ocrx_word' id='word_1_141' title='bbox 899 2905 1075 3002; x_wconf 86' lang='lat' dir='ltr'>disposuit</span> <span class='ocrx_word' id='word_1_142' title='bbox 1101 2927 1162 2981; x_wconf 90' lang='lat' dir='ltr'>me</span> <span class='ocrx_word' id='word_1_143' title='bbox 1186 2906 1232 2980; x_wconf 80' lang='lat' dir='ltr'>ad</span> <span class='ocrx_word' id='word_1_144' title='bbox 1257 2907 1501 3002; x_wconf 70' lang='lat' dir='ltr'>prestandum</span> <span class='ocrx_word' id='word_1_145' title='bbox 1523 2928 1581 2982; x_wconf 86' lang='lat' dir='ltr'>re·</span> <span class='ocrx_word' id='word_1_146' title='bbox 1687 2925 1697 2940; x_wconf 70' lang='grc'><strong>“</strong></span> 
     </span>
    </p>
   </div>
   <div class='ocr_carea' id='block_1_4' title="bbox 405 3026 1581 3483">
    <p class='ocr_par' dir='ltr' id='par_1_5' title="bbox 405 3026 1581 3483">
     <span class='ocr_line' id='line_1_18' title="bbox 409 3026 1581 3122; baseline -0.001 -21"><span class='ocrx_word' id='word_1_147' title='bbox 409 3026 609 3102; x_wconf 86' lang='lat' dir='ltr'>verentiam</span> <span class='ocrx_word' id='word_1_148' title='bbox 637 3027 796 3102; x_wconf 82' lang='lat' dir='ltr'>debltam</span> <span class='ocrx_word' id='word_1_149' title='bbox 828 3027 888 3120; x_wconf 92' lang='lat' dir='ltr'>illi,</span> <span class='ocrx_word' id='word_1_150' title='bbox 918 3027 1107 3102; x_wconf 84' lang='lat' dir='ltr'>curvando</span> <span class='ocrx_word' id='word_1_151' title='bbox 1137 3027 1226 3100; x_wconf 84' lang='lat' dir='ltr'>mini</span> <span class='ocrx_word' id='word_1_152' title='bbox 1256 3047 1380 3122; x_wconf 82' lang='lat' dir='ltr'>genua</span> <span class='ocrx_word' id='word_1_153' title='bbox 1412 3034 1450 3101; x_wconf 89' lang='lat' dir='ltr'>et</span> <span class='ocrx_word' id='word_1_154' title='bbox 1478 3026 1581 3102; x_wconf 90' lang='lat' dir='ltr'>incli-</span> 
     </span>
     <span class='ocr_line' id='line_1_19' title="bbox 407 3145 1578 3242; baseline 0 -22"><span class='ocrx_word' id='word_1_155' title='bbox 407 3145 527 3222; x_wconf 81' lang='lat' dir='ltr'>nando</span> <span class='ocrx_word' id='word_1_156' title='bbox 553 3154 663 3242; x_wconf 84' lang='lat' dir='ltr'>caput</span> <span class='ocrx_word' id='word_1_157' title='bbox 689 3147 749 3242; x_wconf 89' lang='lat' dir='ltr'>illi,</span> <span class='ocrx_word' id='word_1_158' title='bbox 775 3169 841 3221; x_wconf 87' lang='lat' dir='ltr'>oon</span> <span class='ocrx_word' id='word_1_159' title='bbox 862 3150 1002 3239; x_wconf 85' lang='lat' dir='ltr'>parole,</span> <span class='ocrx_word' id='word_1_160' title='bbox 1020 3169 1085 3222; x_wconf 87' lang='lat' dir='ltr'>con</span> <span class='ocrx_word' id='word_1_161' title='bbox 1105 3151 1202 3220; x_wconf 73' lang='lat' dir='ltr'>morti</span> <span class='ocrx_word' id='word_1_162' title='bbox 1217 3168 1236 3219; x_wconf 85' lang='lat' dir='ltr'>e</span> <span class='ocrx_word' id='word_1_163' title='bbox 1252 3168 1319 3220; x_wconf 83' lang='lat' dir='ltr'>con</span> <span class='ocrx_word' id='word_1_164' title='bbox 1338 3151 1450 3238; x_wconf 78' lang='lat' dir='ltr'>cenni,</span> <span class='ocrx_word' id='word_1_165' title='bbox 1475 3147 1578 3242; x_wconf 83' lang='lat' dir='ltr'>quasi</span> 
     </span>
     <span class='ocr_line' id='line_1_20' title="bbox 405 3267 1580 3364; baseline 0.001 -22"><span class='ocrx_word' id='word_1_166' title='bbox 405 3267 511 3361; x_wconf 81' lang='lat' dir='ltr'>dicat,</span> <span class='ocrx_word' id='word_1_167' title='bbox 538 3268 709 3342; x_wconf 87' lang='lat' dir='ltr'>omnibus</span> <span class='ocrx_word' id='word_1_168' title='bbox 735 3268 851 3342; x_wconf 95' lang='lat' dir='ltr'>modis</span> <span class='ocrx_word' id='word_1_169' title='bbox 869 3268 1003 3362; x_wconf 90' lang='lat' dir='ltr'>quibus</span> <span class='ocrx_word' id='word_1_170' title='bbox 1019 3268 1136 3364; x_wconf 91' lang='lat' dir='ltr'>potuit</span> <span class='ocrx_word' id='word_1_171' title='bbox 1154 3268 1190 3342; x_wconf 90' lang='lat' dir='ltr'>in</span> <span class='ocrx_word' id='word_1_172' title='bbox 1208 3276 1283 3341; x_wconf 84' lang='lat' dir='ltr'>tam</span> <span class='ocrx_word' id='word_1_173' title='bbox 1305 3267 1408 3342; x_wconf 87' lang='lat' dir='ltr'>brevi</span> <span class='ocrx_word' id='word_1_174' title='bbox 1425 3274 1580 3363; x_wconf 90' lang='lat' dir='ltr'>puncto;</span> 
     </span>
     <span class='ocr_line' id='line_1_21' title="bbox 405 3387 1580 3483; baseline 0.003 -23"><span class='ocrx_word' id='word_1_175' title='bbox 405 3387 504 3482; x_wconf 83' lang='lat' dir='ltr'>quia,</span> <span class='ocrx_word' id='word_1_176' title='bbox 532 3395 572 3462; x_wconf 90' lang='lat' dir='ltr'>ut</span> <span class='ocrx_word' id='word_1_177' title='bbox 592 3389 669 3483; x_wconf 84' lang='lat' dir='ltr'>jam</span> <span class='ocrx_word' id='word_1_178' title='bbox 696 3389 835 3463; x_wconf 89' lang='lat' dir='ltr'>dictum</span> <span class='ocrx_word' id='word_1_179' title='bbox 861 3394 916 3463; x_wconf 89' lang='lat' dir='ltr'>est</span> <span class='ocrx_word' id='word_1_180' title='bbox 942 3409 1065 3483; x_wconf 82' lang='lat' dir='ltr'>supra,</span> <span class='ocrx_word' id='word_1_181' title='bbox 1092 3389 1182 3462; x_wconf 83' lang='lat' dir='ltr'>Cato</span> <span class='ocrx_word' id='word_1_182' title='bbox 1207 3394 1288 3462; x_wconf 84' lang='lat' dir='ltr'>crat</span> <span class='ocrx_word' id='word_1_183' title='bbox 1316 3387 1449 3482; x_wconf 87' lang='lat' dir='ltr'>dignus</span> <span class='ocrx_word' id='word_1_184' title='bbox 1479 3394 1580 3464; x_wconf 76' lang='lat' dir='ltr'>tanta</span> 
     </span>
    </p>
   </div>
   <div class='ocr_carea' id='block_1_5' title="bbox 403 3506 1581 3844">
    <p class='ocr_par' dir='ltr' id='par_1_6' title="bbox 403 3506 1581 3844">
     <span class='ocr_line' id='line_1_22' title="bbox 404 3506 1581 3604; baseline 0.001 -24"><span class='ocrx_word' id='word_1_185' title='bbox 404 3509 624 3603; x_wconf 81' lang='lat' dir='ltr'>reverentia,</span> <span class='ocrx_word' id='word_1_186' title='bbox 642 3509 741 3603; x_wconf 89' lang='lat' dir='ltr'>quod</span> <span class='ocrx_word' id='word_1_187' title='bbox 768 3509 863 3582; x_wconf 86' lang='lat' dir='ltr'>lilius</span> <span class='ocrx_word' id='word_1_188' title='bbox 888 3509 970 3604; x_wconf 94' lang='lat' dir='ltr'>plus</span> <span class='ocrx_word' id='word_1_189' title='bbox 996 3528 1069 3582; x_wconf 94' lang='lat' dir='ltr'>non</span> <span class='ocrx_word' id='word_1_190' title='bbox 1091 3508 1199 3582; x_wconf 87' lang='lat' dir='ltr'>debet</span> <span class='ocrx_word' id='word_1_191' title='bbox 1218 3506 1322 3603; x_wconf 84' lang='lat' dir='ltr'>patri.</span> <span class='ocrx_word' id='word_1_192' title='bbox 1342 3507 1385 3580; x_wconf 84' lang='lat' dir='ltr'>Et</span> <span class='ocrx_word' id='word_1_193' title='bbox 1401 3507 1502 3602; x_wconf 90' lang='lat' dir='ltr'>ponit</span> <span class='ocrx_word' id='word_1_194' title='bbox 1519 3528 1581 3582; x_wconf 92' lang='lat' dir='ltr'>re-</span> 
     </span>
     <span class='ocr_line' id='line_1_23' title="bbox 403 3626 1580 3727; baseline -0.003 -23"><span class='ocrx_word' id='word_1_195' title='bbox 403 3631 634 3725; x_wconf 85' lang='lat' dir='ltr'>sponsionem</span> <span class='ocrx_word' id='word_1_196' title='bbox 661 3630 810 3727; x_wconf 83' lang='lat' dir='ltr'>Virgilii,</span> <span class='ocrx_word' id='word_1_197' title='bbox 833 3630 895 3724; x_wconf 89' lang='lat' dir='ltr'>qui</span> <span class='ocrx_word' id='word_1_198' title='bbox 922 3630 1042 3726; x_wconf 89' lang='lat' dir='ltr'>primo</span> <span class='ocrx_word' id='word_1_199' title='bbox 1069 3627 1263 3723; x_wconf 87' lang='lat' dir='ltr'>respondet</span> <span class='ocrx_word' id='word_1_200' title='bbox 1288 3627 1460 3702; x_wconf 86' lang='lat' dir='ltr'>secundae</span> <span class='ocrx_word' id='word_1_201' title='bbox 1485 3626 1580 3722; x_wconf 85' lang='lat' dir='ltr'>peti-</span> 
     </span>
     <span class='ocr_line' id='line_1_24' title="bbox 405 3748 1578 3844; baseline -0.002 -22"><span class='ocrx_word' id='word_1_202' title='bbox 405 3750 492 3824; x_wconf 86' lang='lat' dir='ltr'>tioni</span> <span class='ocrx_word' id='word_1_203' title='bbox 518 3749 674 3843; x_wconf 79' lang='lat' dir='ltr'>Catonis,</span> <span class='ocrx_word' id='word_1_204' title='bbox 700 3771 775 3843; x_wconf 84' lang='lat' dir='ltr'>qua</span> <span class='ocrx_word' id='word_1_205' title='bbox 800 3749 990 3844; x_wconf 85' lang='lat' dir='ltr'>petiverat,</span> <span class='ocrx_word' id='word_1_206' title='bbox 1012 3749 1093 3842; x_wconf 90' lang='lat' dir='ltr'>quis</span> <span class='ocrx_word' id='word_1_207' title='bbox 1116 3748 1275 3822; x_wconf 71' lang='lat' dir='ltr'>diruerat</span> <span class='ocrx_word' id='word_1_208' title='bbox 1299 3769 1363 3824; x_wconf 90' lang='lat' dir='ltr'>eos</span> <span class='ocrx_word' id='word_1_209' title='bbox 1389 3749 1578 3822; x_wconf 89' lang='lat' dir='ltr'>etlumen</span> 
     </span>
    </p>
   </div>
   <div class='ocr_carea' id='block_1_6' title="bbox 402 3866 1578 4928">
    <p class='ocr_par' dir='ltr' id='par_1_7' title="bbox 402 3866 1578 4928">
     <span class='ocr_line' id='line_1_25' title="bbox 405 3866 1578 3962; baseline -0.003 -21"><span class='ocrx_word' id='word_1_210' title='bbox 405 3869 561 3944; x_wconf 77' lang='lat' dir='ltr'>lecerat?</span> <span class='ocrx_word' id='word_1_211' title='bbox 588 3869 685 3944; x_wconf 87' lang='lat' dir='ltr'>unde</span> <span class='ocrx_word' id='word_1_212' title='bbox 710 3869 818 3943; x_wconf 83' lang='lat' dir='ltr'>dicit:</span> <span class='ocrx_word' id='word_1_213' title='bbox 839 3873 904 3962; x_wconf 84' lang='lat' dir='ltr'>poi</span> <span class='ocrx_word' id='word_1_214' title='bbox 927 3871 1061 3962; x_wconf 76' lang='lat' dir='ltr'>rispose</span> <span class='ocrx_word' id='word_1_215' title='bbox 1086 3890 1110 3940; x_wconf 88' lang='lat' dir='ltr'><strong><em>a</em></strong></span> <span class='ocrx_word' id='word_1_216' title='bbox 1135 3871 1196 3959; x_wconf 82' lang='lat' dir='ltr'>lul,</span> <span class='ocrx_word' id='word_1_217' title='bbox 1222 3867 1324 3960; x_wconf 88' lang='lat' dir='ltr'>idest,</span> <span class='ocrx_word' id='word_1_218' title='bbox 1347 3866 1478 3941; x_wconf 87' lang='lat' dir='ltr'>deinde</span> <span class='ocrx_word' id='word_1_219' title='bbox 1501 3866 1578 3961; x_wconf 89' lang='lat' dir='ltr'>ipsc</span> 
     </span>
     <span class='ocr_line' id='line_1_26' title="bbox 405 3988 1577 4086; baseline 0 -24"><span class='ocrx_word' id='word_1_220' title='bbox 405 3988 575 4086; x_wconf 88' lang='lat' dir='ltr'>Virgilius</span> <span class='ocrx_word' id='word_1_221' title='bbox 612 3988 794 4084; x_wconf 87' lang='lat' dir='ltr'>respondit</span> <span class='ocrx_word' id='word_1_222' title='bbox 824 3988 890 4084; x_wconf 90' lang='lat' dir='ltr'>ipsi</span> <span class='ocrx_word' id='word_1_223' title='bbox 915 3988 1072 4064; x_wconf 78' lang='lat' dir='ltr'>Catoniz·</span> <span class='ocrx_word' id='word_1_224' title='bbox 1096 3990 1146 4060; x_wconf 85' lang='lat' dir='ltr'>do</span> <span class='ocrx_word' id='word_1_225' title='bbox 1176 4008 1230 4061; x_wconf 88' lang='lat' dir='ltr'>me</span> <span class='ocrx_word' id='word_1_226' title='bbox 1261 4009 1333 4060; x_wconf 83' lang='lat' dir='ltr'>non</span> <span class='ocrx_word' id='word_1_227' title='bbox 1363 3991 1483 4062; x_wconf 84' lang='lat' dir='ltr'>cenni:</span> <span class='ocrx_word' id='word_1_228' title='bbox 1509 4007 1577 4062; x_wconf 86' lang='lat' dir='ltr'>nec</span> 
     </span>
     <span class='ocr_line' id='line_1_27' title="bbox 405 4107 1577 4205; baseline -0.003 -23"><span class='ocrx_word' id='word_1_229' title='bbox 405 4109 603 4205; x_wconf 86' lang='lat' dir='ltr'>potuissem</span> <span class='ocrx_word' id='word_1_230' title='bbox 630 4130 716 4184; x_wconf 91' lang='lat' dir='ltr'>cum</span> <span class='ocrx_word' id='word_1_231' title='bbox 743 4107 843 4182; x_wconf 86' lang='lat' dir='ltr'>omni</span> <span class='ocrx_word' id='word_1_232' title='bbox 860 4108 997 4183; x_wconf 80' lang='lat' dir='ltr'>auxilio</span> <span class='ocrx_word' id='word_1_233' title='bbox 1023 4114 1058 4183; x_wconf 89' lang='lat' dir='ltr'>et</span> <span class='ocrx_word' id='word_1_234' title='bbox 1082 4108 1232 4183; x_wconf 89' lang='lat' dir='ltr'>oonsilio</span> <span class='ocrx_word' id='word_1_235' title='bbox 1260 4110 1433 4182; x_wconf 78' lang='lat' dir='ltr'>humane</span> <span class='ocrx_word' id='word_1_236' title='bbox 1459 4107 1577 4180; x_wconf 89' lang='lat' dir='ltr'>scien-</span> 
     </span>
     <span class='ocr_line' id='line_1_28' title="bbox 405 4220 1578 4324; baseline -0.003 -21"><span class='ocrx_word' id='word_1_237' title='bbox 405 4230 476 4323; x_wconf 83' lang='lat' dir='ltr'>tiae,</span> <span class='ocrx_word' id='word_1_238' title='bbox 502 4231 565 4306; x_wconf 86' lang='lat' dir='ltr'>sed</span> <span class='ocrx_word' id='word_1_239' title='bbox 590 4229 739 4324; x_wconf 81' lang='lat' dir='ltr'>divinae3</span> <span class='ocrx_word' id='word_1_240' title='bbox 767 4229 865 4304; x_wconf 88' lang='lat' dir='ltr'>unde</span> <span class='ocrx_word' id='word_1_241' title='bbox 894 4229 998 4303; x_wconf 89' lang='lat' dir='ltr'>dicit:</span> <span class='ocrx_word' id='word_1_242' title='bbox 1032 4231 1167 4319; x_wconf 84' lang='lat' dir='ltr'>donna,</span> <span class='ocrx_word' id='word_1_243' title='bbox 1199 4228 1334 4302; x_wconf 87' lang='lat' dir='ltr'>scilicet</span> <span class='ocrx_word' id='word_1_244' title='bbox 1359 4227 1505 4302; x_wconf 78' lang='lat' dir='ltr'>Beetrix</span> <span class='ocrx_word' id='word_1_245' title='bbox 1526 4220 1578 4320; x_wconf 84' lang='lat'>(¹),</span> 
     </span>
     <span class='ocr_line' id='line_1_29' title="bbox 405 4349 1576 4448; baseline -0.003 -22"><span class='ocrx_word' id='word_1_246' title='bbox 405 4373 488 4446; x_wconf 85' lang='lat' dir='ltr'>quae</span> <span class='ocrx_word' id='word_1_247' title='bbox 514 4358 570 4426; x_wconf 84' lang='lat' dir='ltr'>est</span> <span class='ocrx_word' id='word_1_248' title='bbox 594 4372 699 4426; x_wconf 80' lang='lat' dir='ltr'>secra</span> <span class='ocrx_word' id='word_1_249' title='bbox 724 4350 918 4448; x_wconf 83' lang='lat' dir='ltr'>theologia,</span> <span class='ocrx_word' id='word_1_250' title='bbox 943 4371 1036 4424; x_wconf 79' lang='lat' dir='ltr'>mese</span> <span class='ocrx_word' id='word_1_251' title='bbox 1060 4353 1124 4423; x_wconf 89' lang='lat' dir='ltr'>dol</span> <span class='ocrx_word' id='word_1_252' title='bbox 1147 4352 1222 4437; x_wconf 82' lang='lat' dir='ltr'>ciel,</span> <span class='ocrx_word' id='word_1_253' title='bbox 1252 4349 1340 4443; x_wconf 84' lang='lat' dir='ltr'>quia</span> <span class='ocrx_word' id='word_1_254' title='bbox 1368 4350 1447 4422; x_wconf 84' lang='lat' dir='ltr'>haec</span> <span class='ocrx_word' id='word_1_255' title='bbox 1471 4369 1576 4422; x_wconf 83' lang='lat' dir='ltr'>sacra</span> 
     </span>
     <span class='ocr_line' id='line_1_30' title="bbox 404 4468 1577 4565; baseline -0.003 -19"><span class='ocrx_word' id='word_1_256' title='bbox 404 4472 554 4548; x_wconf 88' lang='lat' dir='ltr'>scientia</span> <span class='ocrx_word' id='word_1_257' title='bbox 580 4493 653 4546; x_wconf 94' lang='lat' dir='ltr'>non</span> <span class='ocrx_word' id='word_1_258' title='bbox 679 4479 735 4546; x_wconf 85' lang='lat' dir='ltr'>est</span> <span class='ocrx_word' id='word_1_259' title='bbox 759 4471 843 4546; x_wconf 80' lang='lat' dir='ltr'>data</span> <span class='ocrx_word' id='word_1_260' title='bbox 873 4470 1081 4545; x_wconf 87' lang='lat' dir='ltr'>hominibus</span> <span class='ocrx_word' id='word_1_261' title='bbox 1106 4491 1173 4565; x_wconf 88' lang='lat' dir='ltr'>per</span> <span class='ocrx_word' id='word_1_262' title='bbox 1197 4468 1487 4563; x_wconf 82' lang='lat' dir='ltr'>acquisitionem,</span> <span class='ocrx_word' id='word_1_263' title='bbox 1513 4470 1577 4544; x_wconf 87' lang='lat' dir='ltr'>sed</span> 
     </span>
     <span class='ocr_line' id='line_1_31' title="bbox 404 4589 1578 4688; baseline -0.003 -22"><span class='ocrx_word' id='word_1_264' title='bbox 404 4611 469 4688; x_wconf 87' lang='lat' dir='ltr'>per</span> <span class='ocrx_word' id='word_1_265' title='bbox 495 4592 712 4666; x_wconf 87' lang='lat' dir='ltr'>inlusionem</span> <span class='ocrx_word' id='word_1_266' title='bbox 739 4613 762 4666; x_wconf 85' lang='lat' dir='ltr'>a</span> <span class='ocrx_word' id='word_1_267' title='bbox 788 4592 875 4686; x_wconf 86' lang='lat' dir='ltr'>Deo,</span> <span class='ocrx_word' id='word_1_268' title='bbox 903 4590 1000 4664; x_wconf 92' lang='lat' dir='ltr'>unde</span> <span class='ocrx_word' id='word_1_269' title='bbox 1025 4589 1133 4664; x_wconf 90' lang='lat' dir='ltr'>dicit:</span> <span class='ocrx_word' id='word_1_270' title='bbox 1158 4611 1225 4681; x_wconf 85' lang='lat' dir='ltr'>per</span> <span class='ocrx_word' id='word_1_271' title='bbox 1249 4592 1275 4662; x_wconf 83' lang='lat' dir='ltr'>li</span> <span class='ocrx_word' id='word_1_272' title='bbox 1289 4591 1345 4662; x_wconf 83' lang='lat' dir='ltr'>coi</span> <span class='ocrx_word' id='word_1_273' title='bbox 1356 4591 1483 4682; x_wconf 82' lang='lat' dir='ltr'>prepln&#39;</span> <span class='ocrx_word' id='word_1_274' title='bbox 1503 4592 1578 4662; x_wconf 85' lang='lat' dir='ltr'>dcl-</span> 
     </span>
     <span class='ocr_line' id='line_1_32' title="bbox 403 4708 1577 4806; baseline -0.003 -20"><span class='ocrx_word' id='word_1_275' title='bbox 403 4716 440 4786; x_wconf 87' lang='lat' dir='ltr'>la</span> <span class='ocrx_word' id='word_1_276' title='bbox 464 4716 535 4786; x_wconf 76' lang='lat' dir='ltr'>ndo</span> <span class='ocrx_word' id='word_1_277' title='bbox 561 4715 772 4806; x_wconf 68' lang='lat' dir='ltr'>compuncta</span> <span class='ocrx_word' id='word_1_278' title='bbox 797 4715 905 4806; x_wconf 74' lang='lat' dir='ltr'>coslai</span> <span class='ocrx_word' id='word_1_279' title='bbox 928 4713 1108 4801; x_wconf 81' lang='lat' dir='ltr'>conoenni,</span> <span class='ocrx_word' id='word_1_280' title='bbox 1128 4709 1277 4803; x_wconf 90' lang='lat' dir='ltr'>scilicet,</span> <span class='ocrx_word' id='word_1_281' title='bbox 1295 4708 1352 4782; x_wconf 88' lang='lat' dir='ltr'>isti</span> <span class='ocrx_word' id='word_1_282' title='bbox 1376 4709 1495 4804; x_wconf 81' lang='lat' dir='ltr'>Danti,</span> <span class='ocrx_word' id='word_1_283' title='bbox 1513 4709 1577 4803; x_wconf 85' lang='lat' dir='ltr'>qui</span> 
     </span>
     <span class='ocr_line' id='line_1_33' title="bbox 402 4829 1575 4928; baseline -0.003 -22"><span class='ocrx_word' id='word_1_284' title='bbox 402 4831 509 4908; x_wconf 81' lang='lat' dir='ltr'>datus</span> <span class='ocrx_word' id='word_1_285' title='bbox 534 4840 590 4908; x_wconf 87' lang='lat' dir='ltr'>est</span> <span class='ocrx_word' id='word_1_286' title='bbox 617 4832 704 4906; x_wconf 88' lang='lat' dir='ltr'>mihi</span> <span class='ocrx_word' id='word_1_287' title='bbox 730 4830 920 4906; x_wconf 88' lang='lat' dir='ltr'>ducendus</span> <span class='ocrx_word' id='word_1_288' title='bbox 940 4850 1005 4928; x_wconf 88' lang='lat' dir='ltr'>per</span> <span class='ocrx_word' id='word_1_289' title='bbox 1032 4830 1216 4904; x_wconf 80' lang='lat' dir='ltr'>internum</span> <span class='ocrx_word' id='word_1_290' title='bbox 1241 4835 1280 4904; x_wconf 88' lang='lat' dir='ltr'>et</span> <span class='ocrx_word' id='word_1_291' title='bbox 1304 4829 1575 4926; x_wconf 80' lang='lat' dir='ltr'>purgatorium,</span> 
     </span>
    </p>
   </div>
   <div class='ocr_carea' id='block_1_7' title="bbox 465 5100 787 5161">
    <p class='ocr_par' dir='ltr' id='par_1_8' title="bbox 465 5100 787 5161">
     <span class='ocr_line' id='line_1_34' title="bbox 465 5100 787 5161; baseline -0.003 -11"><span class='ocrx_word' id='word_1_292' title='bbox 465 5100 494 5161; x_wconf 81' lang='lat'>(¹)</span> <span class='ocrx_word' id='word_1_293' title='bbox 508 5100 539 5150; x_wconf 87' lang='lat' dir='ltr'>E.</span> <span class='ocrx_word' id='word_1_294' title='bbox 556 5100 661 5150; x_wconf 75' lang='lat' dir='ltr'>domina</span> <span class='ocrx_word' id='word_1_295' title='bbox 676 5101 787 5150; x_wconf 76' lang='lat' dir='ltr'>Bealrlx.</span> 
     </span>
    </p>
   </div>
   <div class='ocr_carea' id='block_1_8' title="bbox 0 0 2276 6840">
    <p class='ocr_par' dir='ltr' id='par_1_9' title="bbox 0 0 2276 6840">
     <span class='ocr_line' id='line_1_35' title="bbox 0 0 2276 6840; baseline 0 0"><span class='ocrx_word' id='word_1_296' title='bbox 0 0 2276 6840; x_wconf 95' lang='lat' dir='ltr'> </span> 
     </span>
    </p>
   </div>
  </div>
 </body>
</html>
