4542 6842
839 951 978 1011 caurus
1004 954 1170 1011 uccruua
1519 945 1590 1011 295

417 1098 505 1173 base
531 1117 615 1192 quae
641 1097 858 1192 supponitur
883 1098 990 1194 capiti
1017 1100 1204 1175 trabium:
1230 1106 1268 1174 et
1292 1099 1399 1175 dicit:
1426 1103 1464 1174 lu
1494 1104 1591 1192 qual,

417 1216 564 1311 scilicet,
597 1216 728 1313 ligura,
761 1222 802 1311 sc
835 1239 982 1292 nucem
1006 1240 1093 1293 veru
1117 1242 1278 1293 rancura
1307 1224 1364 1295 del
1393 1243 1465 1295 noa
1491 1243 1590 1312 cao,

418 1338 504 1431 quia
530 1337 576 1413 do
602 1358 644 1412 re
669 1357 743 1411 non
769 1358 857 1413 vera
883 1339 946 1413 sed
967 1338 1063 1433 licta,
1083 1361 1106 1412 a
1124 1343 1179 1413 cti
1203 1343 1240 1413 la
1256 1344 1348 1415 vade.
1367 1341 1411 1414 Et
1427 1341 1478 1416 sic
1496 1340 1590 1435 vide,

418 1458 448 1533 si
474 1458 699 1553 comparatio
723 1463 842 1553 potest
868 1478 948 1534 esse
961 1460 1088 1556 magis
1106 1459 1251 1554 propria
1269 1460 1307 1534 iu
1326 1460 1590 1535 manifestando

419 1578 529 1653 talem
555 1586 693 1671 actum,
718 1585 756 1653 et
786 1578 815 1651 si
848 1580 960 1652 bomo
985 1578 1171 1654 interdum
1200 1579 1423 1674 compatitur
1451 1578 1589 1653 bomini

419 1719 493 1772 noo
518 1719 608 1773 vero
633 1699 703 1773 sub
729 1697 841 1773 nimio
859 1698 1038 1794 pondere;
1057 1704 1196 1794 quanto
1214 1700 1332 1795 magis
1352 1700 1428 1794 ipse
1444 1720 1590 1775 mernor

418 1820 600 1915 superbiae
624 1840 702 1894 suae
728 1820 1019 1914 compatiebatur
1037 1800 1227 1895 nunc'islis
1247 1820 1424 1915 superbis.
1442 1820 1486 1893 Et
1503 1820 1590 1915 quia

417 1941 555 2015 dictum
594 1962 703 2015 suum
744 1940 935 2015 videbatur
969 1941 1076 2015 nimis
1111 1942 1276 2037 largum,
1310 1941 1392 2015 ideo
1429 1940 1591 2016 declarat

418 2059 550 2155 ipsum,
575 2058 715 2135 dicens:
747 2056 852 2135 oo‘e'
875 2064 934 2134 clte
955 2056 1017 2155 piu
1041 2083 1060 2134 e
1085 2082 1186 2135 mero
1214 2082 1304 2135 eran
1331 2065 1508 2153 concaui,
1533 2081 1592 2136 se-

417 2179 578 2255 cuudum
606 2182 687 2275 plus
712 2188 749 2255 et
775 2180 895 2255 minus
920 2180 1102 2276 ponderiS,
1129 2180 1232 2274 idest,
1259 2182 1463 2257 secundum
1481 2180 1590 2275 ,quod

417 2300 564 2375 fuerant
600 2301 682 2397 plus
718 2307 755 2375 et
794 2300 914 2375 minus
951 2302 1119 2396 superbi3
1159 2302 1258 2376 unde
1295 2302 1402 2375 dicit:
1439 2302 1590 2375 secondo

416 2423 467 2493 cb'
480 2441 593 2493 coeca
618 2415 683 2513 ptri
717 2442 737 2493 e
767 2440 867 2493 naeao
893 2423 1057 2495 adducto.
1092 2424 1136 2495 Et
1161 2422 1346 2496 concludit
1369 2421 1590 2518 gravitatem

417 2540 527 2613 buius
541 2533 578 2632 (¹)
606 2560 735 2635 poeuae‚
762 2539 908 2614 dicens:
934 2562 953 2613 e
977 2544 1064 2632 qual
1083 2537 1146 2633 piri
1166 2544 1358 2633 paztmzta
1384 2562 1474 2615 coeo
1498 2544 1591 2632 pepli

417 2664 491 2752 atti,
513 2664 717 2752 pianpendo
738 2680 854 2753 porea
871 2664 987 2733 dicem
998 2654 1062 2754 piri
1079 2682 1152 2734 aon
1163 2682 1283 2753 porro.
1302 2661 1372 2735 Per
1390 2663 1460 2735 boc
1479 2668 1590 2736 autor

417 2782 544 2876 pulcro
569 2788 681 2875 rrotat,
708 2780 807 2875 quod
832 2781 955 2855 nullus
980 2788 1036 2855 cst
1065 2789 1142 2855 tam
1175 2780 1327 2876 paticus,
1353 2782 1414 2855 cui
1440 2802 1513 2856 uon
1534 2782 1590 2854 vi-

416 2903 548 2977 deatur
574 2901 680 2976 nimis
704 2902 841 2975 durum
868 2901 1062 2977 humiliare
1087 2924 1139 2994 se,
1168 2903 1215 2978 de
1246 2903 1414 2998 superbis
1443 2903 1587 2997 loquor.

416 3022 535 3111 Quam
552 3021 688 3096 durum
711 3028 817 3115 putas
843 3020 953 3096 luisse
977 3021 1162 3097 Friderico
1179 3023 1417 3098 Barbarussae
1441 3022 1590 3117 quando

373 3159 380 3177 ·
416 3142 569 3218 subiecit
602 3162 642 3217 se
670 3141 877 3215 Alexandro
912 3162 1014 3236 papae
1050 3142 1143 3215 bosti
1179 3142 1426 3236 infestissimo,
1462 3148 1589 3236 petens

416 3263 625 3359 suppliciter
648 3262 813 3353 veniam3
834 3269 870 3337 et
897 3262 956 3337 ille
982 3263 1142 3357 superbe
1165 3263 1328 3337 dicebat:
1355 3267 1467 3355 Super
1491 3265 1589 3355 uspi-

418 3387 497 3459 dem
522 3392 555 3458 et
576 3385 773 3457 buciacum
799 3382 998 3472 ambulabo,
1015 3389 1048 3455 et
1067 3383 1276 3457 conculcabo
1300 3384 1433 3455 lemtem
1452 3389 1485 3455 et
1500 3385 1590 3455 dra-

418 3526 550 3580 eonem.

1272 3664 1591 3675 ——-———

479 3754 506 3817 (¹)
523 3756 553 3806 E.
570 3755 643 3807 lellus
659 3768 749 3819 pmcn.
