4542 6842
714 936 784 1003 198
1070 949 1274 1039 ΕΟῌΕΝΤΠΜ
1299 948 1522 1034 runud'ronn

710 1093 813 1187 quasi
847 1092 964 1169 dicet:
1002 1094 1144 1169 nullum
1184 1114 1311 1169 meum
1346 1092 1534 1187 meritum,
1568 1113 1591 1165 o
1622 1097 1708 1184 quat
1736 1097 1882 1188 pruzia,

709 1214 812 1308 quasi
837 1214 950 1290 dicat:
968 1200 1046 1290 sole
1070 1214 1192 1289 divina
1208 1214 1338 1313 gratia,
1356 1216 1446 1287 miti
1465 1219 1614 1306 nwsda,
1639 1213 1676 1287 in
1705 1214 1775 1289 isto
1801 1215 1882 1317 loco

708 1333 892 1408 solitario?
917 1337 1049 1425 dimmi,
1073 1356 1111 1408 se
1136 1338 1213 1408 vicu
1237 1337 1446 1429 d'iuserno;
1470 1332 1663 1409 audiverat
1679 1333 1778 1408 enim
1799 1334 1879 1429 jam

707 1453 893 1529 Sordellus
910 1476 932 1529 a
950 1440 1098 1551 Virgilio
1115 1456 1216 1549 qnod
1233 1453 1441 1551 perdiderat
1457 1454 1593 1529 coelum
1614 1453 1758 1529 deiectu
1777 1453 1860 1529 fidei
1869 1478 1896 1549 3.

707 1573 789 1648 ideo
811 1596 884 1650 uon
908 1579 1051 1671 poteret
1077 1596 1159 1651 esse
1183 1576 1221 1649 io
1242 1574 1469 1671 purgatorio.
1491 1575 1536 1648 Et
1554 1572 1639 1648 dicit
1659 1573 1697 1647 in
1714 1573 1879 1670 speciali:

707 1698 788 1769 edi
812 1698 897 1788 qual
919 1698 1082 1790 ctiostra,
1109 1695 1212 1789 idest,
1237 1695 1284 1771 de
1309 1715 1384 1789 quo
1408 1694 1559 1788 circulo,
1580 1693 1667 1789 quia
1693 1694 1799 1770 nimis
1825 1694 1880 1769 vi-

706 1814 858 1891 deretur
884 1816 1073 1912 indignum
1105 1816 1134 1890 si
1166 1822 1263 1892 esset
1291 1817 1429 1911 positus
1458 1813 1495 1887 in
1528 1814 1608 1889 loco
1638 1815 1878 1890 tenebrarum
1937 1879 1943 1898 ,

707 1936 771 2031 qui
797 1936 1014 2011 illuminavit
1040 1942 1183 2011 tantum
1203 1936 1351 2012 mundi:
1378 1942 1416 2010 et
1442 1934 1549 2008 nimis
1565 1954 1606 2011 se
1625 1934 1804 2029 humiliet,
1824 1934 1879 2009 di-

645 2122 649 2129 .
706 2045 804 2151 cens,
830 2060 858 2129 ε’
870 2060 906 2131 io
930 2078 996 2130 sou
1019 2059 1133 2150 denno
1159 2060 1194 2129 d’
1206 2059 1289 2136 udo
1314 2060 1345 2129 le
1369 2063 1424 2129 tue
1440 2057 1591 2148 parole,-
1611 2075 1696 2149 quae
1729 2074 1880 2129 merue-

706 2183 793 2251 runt
822 2176 1045 2252 urrdientiam
1076 2176 1295 2272 principum,
1325 2176 1400 2249 imo
1430 2181 1666 2249 extorserunt
1697 2174 1880 2271 lacrymas

704 2296 870 2395 Augusto
896 2297 1104 2394 dignissimo
1131 2297 1281 2391 principi
1309 2296 1420 2371 totius
1440 2296 1550 2370 orbis.
1564 2336 1614 2350 -
1628 2301 1696 2369 Per
1713 2298 1797 2370 tutti.
1815 2296 1880 2370 llio

704 2423 812 2513 poeta
838 2416 939 2513 ponit
959 2416 1232 2511 responsionem
1252 2415 1388 2512 Virgilii
1404 2415 1452 2491 ad
1469 2415 1621 2510 quesita
1639 2414 1793 2490 Sordelli
1814 2415 1878 2511 qui

704 2536 822 2633 primo
841 2536 1035 2632 respondet
1052 2534 1098 2611 ad
1124 2535 1160 2609 id
1186 2536 1284 2631 quod
1302 2535 1482 2631 petiverat
1498 2517 1744 2629 Sordellust¹l
1762 2535 1793 2609 si
1813 2554 1878 2609 ve-

702 2658 826 2733 niebat
852 2658 899 2732 ab
925 2657 1078 2733 interno.
1106 2658 1197 2731 Dicit
1223 2678 1338 2754 ergo:
1365 2659 1425 2749 lui,
1451 2656 1599 2751 scilicet,
1625 2657 1796 2754 Virgilius
1825 2658 1878 2733 sic

702 2798 913 2875 persuasus,
938 2781 1096 2870 rispose:
1121 2780 1156 2851 io
1181 2798 1248 2851 son
1273 2784 1397 2851 emoto
1413 2779 1451 2851 dt
1467 2797 1550 2869 pua,
1567 2776 1713 2872 scilicet,
1732 2777 1769 2851 in
1786 2798 1876 2873 pur-

701 2897 912 2995 gatorium;
939 2903 976 2972 et
1001 2896 1087 2992 quia
1113 2897 1174 2973 ille
1199 2897 1340 2972 dixerat
1365 2896 1412 2971 de
1437 2916 1513 2991 quo
1538 2897 1688 2990 circulo,
1714 2897 1796 2971 idco
1821 2898 1876 2972 di·

672 3018 760 3111 cit,
782 3039 849 3111 per
889 3019 963 3091 tutti
992 3020 1006 3091 i
1030 3019 1143 3091 ceroti
1170 3019 1228 3090 det
1250 3019 1385 3092 dolente
1408 3038 1534 3110 repud,
1567 3016 1715 3112 scilicet,
1741 3018 1875 3093 interni

701 3137 765 3231 qui
791 3143 846 3212 est
872 3136 973 3210 locus
998 3136 1165 3232 perpetui
1189 3135 1335 3211 doloris.
1362 3136 1499 3212 Deinde
1530 3137 1722 3233 respondet
1755 3138 1803 3213 ad
1834 3138 1870 3215 id

700 3255 798 3352 quod
824 3255 944 3352 primo
969 3255 1149 3351 petiverat
1173 3253 1371 3351 Sordellus,
1396 3257 1544 3352 scilicet,
1570 3278 1654 3352 quae
1669 3249 1707 3351 (¹)
1733 3257 1872 3355 gratim

699 3382 736 3451 et
761 3375 864 3451 dicit:
892 3370 989 3449 oertti
1014 3378 1070 3449 del
1089 3378 1165 3467 ciet,
1185 3375 1332 3470 scilicet,
1349 3376 1469 3473 gratia
1485 3377 1712 3472 praereniens
1730 3385 1767 3452 et
1784 3379 1874 3453 sub-

698 3517 857 3592 sequens
889 3502 927 3571 et
964 3496 1123 3591 Beetrix,
1158 3499 1207 3570 mi
1235 3517 1360 3588 nwsse,
1391 3504 1432 3572 ut
1461 3504 1649 3573 ostensum
1683 3506 1739 3575 est
1772 3500 1871 3575 clare

697 3617 727 3689 ll
760 3616 918 3712 capitulo
955 3616 1099 3711 luterni,
1136 3638 1156 3689 e
1187 3636 1254 3689 con
1285 3619 1330 3690 lei
1366 3638 1500 3711 sepum
1533 3618 1594 3691 illo
1630 3638 1779 3713 semper
1806 3620 1872 3714 ju·

697 3742 807 3811 vante
832 3742 869 3811 et
893 3736 1120 3811 custodiente
1139 3757 1199 3811 me
1217 3757 1283 3831 per
1300 3738 1380 3813 loce
1399 3743 1475 3812 tum
1493 3758 1623 3832 aspera
1644 3745 1682 3813 et
1706 3740 1871 3834 pericula

696 3862 807 3930 tantu.
835 3856 879 3929 Et
904 3856 991 3951 quia
1016 3855 1204 3932 Sordellus
1229 3863 1351 3953 posset
1376 3864 1513 3954 petere,
1530 3858 1620 3952 quid
1643 3859 1728 3933 mali
1755 3859 1869 3934 iecisti

696 3984 844 4072 propter
880 3977 979 4071 quod
1009 3977 1057 4051 sis
1091 3978 1297 4073 damnatus,
1323 3978 1409 4055 dicit
1434 3978 1622 4075 Virgilius:
1649 3982 1694 4053 to
1717 3984 1870 4074 perci-uto

695 4101 732 4172 di
756 4100 860 4171 ceder
886 4101 907 4171 l’
921 4102 992 4173 ulto
1009 4101 1076 4189 sol,
1094 4099 1242 4193 scilicet,
1262 4099 1376 4175 solem
1398 4099 1561 4194 justitiae,
1580 4100 1711 4195 Deum,
1729 4103 1794 4196 qui
1811 4109 1867 4177 est

695 4215 801 4293 altior
826 4220 902 4294 sole
928 4219 1098 4314 sensibili,
1124 4226 1162 4294 et
1186 4220 1287 4294 omni
1313 4240 1470 4316 corpore
1494 4240 1607 4315 super
1632 4222 1783 4316 coelesti,
1808 4226 1869 4297 ote

694 4345 730 4412 tu
748 4340 861 4429 deiri,
880 4338 981 4433 idest,
1000 4360 1113 4434 quem
1133 4345 1175 4412 tu
1191 4339 1376 4414 desideras
1392 4360 1480 4414 cum
1497 4345 1598 4414 certa
1619 4360 1683 4435 spe
1708 4342 1864 4437 videndi,

693 4478 763 4555 ego
789 4480 878 4559 vero
904 4460 982 4535 sine
1007 4480 1090 4554 spe;
1108 4482 1127 4533 e
1148 4463 1210 4534 cte
1225 4465 1267 4555 su
1283 4464 1380 4535 turdi
1389 4481 1458 4553 per
1480 4442 1865 4557 memoratumque

693 4578 827 4655 scilicet
852 4581 971 4655 solum
990 4586 1070 4677 post
1089 4588 1260 4676 mortem,
1278 4582 1414 4657 scilicet
1431 4580 1578 4675 quando
1594 4581 1759 4656 Christus
1779 4604 1864 4681 spo·

692 4698 793 4773 liavit
817 4698 985 4795 limbum,
1011 4701 1159 4795 quando
1186 4722 1259 4776 non
1283 4707 1364 4776 erat
1382 4701 1540 4797 amplius
1563 4700 1784 4796 poeniteutiae
1810 4705 1866 4779 lo-

691 4840 757 4895 cus
790 4841 857 4915 pro
890 4820 1048 4916 Virgilio,
1083 4842 1156 4894 oon
1180 4844 1249 4914 per
1285 4808 1381 4916 fore,
1411 4821 1547 4897 scilicet
1581 4828 1742 4917 peccata,
1774 4822 1861 4917 quia

754 5066 781 5132 (¹)
798 5068 828 5119 Ε.
845 5068 986 5129 Sordellus,
1004 5070 1102 5122 scilicet
1118 5083 1170 5135 qna
1186 5071 1276 5135 metit,
1293 5076 1320 5122 et
1336 5070 1366 5121 si.
1552 5068 1580 5133 (¹)
1596 5069 1626 5120 E.
1643 5083 1694 5134 qua
1710 5070 1800 5135 gratie
