4542 6842
816 956 957 1013 usurus
981 957 1124 1012 saurus.
1484 945 1554 1014 177

348 1086 351 1091 ’
383 1096 465 1193 gior
492 1118 604 1191 quam
630 1102 747 1193 putes.
774 1099 878 1195 Nam,
900 1103 1023 1193 primo
1046 1102 1106 1173 clte
1131 1102 1177 1173 sii
1204 1096 1312 1193 tasso,
1345 1100 1491 1196 scilicet,
1517 1101 1555 1176 in

385 1217 588 1311 cacumine,
614 1218 740 1293 cadrei
759 1225 901 1312 mmor,
919 1220 1055 1295 scilicet
1073 1218 1121 1295 ad
1145 1227 1282 1315 ortum,
1300 1223 1403 1314 colui,
1419 1221 1555 1296 scilicet

384 1338 510 1433 solem,
536 1340 596 1411 cte
619 1328 681 1429 pti
704 1341 736 1413 si
759 1360 865 1433 cupre
888 1342 981 1415 della
1005 1346 1114 1431 costa,
1140 1340 1275 1415 scilicet
1304 1342 1448 1436 montis,
1473 1347 1555 1437 post

384 1478 495 1552 quem
517 1460 594 1553 jam
622 1460 838 1554 occultatur,
864 1453 894 1533 sl
917 1463 978 1535 otte
1001 1464 1015 1533 i
1037 1463 1243 1551 metropol
1266 1470 1302 1535 tu
1317 1483 1461 1555 romper
1480 1482 1553 1533 non

380 1583 448 1675 soi,
473 1580 575 1675 idest,
601 1600 675 1655 non
700 1580 787 1657 lacis
813 1581 999 1675 umbram,
1026 1580 1111 1675 quia
1137 1581 1193 1655 sol
1217 1579 1347 1655 bassus
1372 1602 1446 1655 non
1471 1580 1556 1655 ierit

383 1706 420 1776 ta
445 1700 610 1796 amplius.
624 1740 674 1755 -
687 1704 750 1774 llo
774 1703 861 1773 cedi.
889 1700 994 1774 Nunc
1018 1705 1126 1795 pocta
1151 1699 1321 1774 describit
1338 1700 1460 1773 virum
1480 1700 1554 1773 sin·

382 1823 550 1917 gularem
566 1814 616 1916 (⁴),
642 1820 920 1917 compatriotam
950 1820 1099 1917 Virgilii.
1130 1820 1184 1893 Ad
1215 1819 1321 1893 cuius
1351 1819 1555 1917 intelligen-

381 1942 470 2017 tiam
504 1942 615 2018 debes
649 1941 751 2037 prius
787 1939 891 2035 sciro,
926 1941 1023 2035 quod
1053 1940 1112 2015 bic
1149 1960 1267 2016 novus
1301 1939 1450 2035 spiritus
1484 1940 1553 2013 luit

381 2061 530 2156 quidam
548 2060 636 2135 civis
652 2067 876 2134 mantuanus
892 2060 1041 2137 nomine
1057 2060 1255 2156 Sordellus,
1272 2060 1401 2135 nobilis
1413 2067 1451 2135 et
1463 2081 1554 2156 pru-

347 2254 352 2262 .
382 2182 471 2258 dens
496 2180 611 2275 mites,
637 2188 674 2257 ct
705 2188 746 2255 ut
770 2181 883 2276 aliqui
908 2182 1046 2276 volunt,
1071 2181 1230 2276 curialis,
1257 2188 1424 2277 tempore
1447 2182 1553 2255 llcci·

382 2300 452 2373 rini
484 2300 531 2375 de
568 2301 746 2395 Romano,
776 2300 822 2375 de
854 2321 928 2395 quo
965 2300 1089 2375 audivi
1120 2304 1204 2393 (non
1239 2307 1363 2377 tamen
1394 2302 1552 2392 affirmo)

380 2421 467 2495 satis
492 2420 662 2516 jocosum
696 2440 850 2510 norum,
881 2419 979 2514 quod
1014 2419 1176 2495 breviter
1209 2425 1265 2494 est
1296 2421 1378 2495 talis
1411 2420 1552 2494 lormae.

382 2539 546 2614 Habebat
569 2538 757 2615 Eccirinus
778 2539 977 2633 quamdam
999 2559 1165 2614 sororem
1185 2560 1291 2614 suam
1312 2540 1419 2615 valde
1439 2559 1552 2615 vene-

384 2680 500 2753 ream,
523 2660 569 2735 de
594 2680 668 2753 qua
686 2659 725 2734 ut
741 2661 873 2757 longus
890 2680 1013 2735 sermo
1031 2658 1192 2733 Paradisi
1210 2660 1368 2754 capitulo
1384 2660 1444 2733 ur.
1463 2660 1553 2747 Quae

383 2800 537 2857 accensa
561 2800 690 2855 amore
715 2780 866 2855 Sordolli
887 2780 1067 2855 ordinavit
1087 2786 1207 2875 caute,
1228 2779 1327 2874 quod
1352 2781 1413 2855 ille
1438 2780 1551 2854 intra-

384 2908 442 2977 ret
465 2901 512 2977 ad
538 2921 621 2975 eam
648 2906 814 2995 tempore
840 2900 956 2975 noctis
985 2920 1051 2995 per
1082 2922 1199 2975 uuum
1213 2893 1404 2976 'ostiolum
1433 2907 1555 2996 poste-

384 3022 460 3095 rius
480 3021 589 3116 junta
614 3020 809 3125 coquinam
835 3020 956 3115 palatii
983 3020 1019 3093 in
1045 3019 1191 3095 civitate
1208 3021 1383 3115 Veronae3
1405 3028 1443 3095 et
1467 3020 1553 3114 quia

383 3142 561 3216 instrata
590 3150 672 3215 erat
702 3148 809 3238 turpe
834 3142 1070 3215 volutabrum
1103 3162 1315 3237 porcorum,
1346 3141 1424 3216 sive
1450 3140 1555 3237 pocia

383 3261 610 3355 brodiorum,
636 3260 686 3335 ita
713 3268 753 3335 ut
778 3262 879 3335 locus
900 3261 1000 3335 nullo
1018 3261 1128 3336 modo
1146 3262 1334 3337 rideretur
1350 3268 1553 3359 suspectus,

382 3381 539 3458 iaciebat
563 3402 603 3457 se
636 3382 773 3478 portari
799 3400 865 3476 per
890 3382 1088 3475 quemdam
1116 3403 1266 3458 servum
1296 3404 1408 3457 suum
1435 3402 1554 3477 usquc

381 3502 428 3579 ad
446 3503 631 3597 ostiolum,
652 3502 714 3577 ubi
732 3502 875 3577 Cunitia
892 3508 1021 3599 parata
1038 3502 1236 3599 recipiebat
1252 3522 1351 3577 eum.
1366 3501 1554 3577 Eccirinus

383 3628 510 3697 autem
537 3623 607 3696 boc
631 3622 733 3715 scito,
752 3641 833 3696 uno·
852 3640 945 3696 saro⁴
961 3622 1184 3695 subornatus
1209 3622 1279 3696 sub
1303 3622 1424 3716 specie
1440 3622 1549 3715 servi,

383 3740 640 3836 transportavit
674 3740 893 3833 Sordellum,
927 3740 1058 3815 deinde
1089 3740 1298 3835 reportavit.
1330 3741 1410 3828 Quo
1447 3741 1552 3835 lacto,

383 3862 626 3937 manifestavit
642 3882 683 3937 sc
700 3861 876 3955 Sordello,
901 3868 938 3935 et
961 3860 1068 3935 dixit:
1098 3861 1241 3935 sufficit.
1260 3860 1313 3935 Dc
1337 3869 1471 3937 caetero
1488 3861 1554 3935 ab·

251 4017 255 4025 »
382 3982 517 4057 stineas
541 3982 718 4057 accedere
742 3982 789 4056 atl
814 4002 906 4077 opus
932 3987 1007 4055 tam
1033 3979 1221 4055 sordidum
1243 4002 1310 4076 per
1335 3981 1457 4055 locum
1477 3986 1553 4054 tam
1631 4043 1637 4061 .

382 4102 580 4177 sordidum.
608 4102 794 4177 Sordallus
820 4101 1036 4177 terrefactus
1055 4100 1265 4195 suppliciter
1280 4091 1317 4193 (¹)
1335 4099 1461 4196 petivit
1487 4120 1554 4175 ve-

383 4220 493 4315 niam,
520 4222 735 4318 promittens
760 4242 965 4315 numquam
990 4220 1147 4315 amplius
1171 4219 1291 4295 redire
1308 4219 1355 4294 ad
1372 4240 1552 4296 sororem.

384 4343 521 4417 Tamen
547 4342 690 4418 Cunitia
716 4342 909 4417 maledicta
936 4341 1088 4416 retraxit
1114 4361 1202 4417 eum
1228 4340 1265 4413 in
1290 4340 1452 4434 primum
1484 4341 1552 4417 lal-

383 4464 473 4537 lum.
499 4464 623 4551 Quare
647 4463 723 4557 ipse
753 4462 885 4537 timens
917 4460 1124 4535 Eccirinum
1139 4452 1176 4554 (³)
1212 4461 1550 4535 formidatissimum

382 4585 574 4659 bominum
600 4584 657 4657 sui
682 4582 865 4679 temporis,
888 4581 1037 4656 recessit
1061 4582 1108 4655 ab
1138 4601 1195 4674 eo,
1216 4601 1329 4676 quom
1353 4582 1554 4676 Eccirinus‚

383 4714 425 4781 ut
449 4705 598 4801 quidam
626 4705 758 4797 lerunt,
786 4703 867 4777 lecit
893 4708 1017 4799 postea
1047 4702 1232 4777 trucidari.
1260 4702 1365 4777 Nunc
1396 4702 1443 4777 ad
1472 4701 1554 4777 lite·

382 4847 474 4901 ram.
499 4824 592 4899 uico
615 4823 786 4919 Virgilius
810 4822 934 4896 Danti:
952 4844 1012 4895 ma
1033 4823 1111 4896 aedi
1127 4812 1176 4914 ul,
1201 4822 1347 4915 scilicet,
1369 4842 1553 4915 seorsum,

444 5012 473 5074 (¹)
491 5017 545 5072 117,
561 5011 719 5075 singularam
735 5012 890 5063 modernum
905 5012 1112 5073 compatriotam.
1239 5008 1268 5073 (¹)
1284 5001 1338 5069 117,
1354 5009 1538 5073 supplicanter.

446 5091 473 5154 (¹)
489 5091 522 5142 E.
537 5089 675 5141 Ebelinum
690 5090 904 5143 iormldissimum
920 5090 1062 5140 bominum.

519 5200 560 5247 111.
1394 5200 1421 5243 12
