<?xml version="1.0" encoding="UTF-8"?>
<!DOCTYPE html PUBLIC "-//W3C//DTD XHTML 1.0 Transitional//EN"
    "http://www.w3.org/TR/xhtml1/DTD/xhtml1-transitional.dtd">
<html xmlns="http://www.w3.org/1999/xhtml" xml:lang="en" lang="en">
 <head>
  <title>
</title>
<meta http-equiv="Content-Type" content="text/html;charset=utf-8" />
  <meta name='ocr-system' content='tesseract 3.04.00' />
  <meta name='ocr-capabilities' content='ocr_page ocr_carea ocr_par ocr_line ocrx_word'/>
</head>
<body>
  <div class='ocr_page' id='page_1' title='image "./comentumsuperda01unkngoog_0030.png"; bbox 0 0 4542 6842; ppageno 0'>
   <div class='ocr_carea' id='block_1_1' title="bbox 694 961 1507 1030">
    <p class='ocr_par' dir='ltr' id='par_1_1' title="bbox 694 961 1507 1030">
     <span class='ocr_line' id='line_1_1' title="bbox 694 961 1507 1030; baseline -0.001 -3"><span class='ocrx_word' id='word_1_1' title='bbox 694 961 741 1028; x_wconf 79' lang='lat'><strong>20</strong></span> <span class='ocrx_word' id='word_1_2' title='bbox 1056 973 1262 1030; x_wconf 74' lang='lat' dir='ltr'><strong>connubunt</strong></span> <span class='ocrx_word' id='word_1_3' title='bbox 1288 974 1507 1028; x_wconf 80' lang='lat' dir='ltr'><strong>runonronu</strong></span> 
     </span>
    </p>
   </div>
   <div class='ocr_carea' id='block_1_2' title="bbox 689 1117 1871 2297">
    <p class='ocr_par' dir='ltr' id='par_1_2' title="bbox 689 1117 1871 2297">
     <span class='ocr_line' id='line_1_2' title="bbox 693 1117 1871 1216; baseline 0.003 -23"><span class='ocrx_word' id='word_1_4' title='bbox 693 1125 812 1193; x_wconf 89' lang='lat' dir='ltr'><strong>totum</strong></span> <span class='ocrx_word' id='word_1_5' title='bbox 838 1117 1065 1192; x_wconf 88' lang='lat' dir='ltr'><strong>contrarium</strong></span> <span class='ocrx_word' id='word_1_6' title='bbox 1083 1123 1175 1213; x_wconf 87' lang='lat' dir='ltr'><strong>erat,</strong></span> <span class='ocrx_word' id='word_1_7' title='bbox 1193 1117 1281 1213; x_wconf 87' lang='lat' dir='ltr'><strong>quia</strong></span> <span class='ocrx_word' id='word_1_8' title='bbox 1297 1118 1375 1193; x_wconf 92' lang='lat' dir='ltr'><strong>dies</strong></span> <span class='ocrx_word' id='word_1_9' title='bbox 1401 1119 1511 1194; x_wconf 91' lang='lat' dir='ltr'><strong>liebat</strong></span> <span class='ocrx_word' id='word_1_10' title='bbox 1535 1118 1573 1192; x_wconf 91' lang='lat' dir='ltr'><strong>in</strong></span> <span class='ocrx_word' id='word_1_11' title='bbox 1599 1119 1660 1193; x_wconf 94' lang='lat' dir='ltr'><strong>illo</strong></span> <span class='ocrx_word' id='word_1_12' title='bbox 1685 1121 1871 1216; x_wconf 89' lang='lat' dir='ltr'><strong>hemispe-</strong></span> 
     </span>
     <span class='ocr_line' id='line_1_3' title="bbox 693 1235 1870 1335; baseline 0.003 -23"><span class='ocrx_word' id='word_1_13' title='bbox 693 1237 748 1312; x_wconf 94' lang='lat' dir='ltr'><strong>rio</strong></span> <span class='ocrx_word' id='word_1_14' title='bbox 781 1235 960 1331; x_wconf 80' lang='lat' dir='ltr'><strong>inferiori,</strong></span> <span class='ocrx_word' id='word_1_15' title='bbox 993 1237 1030 1310; x_wconf 93' lang='lat' dir='ltr'><strong>in</strong></span> <span class='ocrx_word' id='word_1_16' title='bbox 1065 1247 1192 1314; x_wconf 89' lang='lat' dir='ltr'><strong>nostro</strong></span> <span class='ocrx_word' id='word_1_17' title='bbox 1226 1258 1317 1312; x_wconf 87' lang='lat' dir='ltr'><strong>vero</strong></span> <span class='ocrx_word' id='word_1_18' title='bbox 1351 1236 1462 1314; x_wconf 84' lang='lat' dir='ltr'><strong>debat</strong></span> <span class='ocrx_word' id='word_1_19' title='bbox 1494 1258 1581 1333; x_wconf 85' lang='lat' dir='ltr'><strong>nox,</strong></span> <span class='ocrx_word' id='word_1_20' title='bbox 1613 1244 1650 1314; x_wconf 89' lang='lat' dir='ltr'><strong>et</strong></span> <span class='ocrx_word' id='word_1_21' title='bbox 1675 1239 1870 1335; x_wconf 75' lang='lat' dir='ltr'><strong>incipiebat</strong></span> 
     </span>
     <span class='ocr_line' id='line_1_4' title="bbox 691 1356 1869 1457; baseline 0.007 -27"><span class='ocrx_word' id='word_1_22' title='bbox 691 1359 898 1454; x_wconf 81' lang='lat' dir='ltr'><strong>plaustrum</strong></span> <span class='ocrx_word' id='word_1_23' title='bbox 925 1356 1040 1432; x_wconf 89' lang='lat' dir='ltr'><strong>videri</strong></span> <span class='ocrx_word' id='word_1_24' title='bbox 1066 1378 1088 1432; x_wconf 89' lang='lat' dir='ltr'><strong>a</strong></span> <span class='ocrx_word' id='word_1_25' title='bbox 1114 1357 1229 1433; x_wconf 89' lang='lat' dir='ltr'><strong>nobis.</strong></span> <span class='ocrx_word' id='word_1_26' title='bbox 1242 1363 1430 1450; x_wconf 79' lang='lat' dir='ltr'><strong>-Lurtpa</strong></span> <span class='ocrx_word' id='word_1_27' title='bbox 1454 1361 1491 1432; x_wconf 85' lang='lat' dir='ltr'><strong>to</strong></span> <span class='ocrx_word' id='word_1_28' title='bbox 1521 1360 1644 1434; x_wconf 85' lang='lat' dir='ltr'><strong>barbo.</strong></span> <span class='ocrx_word' id='word_1_29' title='bbox 1670 1361 1735 1437; x_wconf 88' lang='lat' dir='ltr'><strong>llic</strong></span> <span class='ocrx_word' id='word_1_30' title='bbox 1760 1368 1869 1457; x_wconf 88' lang='lat' dir='ltr'><strong>poeta</strong></span> 
     </span>
     <span class='ocr_line' id='line_1_5' title="bbox 690 1478 1869 1577; baseline 0.002 -23"><span class='ocrx_word' id='word_1_31' title='bbox 690 1478 862 1554; x_wconf 79' lang='lat' dir='ltr'><strong>describit</strong></span> <span class='ocrx_word' id='word_1_32' title='bbox 887 1478 996 1552; x_wconf 90' lang='lat' dir='ltr'><strong>istum</strong></span> <span class='ocrx_word' id='word_1_33' title='bbox 1031 1479 1281 1554; x_wconf 85' lang='lat' dir='ltr'><strong>venerabilem</strong></span> <span class='ocrx_word' id='word_1_34' title='bbox 1306 1499 1435 1554; x_wconf 88' lang='lat' dir='ltr'><strong>senem</strong></span> <span class='ocrx_word' id='word_1_35' title='bbox 1463 1479 1512 1554; x_wconf 86' lang='lat' dir='ltr'><strong>ab</strong></span> <span class='ocrx_word' id='word_1_36' title='bbox 1544 1480 1670 1556; x_wconf 89' lang='lat' dir='ltr'><strong>babitu</strong></span> <span class='ocrx_word' id='word_1_37' title='bbox 1703 1481 1869 1577; x_wconf 89' lang='lat' dir='ltr'><strong>corporis</strong></span> 
     </span>
     <span class='ocr_line' id='line_1_6' title="bbox 691 1598 1865 1698; baseline 0.001 -23"><span class='ocrx_word' id='word_1_38' title='bbox 691 1607 729 1676; x_wconf 92' lang='lat' dir='ltr'><strong>et</strong></span> <span class='ocrx_word' id='word_1_39' title='bbox 753 1599 877 1694; x_wconf 89' lang='lat' dir='ltr'><strong>animi,</strong></span> <span class='ocrx_word' id='word_1_40' title='bbox 904 1598 1041 1674; x_wconf 87' lang='lat' dir='ltr'><strong>scilicet</strong></span> <span class='ocrx_word' id='word_1_41' title='bbox 1064 1619 1086 1672; x_wconf 89' lang='lat' dir='ltr'><strong>a</strong></span> <span class='ocrx_word' id='word_1_42' title='bbox 1114 1599 1321 1675; x_wconf 88' lang='lat' dir='ltr'><strong>virtutibus.</strong></span> <span class='ocrx_word' id='word_1_43' title='bbox 1342 1599 1414 1675; x_wconf 92' lang='lat' dir='ltr'><strong>Sed</strong></span> <span class='ocrx_word' id='word_1_44' title='bbox 1433 1607 1634 1698; x_wconf 87' lang='lat' dir='ltr'><strong>antequam</strong></span> <span class='ocrx_word' id='word_1_45' title='bbox 1656 1603 1801 1678; x_wconf 88' lang='lat' dir='ltr'><strong>veniam</strong></span> <span class='ocrx_word' id='word_1_46' title='bbox 1818 1601 1865 1677; x_wconf 91' lang='lat' dir='ltr'><strong>ad</strong></span> 
     </span>
     <span class='ocr_line' id='line_1_7' title="bbox 691 1719 1865 1816; baseline -0.002 -16"><span class='ocrx_word' id='word_1_47' title='bbox 691 1720 955 1816; x_wconf 80' lang='lat' dir='ltr'><strong>expositionem</strong></span> <span class='ocrx_word' id='word_1_48' title='bbox 982 1719 1108 1814; x_wconf 85' lang='lat' dir='ltr'><strong>literae,</strong></span> <span class='ocrx_word' id='word_1_49' title='bbox 1134 1719 1254 1815; x_wconf 92' lang='lat' dir='ltr'><strong>primo</strong></span> <span class='ocrx_word' id='word_1_50' title='bbox 1285 1726 1340 1796; x_wconf 89' lang='lat' dir='ltr'><strong>est</strong></span> <span class='ocrx_word' id='word_1_51' title='bbox 1371 1721 1518 1797; x_wconf 86' lang='lat' dir='ltr'><strong>curiose</strong></span> <span class='ocrx_word' id='word_1_52' title='bbox 1549 1721 1788 1798; x_wconf 89' lang='lat' dir='ltr'><strong>insistendum</strong></span> <span class='ocrx_word' id='word_1_53' title='bbox 1818 1723 1865 1798; x_wconf 94' lang='lat' dir='ltr'><strong>ad</strong></span> 
     </span>
     <span class='ocr_line' id='line_1_8' title="bbox 691 1839 1866 1939; baseline 0.002 -23"><span class='ocrx_word' id='word_1_54' title='bbox 691 1841 893 1916; x_wconf 91' lang='lat' dir='ltr'><strong>tollendum</strong></span> <span class='ocrx_word' id='word_1_55' title='bbox 910 1861 1034 1915; x_wconf 87' lang='lat' dir='ltr'><strong>unam</strong></span> <span class='ocrx_word' id='word_1_56' title='bbox 1060 1839 1338 1936; x_wconf 76' lang='lat' dir='ltr'><strong>dubitationem,</strong></span> <span class='ocrx_word' id='word_1_57' title='bbox 1359 1861 1444 1936; x_wconf 81' lang='lat' dir='ltr'><strong>quae</strong></span> <span class='ocrx_word' id='word_1_58' title='bbox 1468 1863 1598 1916; x_wconf 92' lang='lat' dir='ltr'><strong>omnes</strong></span> <span class='ocrx_word' id='word_1_59' title='bbox 1623 1841 1866 1939; x_wconf 80' lang='lat' dir='ltr'><strong>intelligentes</strong></span> 
     </span>
     <span class='ocr_line' id='line_1_9' title="bbox 690 1959 1865 2059; baseline 0.002 -23"><span class='ocrx_word' id='word_1_60' title='bbox 690 1961 837 2036; x_wconf 83' lang='lat' dir='ltr'><strong>adducit</strong></span> <span class='ocrx_word' id='word_1_61' title='bbox 861 1960 899 2034; x_wconf 97' lang='lat' dir='ltr'><strong>in</strong></span> <span class='ocrx_word' id='word_1_62' title='bbox 925 1981 1097 2056; x_wconf 88' lang='lat' dir='ltr'><strong>magnam</strong></span> <span class='ocrx_word' id='word_1_63' title='bbox 1131 1959 1426 2056; x_wconf 80' lang='lat' dir='ltr'><strong>admirationem,</strong></span> <span class='ocrx_word' id='word_1_64' title='bbox 1452 1961 1589 2038; x_wconf 91' lang='lat' dir='ltr'><strong>scilicet</strong></span> <span class='ocrx_word' id='word_1_65' title='bbox 1614 1983 1733 2057; x_wconf 87' lang='lat' dir='ltr'><strong>quare</strong></span> <span class='ocrx_word' id='word_1_66' title='bbox 1756 1970 1865 2059; x_wconf 85' lang='lat' dir='ltr'><strong>poeta</strong></span> 
     </span>
     <span class='ocr_line' id='line_1_10' title="bbox 689 2079 1865 2178; baseline 0 -22"><span class='ocrx_word' id='word_1_67' title='bbox 689 2087 814 2156; x_wconf 89' lang='lat' dir='ltr'><strong>noster</strong></span> <span class='ocrx_word' id='word_1_68' title='bbox 840 2101 913 2154; x_wconf 95' lang='lat' dir='ltr'><strong>non</strong></span> <span class='ocrx_word' id='word_1_69' title='bbox 938 2080 1059 2176; x_wconf 92' lang='lat' dir='ltr'><strong>potius</strong></span> <span class='ocrx_word' id='word_1_70' title='bbox 1084 2079 1222 2154; x_wconf 90' lang='lat' dir='ltr'><strong>inducit</strong></span> <span class='ocrx_word' id='word_1_71' title='bbox 1246 2081 1305 2155; x_wconf 93' lang='lat' dir='ltr'><strong>bic</strong></span> <span class='ocrx_word' id='word_1_72' title='bbox 1330 2081 1507 2158; x_wconf 88' lang='lat' dir='ltr'><strong>Catonem</strong></span> <span class='ocrx_word' id='word_1_73' title='bbox 1532 2082 1774 2178; x_wconf 89' lang='lat' dir='ltr'><strong>superiorem,</strong></span> <span class='ocrx_word' id='word_1_74' title='bbox 1800 2081 1865 2177; x_wconf 88' lang='lat' dir='ltr'><strong>qui</strong></span> 
     </span>
     <span class='ocr_line' id='line_1_11' title="bbox 690 2201 1866 2297; baseline 0.002 -21"><span class='ocrx_word' id='word_1_75' title='bbox 690 2201 758 2278; x_wconf 89' lang='lat' dir='ltr'><strong>luit</strong></span> <span class='ocrx_word' id='word_1_76' title='bbox 783 2202 943 2297; x_wconf 93' lang='lat' dir='ltr'><strong>optimus</strong></span> <span class='ocrx_word' id='word_1_77' title='bbox 968 2221 1118 2275; x_wconf 92' lang='lat' dir='ltr'><strong>morum</strong></span> <span class='ocrx_word' id='word_1_78' title='bbox 1151 2220 1293 2296; x_wconf 88' lang='lat' dir='ltr'><strong>censor,</strong></span> <span class='ocrx_word' id='word_1_79' title='bbox 1319 2209 1357 2277; x_wconf 92' lang='lat' dir='ltr'><strong>et</strong></span> <span class='ocrx_word' id='word_1_80' title='bbox 1382 2201 1543 2276; x_wconf 78' lang='lat' dir='ltr'><strong>correxit</strong></span> <span class='ocrx_word' id='word_1_81' title='bbox 1568 2202 1606 2276; x_wconf 94' lang='lat' dir='ltr'><strong>in</strong></span> <span class='ocrx_word' id='word_1_82' title='bbox 1631 2203 1725 2278; x_wconf 91' lang='lat' dir='ltr'><strong>urbe</strong></span> <span class='ocrx_word' id='word_1_83' title='bbox 1751 2202 1866 2278; x_wconf 90' lang='lat' dir='ltr'><strong>mira-</strong></span> 
     </span>
    </p>
   </div>
   <div class='ocr_carea' id='block_1_3' title="bbox 689 2321 1865 2898">
    <p class='ocr_par' dir='ltr' id='par_1_3' title="bbox 689 2321 1865 2898">
     <span class='ocr_line' id='line_1_12' title="bbox 689 2321 1865 2418; baseline 0 -22"><span class='ocrx_word' id='word_1_84' title='bbox 689 2322 810 2397; x_wconf 91' lang='lat' dir='ltr'><strong>biliter</strong></span> <span class='ocrx_word' id='word_1_85' title='bbox 837 2323 952 2396; x_wconf 88' lang='lat' dir='ltr'><strong>malos</strong></span> <span class='ocrx_word' id='word_1_86' title='bbox 979 2340 1113 2415; x_wconf 89' lang='lat' dir='ltr'><strong>mores,</strong></span> <span class='ocrx_word' id='word_1_87' title='bbox 1140 2331 1178 2397; x_wconf 91' lang='lat' dir='ltr'><strong>et</strong></span> <span class='ocrx_word' id='word_1_88' title='bbox 1202 2321 1330 2396; x_wconf 89' lang='lat' dir='ltr'><strong>babuit</strong></span> <span class='ocrx_word' id='word_1_89' title='bbox 1355 2321 1543 2418; x_wconf 77' lang='lat' dir='ltr'><strong>ingenium</strong></span> <span class='ocrx_word' id='word_1_90' title='bbox 1574 2321 1752 2418; x_wconf 88' lang='lat' dir='ltr'><strong>divinum,</strong></span> <span class='ocrx_word' id='word_1_91' title='bbox 1777 2343 1865 2398; x_wconf 85' lang='lat' dir='ltr'><strong>rer-</strong></span> 
     </span>
     <span class='ocr_line' id='line_1_13' title="bbox 689 2441 1864 2537; baseline 0.001 -20"><span class='ocrx_word' id='word_1_92' title='bbox 689 2443 792 2518; x_wconf 91' lang='lat' dir='ltr'><strong>satile</strong></span> <span class='ocrx_word' id='word_1_93' title='bbox 816 2443 863 2516; x_wconf 91' lang='lat' dir='ltr'><strong>ad</strong></span> <span class='ocrx_word' id='word_1_94' title='bbox 887 2442 1037 2516; x_wconf 77' lang='lat' dir='ltr'><strong>omnia?</strong></span> <span class='ocrx_word' id='word_1_95' title='bbox 1062 2448 1099 2516; x_wconf 94' lang='lat' dir='ltr'><strong>et</strong></span> <span class='ocrx_word' id='word_1_96' title='bbox 1125 2448 1168 2516; x_wconf 91' lang='lat' dir='ltr'><strong>ut</strong></span> <span class='ocrx_word' id='word_1_97' title='bbox 1192 2441 1315 2517; x_wconf 88' lang='lat' dir='ltr'><strong>videas</strong></span> <span class='ocrx_word' id='word_1_98' title='bbox 1340 2443 1440 2517; x_wconf 89' lang='lat' dir='ltr'><strong>clare</strong></span> <span class='ocrx_word' id='word_1_99' title='bbox 1457 2443 1557 2537; x_wconf 90' lang='lat' dir='ltr'><strong>quod</strong></span> <span class='ocrx_word' id='word_1_100' title='bbox 1581 2465 1656 2518; x_wconf 96' lang='lat' dir='ltr'><strong>non</strong></span> <span class='ocrx_word' id='word_1_101' title='bbox 1677 2443 1864 2518; x_wconf 89' lang='lat' dir='ltr'><strong>immerito</strong></span> 
     </span>
     <span class='ocr_line' id='line_1_14' title="bbox 690 2562 1863 2661; baseline -0.003 -22"><span class='ocrx_word' id='word_1_102' title='bbox 690 2566 874 2640; x_wconf 89' lang='lat' dir='ltr'><strong>mirantur</strong></span> <span class='ocrx_word' id='word_1_103' title='bbox 899 2563 946 2638; x_wconf 90' lang='lat' dir='ltr'><strong>de</strong></span> <span class='ocrx_word' id='word_1_104' title='bbox 971 2564 1052 2657; x_wconf 89' lang='lat' dir='ltr'><strong>boc,</strong></span> <span class='ocrx_word' id='word_1_105' title='bbox 1079 2568 1133 2636; x_wconf 91' lang='lat' dir='ltr'><strong>est</strong></span> <span class='ocrx_word' id='word_1_106' title='bbox 1163 2562 1453 2638; x_wconf 86' lang='lat' dir='ltr'><strong>consideratione</strong></span> <span class='ocrx_word' id='word_1_107' title='bbox 1482 2564 1737 2661; x_wconf 88' lang='lat' dir='ltr'><strong>dignissimum</strong></span> <span class='ocrx_word' id='word_1_108' title='bbox 1763 2562 1863 2658; x_wconf 86' lang='lat' dir='ltr'><strong>quod</strong></span> 
     </span>
     <span class='ocr_line' id='line_1_15' title="bbox 689 2683 1862 2780; baseline -0.002 -20"><span class='ocrx_word' id='word_1_109' title='bbox 689 2684 795 2760; x_wconf 91' lang='lat' dir='ltr'><strong>multi</strong></span> <span class='ocrx_word' id='word_1_110' title='bbox 821 2684 971 2759; x_wconf 90' lang='lat' dir='ltr'><strong>luerunt</strong></span> <span class='ocrx_word' id='word_1_111' title='bbox 996 2683 1164 2776; x_wconf 86' lang='lat' dir='ltr'><strong>Catones,</strong></span> <span class='ocrx_word' id='word_1_112' title='bbox 1185 2689 1274 2778; x_wconf 90' lang='lat' dir='ltr'><strong>puta</strong></span> <span class='ocrx_word' id='word_1_113' title='bbox 1300 2688 1440 2778; x_wconf 87' lang='lat' dir='ltr'><strong>septem</strong></span> <span class='ocrx_word' id='word_1_114' title='bbox 1457 2683 1504 2758; x_wconf 93' lang='lat' dir='ltr'><strong>de</strong></span> <span class='ocrx_word' id='word_1_115' title='bbox 1520 2684 1649 2760; x_wconf 90' lang='lat' dir='ltr'><strong>eodem</strong></span> <span class='ocrx_word' id='word_1_116' title='bbox 1671 2683 1862 2780; x_wconf 85' lang='lat' dir='ltr'><strong>sanguine,</strong></span> 
     </span>
     <span class='ocr_line' id='line_1_16' title="bbox 690 2785 1862 2898; baseline -0.003 -19"><span class='ocrx_word' id='word_1_117' title='bbox 690 2806 786 2880; x_wconf 87' lang='lat' dir='ltr'><strong>sicut</strong></span> <span class='ocrx_word' id='word_1_118' title='bbox 811 2810 910 2898; x_wconf 86' lang='lat' dir='ltr'><strong>patet</strong></span> <span class='ocrx_word' id='word_1_119' title='bbox 936 2823 1002 2898; x_wconf 94' lang='lat' dir='ltr'><strong>per</strong></span> <span class='ocrx_word' id='word_1_120' title='bbox 1022 2803 1062 2876; x_wconf 82' lang='grc' dir='ltr'><strong>Α.</strong></span> <span class='ocrx_word' id='word_1_121' title='bbox 1080 2802 1236 2878; x_wconf 91' lang='lat' dir='ltr'><strong>Gellium</strong></span> <span class='ocrx_word' id='word_1_122' title='bbox 1263 2803 1357 2877; x_wconf 92' lang='lat' dir='ltr'><strong>libro</strong></span> <span class='ocrx_word' id='word_1_123' title='bbox 1376 2785 1545 2878; x_wconf 90' lang='lat' dir='ltr'><strong>Noctium</strong></span> <span class='ocrx_word' id='word_1_124' title='bbox 1563 2802 1779 2896; x_wconf 77' lang='lat' dir='ltr'><strong>Atticarum,</strong></span> <span class='ocrx_word' id='word_1_125' title='bbox 1799 2802 1862 2876; x_wconf 93' lang='lat' dir='ltr'><strong>ubi</strong></span> 
     </span>
    </p>
   </div>
   <div class='ocr_carea' id='block_1_4' title="bbox 683 2923 1890 4948">
    <p class='ocr_par' dir='ltr' id='par_1_4' title="bbox 683 2923 1890 4948">
     <span class='ocr_line' id='line_1_17' title="bbox 691 2923 1862 3021; baseline -0.001 -21"><span class='ocrx_word' id='word_1_126' title='bbox 691 2931 822 3001; x_wconf 89' lang='lat' dir='ltr'><strong>tractat</strong></span> <span class='ocrx_word' id='word_1_127' title='bbox 848 2923 893 2998; x_wconf 91' lang='lat' dir='ltr'><strong>de</strong></span> <span class='ocrx_word' id='word_1_128' title='bbox 919 2924 1134 3021; x_wconf 84' lang='lat' dir='ltr'><strong>genealogia</strong></span> <span class='ocrx_word' id='word_1_129' title='bbox 1160 2923 1353 3018; x_wconf 82' lang='lat' dir='ltr'><strong>Catonum,</strong></span> <span class='ocrx_word' id='word_1_130' title='bbox 1371 2943 1532 3018; x_wconf 87' lang='lat' dir='ltr'><strong>quorum</strong></span> <span class='ocrx_word' id='word_1_131' title='bbox 1551 2924 1694 3020; x_wconf 89' lang='lat' dir='ltr'><strong>primus</strong></span> <span class='ocrx_word' id='word_1_132' title='bbox 1713 2931 1752 2999; x_wconf 92' lang='lat' dir='ltr'><strong>et</strong></span> <span class='ocrx_word' id='word_1_133' title='bbox 1773 2925 1862 2999; x_wconf 95' lang='lat' dir='ltr'><strong>ulti·</strong></span> 
     </span>
     <span class='ocr_line' id='line_1_18' title="bbox 688 3044 1862 3140; baseline 0 -20"><span class='ocrx_word' id='word_1_134' title='bbox 688 3068 773 3122; x_wconf 91' lang='lat' dir='ltr'><strong>mus</strong></span> <span class='ocrx_word' id='word_1_135' title='bbox 800 3046 950 3120; x_wconf 91' lang='lat' dir='ltr'><strong>luerunt</strong></span> <span class='ocrx_word' id='word_1_136' title='bbox 975 3045 1042 3120; x_wconf 86' lang='lat' dir='ltr'><strong>riri</strong></span> <span class='ocrx_word' id='word_1_137' title='bbox 1068 3045 1366 3140; x_wconf 86' lang='lat' dir='ltr'><strong>praestantissimi,</strong></span> <span class='ocrx_word' id='word_1_138' title='bbox 1392 3044 1527 3120; x_wconf 82' lang='lat' dir='ltr'><strong>scilieet</strong></span> <span class='ocrx_word' id='word_1_139' title='bbox 1551 3045 1641 3120; x_wconf 83' lang='lat' dir='ltr'><strong>Cato</strong></span> <span class='ocrx_word' id='word_1_140' title='bbox 1666 3047 1862 3122; x_wconf 86' lang='lat' dir='ltr'><strong>Censorius</strong></span> 
     </span>
     <span class='ocr_line' id='line_1_19' title="bbox 688 3165 1860 3261; baseline -0.003 -17"><span class='ocrx_word' id='word_1_141' title='bbox 688 3173 726 3244; x_wconf 93' lang='lat' dir='ltr'><strong>et</strong></span> <span class='ocrx_word' id='word_1_142' title='bbox 757 3165 940 3243; x_wconf 86' lang='lat' dir='ltr'><strong>Uticensis.</strong></span> <span class='ocrx_word' id='word_1_143' title='bbox 977 3167 1066 3241; x_wconf 87' lang='lat' dir='ltr'><strong>Cato</strong></span> <span class='ocrx_word' id='word_1_144' title='bbox 1100 3166 1200 3261; x_wconf 89' lang='lat' dir='ltr'><strong>prior</strong></span> <span class='ocrx_word' id='word_1_145' title='bbox 1224 3165 1403 3240; x_wconf 90' lang='lat' dir='ltr'><strong>oriundus</strong></span> <span class='ocrx_word' id='word_1_146' title='bbox 1437 3166 1483 3241; x_wconf 92' lang='lat' dir='ltr'><strong>de</strong></span> <span class='ocrx_word' id='word_1_147' title='bbox 1511 3165 1669 3240; x_wconf 85' lang='lat' dir='ltr'><strong>Tusculo</strong></span> <span class='ocrx_word' id='word_1_148' title='bbox 1702 3167 1860 3259; x_wconf 82' lang='lat' dir='ltr'><strong>civitate,</strong></span> 
     </span>
     <span class='ocr_line' id='line_1_20' title="bbox 689 3285 1858 3384; baseline -0.002 -22"><span class='ocrx_word' id='word_1_149' title='bbox 689 3309 849 3384; x_wconf 85' lang='lat' dir='ltr'><strong>proavus</strong></span> <span class='ocrx_word' id='word_1_150' title='bbox 874 3287 976 3361; x_wconf 90' lang='lat' dir='ltr'><strong>istius</strong></span> <span class='ocrx_word' id='word_1_151' title='bbox 1006 3286 1152 3362; x_wconf 86' lang='lat' dir='ltr'><strong>Catonis</strong></span> <span class='ocrx_word' id='word_1_152' title='bbox 1181 3285 1367 3379; x_wconf 89' lang='lat' dir='ltr'><strong>Uticensis,</strong></span> <span class='ocrx_word' id='word_1_153' title='bbox 1393 3285 1535 3380; x_wconf 86' lang='lat' dir='ltr'><strong>primus</strong></span> <span class='ocrx_word' id='word_1_154' title='bbox 1566 3286 1667 3360; x_wconf 84' lang='lat' dir='ltr'><strong>venit</strong></span> <span class='ocrx_word' id='word_1_155' title='bbox 1691 3287 1858 3362; x_wconf 88' lang='lat' dir='ltr'><strong>Romam.</strong></span> 
     </span>
     <span class='ocr_line' id='line_1_21' title="bbox 689 3405 1861 3505; baseline -0.001 -22"><span class='ocrx_word' id='word_1_156' title='bbox 689 3411 786 3505; x_wconf 87' lang='lat' dir='ltr'><strong>Ergo</strong></span> <span class='ocrx_word' id='word_1_157' title='bbox 803 3410 847 3482; x_wconf 90' lang='lat' dir='ltr'><strong>M.</strong></span> <span class='ocrx_word' id='word_1_158' title='bbox 866 3406 1016 3482; x_wconf 84' lang='lat' dir='ltr'><strong>Porcius</strong></span> <span class='ocrx_word' id='word_1_159' title='bbox 1042 3407 1144 3501; x_wconf 85' lang='lat' dir='ltr'><strong>Cato,</strong></span> <span class='ocrx_word' id='word_1_160' title='bbox 1161 3427 1184 3480; x_wconf 93' lang='lat' dir='ltr'><strong>a</strong></span> <span class='ocrx_word' id='word_1_161' title='bbox 1204 3427 1280 3501; x_wconf 88' lang='lat' dir='ltr'><strong>quo</strong></span> <span class='ocrx_word' id='word_1_162' title='bbox 1299 3405 1423 3480; x_wconf 81' lang='lat' dir='ltr'><strong>Pontia</strong></span> <span class='ocrx_word' id='word_1_163' title='bbox 1441 3405 1577 3480; x_wconf 83' lang='lat' dir='ltr'><strong>familia</strong></span> <span class='ocrx_word' id='word_1_164' title='bbox 1593 3405 1773 3502; x_wconf 90' lang='lat' dir='ltr'><strong>originem</strong></span> <span class='ocrx_word' id='word_1_165' title='bbox 1794 3408 1861 3482; x_wconf 86' lang='lat' dir='ltr'><strong>ba-</strong></span> 
     </span>
     <span class='ocr_line' id='line_1_22' title="bbox 687 3520 1861 3629; baseline 0 -25"><span class='ocrx_word' id='word_1_166' title='bbox 687 3530 779 3624; x_wconf 89' lang='lat' dir='ltr'><strong>buit,</strong></span> <span class='ocrx_word' id='word_1_167' title='bbox 798 3527 944 3604; x_wconf 90' lang='lat' dir='ltr'><strong>videtur</strong></span> <span class='ocrx_word' id='word_1_168' title='bbox 960 3526 1129 3629; x_wconf 83' lang='lat' dir='ltr'><strong>superior</strong></span> <span class='ocrx_word' id='word_1_169' title='bbox 1142 3526 1281 3600; x_wconf 85' lang='lat' dir='ltr'><strong>Catone</strong></span> <span class='ocrx_word' id='word_1_170' title='bbox 1296 3520 1503 3621; x_wconf 85' lang='lat' dir='ltr'><strong>posteriore</strong></span> <span class='ocrx_word' id='word_1_171' title='bbox 1513 3546 1587 3600; x_wconf 95' lang='lat' dir='ltr'><strong>non</strong></span> <span class='ocrx_word' id='word_1_172' title='bbox 1607 3526 1727 3601; x_wconf 90' lang='lat' dir='ltr'><strong>solum</strong></span> <span class='ocrx_word' id='word_1_173' title='bbox 1740 3533 1861 3620; x_wconf 84' lang='lat' dir='ltr'><strong>aetate,</strong></span> 
     </span>
     <span class='ocr_line' id='line_1_23' title="bbox 688 3644 1860 3743; baseline -0.004 -17"><span class='ocrx_word' id='word_1_174' title='bbox 688 3649 751 3726; x_wconf 91' lang='lat' dir='ltr'><strong>sed</strong></span> <span class='ocrx_word' id='word_1_175' title='bbox 778 3649 913 3724; x_wconf 89' lang='lat' dir='ltr'><strong>virtute</strong></span> <span class='ocrx_word' id='word_1_176' title='bbox 938 3654 976 3721; x_wconf 93' lang='lat' dir='ltr'><strong>et</strong></span> <span class='ocrx_word' id='word_1_177' title='bbox 1001 3646 1181 3743; x_wconf 89' lang='lat' dir='ltr'><strong>probitate</strong></span> <span class='ocrx_word' id='word_1_178' title='bbox 1206 3644 1407 3739; x_wconf 87' lang='lat' dir='ltr'><strong>multiplici.</strong></span> <span class='ocrx_word' id='word_1_179' title='bbox 1439 3647 1531 3720; x_wconf 89' lang='lat' dir='ltr'><strong>Nam</strong></span> <span class='ocrx_word' id='word_1_180' title='bbox 1561 3646 1681 3742; x_wconf 92' lang='lat' dir='ltr'><strong>primo</strong></span> <span class='ocrx_word' id='word_1_181' title='bbox 1711 3646 1860 3741; x_wconf 85' lang='lat' dir='ltr'><strong>quidem</strong></span> 
     </span>
     <span class='ocr_line' id='line_1_24' title="bbox 687 3763 1861 3866; baseline -0.003 -23"><span class='ocrx_word' id='word_1_182' title='bbox 687 3769 895 3866; x_wconf 91' lang='lat' dir='ltr'><strong>promeruit</strong></span> <span class='ocrx_word' id='word_1_183' title='bbox 925 3786 1131 3862; x_wconf 85' lang='lat' dir='ltr'><strong>cognomen</strong></span> <span class='ocrx_word' id='word_1_184' title='bbox 1166 3765 1353 3862; x_wconf 87' lang='lat' dir='ltr'><strong>singulare</strong></span> <span class='ocrx_word' id='word_1_185' title='bbox 1386 3763 1582 3860; x_wconf 82' lang='lat' dir='ltr'><strong>sapientie,</strong></span> <span class='ocrx_word' id='word_1_186' title='bbox 1612 3766 1650 3840; x_wconf 94' lang='lat' dir='ltr'><strong>in</strong></span> <span class='ocrx_word' id='word_1_187' title='bbox 1683 3788 1757 3860; x_wconf 89' lang='lat' dir='ltr'><strong>qua</strong></span> <span class='ocrx_word' id='word_1_188' title='bbox 1785 3787 1861 3844; x_wconf 90' lang='lat' dir='ltr'><strong>non</strong></span> 
     </span>
     <span class='ocr_line' id='line_1_25' title="bbox 687 3883 1858 3982; baseline -0.005 -16"><span class='ocrx_word' id='word_1_189' title='bbox 687 3891 833 3966; x_wconf 88' lang='lat' dir='ltr'><strong>videtur</strong></span> <span class='ocrx_word' id='word_1_190' title='bbox 859 3887 997 3961; x_wconf 88' lang='lat' dir='ltr'><strong>babere</strong></span> <span class='ocrx_word' id='word_1_191' title='bbox 1031 3905 1170 3981; x_wconf 88' lang='lat' dir='ltr'><strong>parem,</strong></span> <span class='ocrx_word' id='word_1_192' title='bbox 1201 3883 1248 3960; x_wconf 91' lang='lat' dir='ltr'><strong>de</strong></span> <span class='ocrx_word' id='word_1_193' title='bbox 1281 3884 1440 3958; x_wconf 90' lang='lat' dir='ltr'><strong>naturali</strong></span> <span class='ocrx_word' id='word_1_194' title='bbox 1472 3885 1647 3980; x_wconf 88' lang='lat' dir='ltr'><strong>sapientia</strong></span> <span class='ocrx_word' id='word_1_195' title='bbox 1673 3885 1858 3982; x_wconf 83' lang='lat' dir='ltr'><strong>intelligc3</strong></span> 
     </span>
     <span class='ocr_line' id='line_1_26' title="bbox 687 4004 1890 4102; baseline -0.005 -16"><span class='ocrx_word' id='word_1_196' title='bbox 687 4019 725 4086; x_wconf 92' lang='lat' dir='ltr'><strong>et</strong></span> <span class='ocrx_word' id='word_1_197' title='bbox 750 4031 824 4085; x_wconf 93' lang='lat' dir='ltr'><strong>non</strong></span> <span class='ocrx_word' id='word_1_198' title='bbox 849 4009 969 4084; x_wconf 90' lang='lat' dir='ltr'><strong>solum</strong></span> <span class='ocrx_word' id='word_1_199' title='bbox 996 4027 1171 4102; x_wconf 86' lang='lat' dir='ltr'><strong>magnam</strong></span> <span class='ocrx_word' id='word_1_200' title='bbox 1197 4004 1424 4100; x_wconf 89' lang='lat' dir='ltr'><strong>sapientiam,</strong></span> <span class='ocrx_word' id='word_1_201' title='bbox 1450 4004 1514 4080; x_wconf 88' lang='lat' dir='ltr'><strong>sed</strong></span> <span class='ocrx_word' id='word_1_202' title='bbox 1546 4005 1657 4081; x_wconf 87' lang='lat' dir='ltr'><strong>etiam</strong></span> <span class='ocrx_word' id='word_1_203' title='bbox 1683 4019 1890 4102; x_wconf 81' lang='lat' dir='ltr'><strong>magnam·</strong></span> 
     </span>
     <span class='ocr_line' id='line_1_27' title="bbox 688 4123 1858 4220; baseline -0.006 -14"><span class='ocrx_word' id='word_1_204' title='bbox 688 4125 875 4206; x_wconf 80' lang='lat' dir='ltr'><strong>scientiam</strong></span> <span class='ocrx_word' id='word_1_205' title='bbox 902 4129 1115 4220; x_wconf 76' lang='lat' dir='ltr'><strong>literarum,</strong></span> <span class='ocrx_word' id='word_1_206' title='bbox 1142 4145 1211 4200; x_wconf 90' lang='lat' dir='ltr'><strong>nec</strong></span> <span class='ocrx_word' id='word_1_207' title='bbox 1236 4125 1355 4199; x_wconf 89' lang='lat' dir='ltr'><strong>solum</strong></span> <span class='ocrx_word' id='word_1_208' title='bbox 1374 4123 1486 4198; x_wconf 89' lang='lat' dir='ltr'><strong>literis</strong></span> <span class='ocrx_word' id='word_1_209' title='bbox 1512 4124 1642 4219; x_wconf 87' lang='lat' dir='ltr'><strong>latinis,</strong></span> <span class='ocrx_word' id='word_1_210' title='bbox 1660 4125 1724 4200; x_wconf 90' lang='lat' dir='ltr'><strong>sed</strong></span> <span class='ocrx_word' id='word_1_211' title='bbox 1745 4126 1858 4200; x_wconf 89' lang='lat' dir='ltr'><strong>etiam</strong></span> 
     </span>
     <span class='ocr_line' id='line_1_28' title="bbox 686 4243 1858 4350; baseline -0.005 -25"><span class='ocrx_word' id='word_1_212' title='bbox 686 4251 817 4350; x_wconf 86' lang='lat' dir='ltr'><strong>graecis</strong></span> <span class='ocrx_word' id='word_1_213' title='bbox 841 4269 994 4346; x_wconf 89' lang='lat' dir='ltr'><strong>operam</strong></span> <span class='ocrx_word' id='word_1_214' title='bbox 1020 4246 1128 4341; x_wconf 81' lang='lat' dir='ltr'><strong>dedit,</strong></span> <span class='ocrx_word' id='word_1_215' title='bbox 1155 4265 1240 4321; x_wconf 90' lang='lat' dir='ltr'><strong>cum</strong></span> <span class='ocrx_word' id='word_1_216' title='bbox 1268 4251 1392 4319; x_wconf 82' lang='lat' dir='ltr'><strong>tannen</strong></span> <span class='ocrx_word' id='word_1_217' title='bbox 1413 4243 1543 4318; x_wconf 90' lang='lat' dir='ltr'><strong>latinas</strong></span> <span class='ocrx_word' id='word_1_218' title='bbox 1556 4245 1637 4340; x_wconf 84' lang='lat' dir='ltr'><strong>jam</strong></span> <span class='ocrx_word' id='word_1_219' title='bbox 1655 4246 1779 4321; x_wconf 90' lang='lat' dir='ltr'><strong>senior</strong></span> <span class='ocrx_word' id='word_1_220' title='bbox 1802 4245 1858 4320; x_wconf 95' lang='lat' dir='ltr'><strong>di-</strong></span> 
     </span>
     <span class='ocr_line' id='line_1_29' title="bbox 685 4366 1858 4466; baseline -0.004 -18"><span class='ocrx_word' id='word_1_221' title='bbox 685 4373 839 4448; x_wconf 89' lang='lat' dir='ltr'><strong>dicisset.</strong></span> <span class='ocrx_word' id='word_1_222' title='bbox 862 4369 1010 4466; x_wconf 85' lang='lat' dir='ltr'><strong>Scripsit</strong></span> <span class='ocrx_word' id='word_1_223' title='bbox 1035 4367 1170 4442; x_wconf 92' lang='lat' dir='ltr'><strong>librum</strong></span> <span class='ocrx_word' id='word_1_224' title='bbox 1196 4369 1239 4440; x_wconf 81' lang='lat' dir='ltr'><strong>dc</strong></span> <span class='ocrx_word' id='word_1_225' title='bbox 1264 4366 1469 4457; x_wconf 64' lang='lat' dir='ltr'><strong>ongintbuc</strong></span> <span class='ocrx_word' id='word_1_226' title='bbox 1494 4386 1588 4461; x_wconf 93' lang='lat' dir='ltr'><strong>opus</strong></span> <span class='ocrx_word' id='word_1_227' title='bbox 1606 4367 1802 4461; x_wconf 81' lang='lat' dir='ltr'><strong>famosum,</strong></span> <span class='ocrx_word' id='word_1_228' title='bbox 1820 4376 1858 4443; x_wconf 90' lang='lat' dir='ltr'><strong>et</strong></span> 
     </span>
     <span class='ocr_line' id='line_1_30' title="bbox 685 4485 1858 4583; baseline -0.009 -14"><span class='ocrx_word' id='word_1_229' title='bbox 685 4495 821 4571; x_wconf 92' lang='lat' dir='ltr'><strong>librum</strong></span> <span class='ocrx_word' id='word_1_230' title='bbox 847 4494 890 4568; x_wconf 83' lang='lat' dir='ltr'><strong>de</strong></span> <span class='ocrx_word' id='word_1_231' title='bbox 915 4491 1135 4582; x_wconf 67' lang='lat' dir='ltr'><strong>apnmttura</strong></span> <span class='ocrx_word' id='word_1_232' title='bbox 1146 4515 1163 4583; x_wconf 77' lang='lat'><strong>,-</strong></span> <span class='ocrx_word' id='word_1_233' title='bbox 1193 4487 1261 4563; x_wconf 87' lang='lat' dir='ltr'><strong>luit</strong></span> <span class='ocrx_word' id='word_1_234' title='bbox 1291 4485 1389 4561; x_wconf 91' lang='lat' dir='ltr'><strong>enirn</strong></span> <span class='ocrx_word' id='word_1_235' title='bbox 1421 4486 1583 4581; x_wconf 92' lang='lat' dir='ltr'><strong>optimus</strong></span> <span class='ocrx_word' id='word_1_236' title='bbox 1613 4486 1775 4583; x_wconf 86' lang='lat' dir='ltr'><strong>agricola</strong></span> <span class='ocrx_word' id='word_1_237' title='bbox 1800 4485 1858 4560; x_wconf 92' lang='lat' dir='ltr'><strong>sui</strong></span> 
     </span>
     <span class='ocr_line' id='line_1_31' title="bbox 687 4606 1859 4711; baseline -0.008 -21"><span class='ocrx_word' id='word_1_238' title='bbox 687 4613 871 4711; x_wconf 90' lang='lat' dir='ltr'><strong>temporis.</strong></span> <span class='ocrx_word' id='word_1_239' title='bbox 898 4613 1000 4687; x_wconf 89' lang='lat' dir='ltr'><strong>Ultra</strong></span> <span class='ocrx_word' id='word_1_240' title='bbox 1026 4609 1215 4686; x_wconf 88' lang='lat' dir='ltr'><strong>scientiam</strong></span> <span class='ocrx_word' id='word_1_241' title='bbox 1243 4627 1416 4704; x_wconf 88' lang='lat' dir='ltr'><strong>magnam</strong></span> <span class='ocrx_word' id='word_1_242' title='bbox 1438 4606 1567 4682; x_wconf 84' lang='lat' dir='ltr'><strong>babuit</strong></span> <span class='ocrx_word' id='word_1_243' title='bbox 1583 4606 1763 4682; x_wconf 87' lang='lat' dir='ltr'><strong>maiorem</strong></span> <span class='ocrx_word' id='word_1_244' title='bbox 1780 4606 1859 4681; x_wconf 92' lang='lat' dir='ltr'><strong>elo-</strong></span> 
     </span>
     <span class='ocr_line' id='line_1_32' title="bbox 685 4722 1859 4832; baseline -0.009 -21"><span class='ocrx_word' id='word_1_245' title='bbox 685 4733 873 4832; x_wconf 88' lang='lat' dir='ltr'><strong>quentiam</strong></span> <span class='ocrx_word' id='word_1_246' title='bbox 906 4753 1020 4826; x_wconf 89' lang='lat' dir='ltr'><strong>quam</strong></span> <span class='ocrx_word' id='word_1_247' title='bbox 1055 4729 1187 4823; x_wconf 89' lang='lat' dir='ltr'><strong>aliquis</strong></span> <span class='ocrx_word' id='word_1_248' title='bbox 1206 4722 1245 4821; x_wconf 82' lang='lat'><strong>(¹)</strong></span> <span class='ocrx_word' id='word_1_249' title='bbox 1276 4749 1367 4800; x_wconf 89' lang='lat' dir='ltr'><strong>suus</strong></span> <span class='ocrx_word' id='word_1_250' title='bbox 1398 4734 1741 4823; x_wconf 86' lang='lat' dir='ltr'><strong>contemporaneus,</strong></span> <span class='ocrx_word' id='word_1_251' title='bbox 1772 4725 1859 4820; x_wconf 84' lang='lat' dir='ltr'><strong>quia</strong></span> 
     </span>
     <span class='ocr_line' id='line_1_33' title="bbox 683 4845 1859 4948; baseline -0.011 -17"><span class='ocrx_word' id='word_1_252' title='bbox 683 4857 796 4932; x_wconf 87' lang='lat' dir='ltr'><strong>latina</strong></span> <span class='ocrx_word' id='word_1_253' title='bbox 822 4850 1031 4948; x_wconf 89' lang='lat' dir='ltr'><strong>eloquentia</strong></span> <span class='ocrx_word' id='word_1_254' title='bbox 1058 4849 1223 4924; x_wconf 90' lang='lat' dir='ltr'><strong>nondum</strong></span> <span class='ocrx_word' id='word_1_255' title='bbox 1244 4852 1466 4941; x_wconf 85' lang='lat' dir='ltr'><strong>pervenerat</strong></span> <span class='ocrx_word' id='word_1_256' title='bbox 1489 4845 1536 4922; x_wconf 89' lang='lat' dir='ltr'><strong>ad</strong></span> <span class='ocrx_word' id='word_1_257' title='bbox 1561 4867 1751 4920; x_wconf 89' lang='lat' dir='ltr'><strong>summurn</strong></span> <span class='ocrx_word' id='word_1_258' title='bbox 1776 4845 1859 4920; x_wconf 93' lang='lat' dir='ltr'><strong>cul·</strong></span> 
     </span>
    </p>
   </div>
   <div class='ocr_carea' id='block_1_5' title="bbox 747 5113 1328 5180">
    <p class='ocr_par' dir='ltr' id='par_1_5' title="bbox 747 5113 1328 5180">
     <span class='ocr_line' id='line_1_34' title="bbox 747 5113 1328 5180; baseline -0.019 -13"><span class='ocrx_word' id='word_1_259' title='bbox 747 5115 774 5178; x_wconf 82' lang='lat'><strong>(¹)</strong></span> <span class='ocrx_word' id='word_1_260' title='bbox 792 5118 846 5176; x_wconf 84' lang='lat'><strong>117,</strong></span> <span class='ocrx_word' id='word_1_261' title='bbox 863 5113 956 5180; x_wconf 81' lang='lat' dir='ltr'><strong>aliquis</strong></span> <span class='ocrx_word' id='word_1_262' title='bbox 970 5114 1042 5166; x_wconf 80' lang='lat' dir='ltr'><strong>nolus</strong></span> <span class='ocrx_word' id='word_1_263' title='bbox 1058 5126 1120 5164; x_wconf 83' lang='lat' dir='ltr'><strong>suus</strong></span> <span class='ocrx_word' id='word_1_264' title='bbox 1136 5116 1328 5174; x_wconf 73' lang='lat' dir='ltr'><strong>temporaneus.</strong></span> 
     </span>
    </p>
   </div>
   <div class='ocr_carea' id='block_1_6' title="bbox 0 0 2276 6841">
    <p class='ocr_par' dir='ltr' id='par_1_6' title="bbox 0 0 2276 6841">
     <span class='ocr_line' id='line_1_35' title="bbox 0 0 2276 6841; baseline 0 0"><span class='ocrx_word' id='word_1_265' title='bbox 0 0 2276 6841; x_wconf 95' lang='lat' dir='ltr'><strong> </strong></span> 
     </span>
    </p>
   </div>
  </div>
 </body>
</html>
