4542 6842
684 960 756 1027 242
1046 968 1251 1024 counurou
1274 969 1496 1025 ronexxonn

684 1114 792 1190 ttctt:
818 1136 891 1189 noa
914 1136 981 1189 aon
1006 1117 1175 1206 tantan,
1201 1114 1264 1209 qui
1288 1114 1359 1187 luit
1382 1114 1488 1189 raldo
1512 1114 1710 1207 virtuosus
1734 1134 1797 1186 aaa
1820 1116 1860 1187 di

683 1238 733 1309 aa
751 1238 887 1328 doceo,
904 1256 970 1331 per
996 1241 1136 1311 rectam
1162 1234 1295 1311 ineam
1315 1233 1512 1331 sanguinis.
1528 1234 1605 1309 Nee
1620 1233 1858 1331 degenerarit

683 1353 731 1428 alr
757 1375 814 1450 eo,
840 1356 933 1430 sient
957 1362 1067 1431 arnor
1092 1354 1182 1429 dixit
1206 1356 1245 1429 in
1266 1354 1429 1451 capitulo
1454 1352 1672 1450 praeeerlenti
1704 1352 1752 1428 de
1776 1354 1858 1427 titas

684 1475 893 1549 illustrium.
920 1476 1023 1551 Unde
1048 1476 1233 1551 Corradus
1256 1476 1373 1573 tangit
1389 1476 1615 1573 singularem
1632 1482 1758 1549 aetum
1779 1475 1857 1547 rir-

684 1597 771 1671 tutis
796 1617 884 1691 auae,
902 1597 1041 1672 dicens:
1068 1601 1102 1669 α’
1116 1600 1196 1670 imai
1214 1600 1336 1691 porlni
1359 1600 1512 1689 raam,
1529 1597 1622 1671 idest
1650 1586 1872 1690 raritatm,'

684 1719 744 1791 ote
769 1720 828 1810 poi
854 1722 996 1810 ruffino,
1028 1717 1129 1811 idest,
1156 1716 1234 1811 qni¹
1251 1716 1388 1792 inducit
1412 1721 1480 1791 ‘me
1509 1715 1557 1790 ad
1584 1716 1855 1811 purgatorium,

688 1837 749 1911 ubi
775 1838 899 1913 anima
923 1838 1109 1931 attinetur,
1136 1836 1230 1912 siout
1262 1858 1399 1912 aurum
1427 1836 1465 1911 in
1499 1836 1595 1932 igne.
1630 1835 1733 1911 Untle
1756 1842 1856 1930 nota,

687 1958 786 2053 qnod
813 1964 986 2033 narratur
1011 1956 1058 2032 de
1083 1958 1152 2032 isto
1183 1958 1357 2051 corrado,
1384 1958 1483 2051 quod
1508 1958 1658 2032 veniens
1682 1956 1729 2031 ad
1754 1976 1859 2031 mor·

686 2084 760 2153 tem
789 2078 866 2152 sine
893 2078 1005 2173 prole,
1031 2076 1157 2151 omnia
1181 2098 1248 2152 sua
1273 2078 1419 2152 <astella
1445 2076 1635 2152 condivisit
1652 2077 1747 2151 inter
1767 2096 1859 2151 eon-

687 2205 804 2275 sortes
830 2220 927 2293 suos,
954 2204 991 2275 et
1012 2198 1146 2293 praedia
1164 2198 1382 2272 eondonarit
1395 2190 1445 2292 C),
1463 2200 1661 2273 exhortans
1679 2218 1745 2272 eos
1759 2186 1858 2289 καθ)

687 2318 931 2394 concordiam.
947 2318 991 2391 ut
1005 2325 1131 2393 tamen
1149 2318 1328 2392 disoordia
1344 2318 1451 2392 hodie
1467 2318 1684 2392 disturbavit
1693 2308 1731 2410 (³)
1751 2317 1860 2391 istam

688 2438 853 2533 domum,
872 2438 966 2513 sieut
982 2448 1019 2514 et
1036 2437 1142 2531 quasi
1155 2444 1311 2512 eoeteras
1328 2438 1448 2513 ltaliae.
1467 2437 1585 2532 aliqui
1603 2445 1728 2512 tamen
1745 2456 1862 2531 erpo-
1990 2464 1994 2468 ²

690 2566 783 2631 nnnt
807 2558 913 2633 istam
937 2558 1084 2633 literam
1110 2558 1230 2651 aliter,
1247 2562 1285 2632 et
1301 2557 1437 2652 dieunt,
1458 2558 1557 2652 prrod
1582 2557 1765 2632 Corradus
1781 2556 1863 2631 vult

690 2677 1012 2771 conerematis
1038 2683 1181 2750 tanturn
1207 2677 1346 2752 amarit
1374 2698 1462 2751 suos
1475 2665 1513 2769 (⁸)
1540 2678 1575 2751 in
1603 2676 1860 2753 exaltationem

692 2818 770 2872 suae
787 2797 931 2890 domus,
949 2796 1048 2891 qood
1065 2796 1226 2893 neglexit
1242 2816 1354 2893 opera
1372 2795 1570 2891 meritoria,
1588 2796 1748 2872 intentus
1764 2796 1861 2871 eirea

692 2918 918 3012 temporalia,
944 2917 990 2992 de
1016 2938 1090 3011 quo
1115 2918 1175 2991 hie
1199 2924 1367 3013 expectat
1391 2918 1552 3013 pnrgari.
1567 2956 1617 2971 -
1633 2924 1677 3009 0,
1694 2920 1780 2991 otri
1803 2920 1861 2991 lai.

693 3038 758 3113 tlte
783 3046 890 3134 poeta
915 3037 1015 3133 ponit
1040 3058 1146 3111 suam
1173 3038 1446 3133 responsionem
1463 3036 1509 3110 all
1527 3038 1738 3132 petitionem
1760 3060 1862 3111 mar·

692 3156 899 3252 otilonis„et
921 3157 1062 3232 extollit
1086 3158 1241 3254 gloriam
1268 3178 1346 3231 suae
1370 3157 1503 3231 domus
1519 3178 1565 3231 ex
1583 3156 1746 3253 gererali
1762 3158 1862 3233 tama

693 3278 861 3352 omnium
886 3274 1090 3351 hominum.
1111 3277 1213 3352 Unde
1232 3277 1337 3352 dicit:
1354 3280 1482 3351 atarto
1499 3280 1561 3369 lui,
1578 3277 1680 3373 idest,
1699 3278 1748 3352 ilia
1773 3280 1865 3354 Cor·

696 3398 809 3473 rado:
835 3404 878 3490 O,
899 3397 1116 3475 admirative
1132 3398 1309 3493 loquitur,
1322 3402 1458 3490 maarai
1471 3420 1545 3471 aon
1562 3400 1618 3493 sai
1632 3420 1699 3492 per
1715 3402 1742 3472 a·
1756 3402 1868 3473 vorti

691 3522 806 3613 poesi,
825 3518 973 3613 seilicet,
998 3539 1064 3613 per
1095 3518 1234 3593 Vallem
1262 3519 1410 3613 Maorae3
1436 3525 1475 3594 et
1500 3539 1630 3593 verum
1657 3519 1753 3614 dicit,
1779 3520 1865 3613 qnia

695 3640 733 3714 in
745 3640 864 3714 uoco
881 3660 1085 3734 numquam
1105 3640 1227 3715 iuerat
1239 3640 1300 3733 ibi,
1313 3640 1377 3714 sed
1391 3646 1472 3735 post
1488 3639 1737 3735 expulsionem
1756 3660 1863 3715 suam

610 3856 612 3861 Ι
697 3760 768 3835 cito
794 3760 861 3834 luit
885 3759 958 3855 ibi3
984 3760 1047 3835 sed
1073 3760 1158 3835 licet
1181 3781 1256 3835 non
1286 3761 1418 3835 luerim
1451 3760 1500 3834 ibi
1530 3760 1779 3856 personaliter,
1810 3768 1869 3836 ta·

699 3901 784 3956 rnen
810 3880 931 3955 andivi
957 3902 1103 3976 semper
1127 3900 1217 3956 vera
1242 3880 1291 3956 tle
1317 3882 1428 3956 domo
1460 3888 1593 3957 restra.
1622 3882 1727 3956 Unde
1758 3881 1866 3957 dicit:

587 4082 589 4091 ,
697 4024 756 4075 ma
782 4006 869 4076 done
892 4005 925 4076 si
947 4004 1101 4094 dimoro,
1125 4001 1384 4096 inertiaque
1410 4008 1515 4097 parte
1531 4002 1571 4075 iit
1594 4001 1780 4097 habitatio,
1801 4024 1868 4097 per

697 4130 783 4197 tatto
800 4128 958 4215 littropm
976 4122 1039 4197 ubi
1064 4129 1119 4197 est
1141 4121 1303 4197 maxime
1319 4122 1418 4196 oritis
1436 4122 1667 4216 christianos,
1683 4124 1736 4195 clr'
1748 4125 1780 4196 ei
1794 4144 1868 4197 raon

697 4246 777 4317 aian
800 4228 941 4335 polest?
969 4241 1072 4336 illest,
1103 4242 1248 4338 publice
1275 4242 1434 4338 eognita,
1459 4248 1608 4337 propter
1641 4242 1867 4338 singularem
1975 4336 1978 4341 Ι

698 4363 872 4437 virtutem
908 4365 1151 4436 vestrorum?
1179 4362 1224 4435 Et
1254 4362 1495 4455 declaratae,
1525 4360 1672 4437 linens:
1704 4366 1741 4436 lo
1767 4368 1870 4459 {aare

698 4486 758 4557 otte
783 4486 819 4557 te
843 4490 965 4557 vostro
992 4504 1078 4556 roso
1108 4504 1239 4573 onom,
1264 4482 1367 4576 idest,
1399 4482 1652 4557 honorabilem
1682 4482 1803 4558 reddat
1830 4484 1870 4559 'xx

699 4602 948 4678 testimonium
977 4602 1131 4696 virtutis,
1165 4604 1273 4694 prilla
1300 4606 1316 4675 i
1342 4605 1492 4694 epaon,
1517 4602 1621 4695 idest,
1646 4603 1810 4678 ndebrat
1830 4610 1872 4680 et

700 4724 872 4818 praedieat
897 4723 1127 4798 marchiones
1152 4723 1377 4819 Malaspinas‚
1397 4746 1416 4795 e
1438 4726 1547 4815 pnite
1571 4726 1609 4797 to
1633 4720 1871 4818 renuatiari

700 4847 760 4919 cle
793 4866 836 4917 ae
866 4865 909 4917 aa
940 4846 996 4917 citi
1027 4864 1098 4917 non
1135 4847 1171 4917 ιτ·
1198 4848 1240 4938 su
1273 4865 1419 4918 maora.
1452 4844 1496 4917 tlt
1528 4844 1581 4919 sio
1614 4844 1726 4939 sarna,
1754 4867 1871 4939 quam

764 5030 790 5092 (¹)
807 5031 837 5081 E·
854 5030 967 5083 donarit.
1214 5028 1243 5095 (¹)
1259 5030 1290 5083 Ε.
1306 5031 1339 5081 ad
1354 5030 1506 5091 melodiam,
1523 5028 1749 5094 consortiumque.
1766 5030 1809 5083 ltt.

764 5108 791 5171 (⁸)
809 5108 839 5159 li.
855 5107 1026 5160 conturbavit.
1214 5109 1242 5171 θ)
1257 5108 1283 5159 S.
1299 5122 1314 5159 a
1331 5108 1361 5159 n.
1378 5121 1438 5159 auos
1453 5112 1481 5159 et
1495 5108 1687 5159 exaltationem.
