4542 6842
793 940 1121 1000 consuescamus.
1182 954 1185 969 ·
1497 936 1545 1002 97

370 1084 433 1177 qui
459 1085 711 1180 principaliter.
723 1088 890 1163 imitatur
903 1085 941 1183 (¹)
960 1092 1162 1189 Virgilium.
1182 1092 1266 1167 ldeo
1285 1094 1405 1168 statim
1424 1095 1548 1169 subdit

367 1204 468 1297 quod
483 1206 646 1301 prudens
662 1207 834 1305 Virgilius
847 1212 971 1305 paruit
984 1212 1068 1307 sibi3
1085 1213 1185 1287 unde
1198 1212 1302 1287 dicit:
1320 1220 1546 1306 puordommi

368 1327 500 1415 arura,
525 1326 661 1401 scilicet
694 1328 754 1403 ille
786 1330 969 1427 Virgilius,
995 1333 1101 1427 quasi
1135 1332 1283 1407 dicens:
1315 1335 1409 1410 bene
1443 1330 1543 1431 dicis,

368 1444 429 1541 llli,
446 1468 467 1519 c
484 1448 620 1540 n‘sposc
636 1468 704 1521 con
719 1449 827 1524 libero
837 1454 964 1543 piqlio,
981 1453 1084 1548 idest,
1102 1474 1189 1528 cum
1211 1456 1293 1529 laeta
1311 1456 1413 1551 lacic,
1436 1457 1542 1552 quasi

367 1568 588 1664 gratulando
613 1570 763 1644 consilio
788 1570 886 1666 eius3
912 1592 1003 1669 ergo
1027 1574 1209 1668 alacriter,
1236 1578 1405 1650 oodiomo
1429 1580 1467 1649 in
1492 1566 1542 1669 Ιὰ,

268 1685 273 1694 ’
367 1687 503 1761 scilicet
527 1708 657 1762 versus
681 1709 756 1784 eoo,
783 1691 870 1784 quia
895 1699 982 1767 sunt
1007 1694 1167 1766 mullum
1189 1715 1211 1768 a
1232 1674 1352 1792 longe,
1373 1700 1466 1770 cb'ci
1483 1718 1542 1770 oe-

367 1826 464 1897 pnoo
491 1810 618 1899 mono,
648 1808 734 1902 quia
767 1811 918 1885 luerunt
943 1812 1029 1886 lenti
1059 1813 1096 1885 in
1128 1814 1222 1908 rita3
1248 1835 1315 1909 per
1339 1817 1410 1890 hoc
1439 1823 1542 1891 notat

368 1927 467 2022 quod
493 1928 582 2003 tales
606 1934 692 2002 sunt
716 1931 963 2024 praeveniendi
988 1938 1026 2007 et
1050 1934 1266 2007 exhortandi
1284 1934 1331 2009 ad
1348 1936 1445 2010 viam
1465 1936 1541 2010 vir-

366 2048 466 2144 tutis,
492 2070 605 2143 quam
632 2050 662 2123 si
688 2059 873 2125 noverunt
897 2073 971 2127 non
997 2059 1121 2128 tamen
1147 2060 1357 2130 tenuerunt.
1384 2057 1428 2129 lit
1453 2057 1540 2151 quia

368 2177 561 2265 receperat
578 2170 768 2245 consilium
788 2173 909 2267 abeo,
928 2174 1045 2249 reddit
1063 2174 1130 2247 sibi
1148 2175 1278 2268 vicem,
1300 2176 1448 2251 dicens:
1467 2200 1486 2249 c
1505 2186 1541 2251 to

364 2293 484 2383 sermo
508 2292 546 2362 lo
569 2311 697 2383 spcmc,
721 2294 820 2365 douc
840 2295 950 2387 fiqlio,
968 2294 1066 2388 quia,
1084 2294 1230 2388 scilicet,
1257 2295 1410 2371 feliciter
1436 2298 1540 2372 inve*

366 2411 445 2486 nies
470 2411 581 2506 viam,
608 2412 694 2506 quia
721 2413 821 2487 vadis
838 2414 1012 2489 velociter
1029 2422 1067 2489 el
1087 2415 1143 2489 isti
1162 2416 1276 2510 tarde,
1295 2416 1400 2511 quasi
1418 2417 1536 2492 dicat:

365 2532 452 2627 quia
479 2533 607 2607 venisti
632 2533 739 2607 citius
762 2533 810 2607 ad
835 2534 1113 2610 conversionem
1142 2557 1255 2629 quam
1277 2536 1332 2610 isti
1358 2537 1456 2631 lenti,
1475 2536 1538 2631 qui

367 2672 441 2726 non
458 2658 643 2727 venerunt
667 2654 734 2727 nisi
759 2654 797 2727 in
819 2660 956 2748 morte3
974 2654 1055 2729 ideo
1071 2660 1175 2749 potes
1196 2656 1290 2730 bene
1307 2676 1457 2750 sperare
1474 2656 1538 2750 qui

365 2773 479 2847 babes
496 2779 598 2847 tanto
615 2774 697 2869 plus
712 2776 841 2871 gratiae
857 2795 879 2849 a
897 2776 984 2849 Deo.
999 2814 1049 2829 -
1060 2782 1191 2848 Ancor.
1210 2775 1274 2849 Hic
1291 2784 1399 2871 poeta
1416 2785 1539 2851 osten-

362 2892 415 2967 dit
438 2902 565 2969 actum
595 2893 742 2969 illarum
771 2895 993 2987 animarum,
1023 2901 1061 2969 et
1095 2895 1256 2970 breviter
1291 2897 1370 2971 vult
1402 2896 1537 2992 dicere,

363 3014 462 3109 quod
479 3035 566 3089 cum
583 3014 755 3108 Virgilius
780 3023 818 3091 et
833 3016 1000 3111 ipseqam
1021 3016 1169 3090 ivissent
1186 3017 1355 3091 celeriter
1372 3038 1437 3112 per
1454 3038 1538 3112 spa-

363 3134 456 3208 tium
485 3134 594 3209 unius
618 3135 792 3230 milliaris,
812 3143 849 3211 ct
868 3136 1203 3231 appropinquarent
1229 3136 1295 3210 illis
1315 3158 1382 3232 per
1393 3134 1535 3232 jactum

362 3255 472 3328 unius
497 3254 634 3349 lapidis,
653 3256 702 3328 illi
723 3255 887 3330 videntes
911 3256 998 3330 istos
1014 3256 1107 3332 duos
1127 3256 1256 3331 venire
1277 3263 1352 3330 tarn
1374 3256 1535 3351 sollicite,

360 3376 623 3450 dubitaverunt
647 3376 726 3470 sibi,
752 3382 790 3451 el
814 3376 1048 3451 adbaeserunt
1075 3377 1190 3451 monti
1215 3384 1450 3472 expectantes
1470 3376 1537 3451 ad-

360 3502 515 3571 ventum
542 3495 607 3570 rei.
634 3496 727 3571 Dicit
746 3517 854 3594 ergo:
876 3499 956 3589 quel
967 3500 1112 3591 popolo,
1132 3498 1235 3591 idest,
1253 3498 1313 3571 illa
1335 3498 1444 3572 turba
1465 3520 1536 3571 nu·-

360 3636 520 3709 merosa,
538 3638 604 3689 ero
619 3638 732 3689 oncor
748 3620 787 3690 di
802 3619 960 3708 lontano,
977 3616 1081 3711 idest,
1101 3619 1211 3715 longe
1231 3637 1254 3691 a
1273 3616 1386 3711 nobis,
1405 3626 1535 3709 quanto

359 3757 408 3810 un
423 3738 515 3810 buon
530 3739 676 3828 pittowr
692 3739 832 3809 trarria
847 3758 914 3809 con
930 3758 1061 3830 mono;
1078 3737 1128 3811 ita
1146 3736 1245 3831 quod
1262 3744 1433 3831 poterant
1449 3737 1535 3811 satis

361 3879 428 3933 nos
448 3858 586 3951 videre,
604 3860 695 3950 dico,
716 3861 809 3951 dopo
825 3861 840 3931 i
859 3861 973 3931 nostri
989 3861 1080 3931 nette
1092 3861 1206 3951 possi,
1224 3858 1326 3950 idest,
1341 3865 1533 3952 postquam

359 3979 549 4054 iveramus
573 3998 641 4073 per
662 3998 779 4052 unum
797 3977 953 4053 milliare
971 3978 1076 4054 valde
1102 3978 1186 4073 cito,
1205 3981 1347 4070 mondo
1371 3981 1403 4051 si
1425 3980 1534 4051 sain-

358 4122 416 4173 scr
441 4102 516 4173 ote
538 4102 576 4172 oi
604 4102 687 4173 duri
714 4102 834 4190 morsi,
850 4098 942 4173 idest
971 4099 1079 4193 saxis,
1097 4102 1141 4173 dc
1170 4102 1274 4172 l'ollo
1303 4101 1398 4192 arpo,
1428 4098 1532 4193 idest,

358 4220 397 4293 in
421 4218 577 4294 conlinio
602 4220 748 4314 montis,
774 4244 794 4293 c
824 4226 939 4293 suber
961 4224 1068 4314 smmi
1090 4241 1109 4293 c
1132 4224 1255 4312 strelli,
1287 4220 1350 4293 ubi
1366 4212 1402 4312 (²)
1430 4220 1532 4314 prius

357 4341 597 4418 ambulabant
621 4340 818 4438 disgregati
842 4341 940 4416 lente
965 4348 1002 4416 et
1028 4341 1155 4436 plane;
1182 4347 1220 4415 et
1241 4360 1328 4414 ecce
1345 4340 1532 4433 quomodo

357 4468 396 4538 et
420 4482 554 4557 quare:
575 4482 671 4535 conce
694 4464 750 4535 cli
774 4483 821 4535 oo
844 4465 949 4535 stossi
972 4484 996 4534 o
1020 4463 1185 4553 prrordor
1208 4461 1533 4552 debilitationem

356 4580 533 4677 contingit
557 4602 655 4677 saepe
679 4581 779 4675 quod
805 4582 929 4675 aliqua
955 4602 1045 4677 gens
1061 4572 1099 4673 (³)
1125 4601 1261 4677 magna
1292 4580 1450 4655 militans
1474 4581 1531 4655 in-

356 4701 416 4776 via
439 4701 478 4774 in
503 4701 643 4777 mundo
667 4701 747 4795 isto,
774 4701 803 4775 si
817 4690 854 4793 (⁸)
881 4701 1005 4776 vident
1034 4721 1058 4774 a
1091 4721 1178 4775 casu
1209 4700 1352 4795 aliquos
1383 4700 1531 4775 nuntios

355 4823 415 4897 vel
449 4842 621 4897 cursores
654 4822 782 4897 venire
814 4842 901 4896 cum
934 4821 1139 4897 festinantia
1177 4842 1306 4896 versus
1336 4840 1376 4896 se
1408 4822 1530 4898 statim

417 5006 446 5072 (¹)
462 5009 493 5059 E·
510 5009 668 5060 imitabatur.
945 5007 972 5071 (Ἴ
990 5012 1044 5069 117,
1061 5008 1106 5059 ubi
1122 5008 1216 5071 primo.

417 5084 490 5149 (¹)ss.
507 5098 570 5150 gens
585 5086 699 5137 bumana
714 5098 818 5151 magna.
946 5084 975 5149 (²)
991 5089 1045 5146 117,
1062 5085 1084 5134 si
1100 5084 1195 5137 rlrleril
1210 5098 1225 5133 a
1242 5096 1311 5134 casu.

487 5194 528 5237 111.
1383 5193 1396 5236 ‘l
