4542 6842
813 984 953 1041 esurus
977 959 1141 1039 neamus.
1497 975 1567 1043 105

393 1125 487 1201 sorte
503 1126 731 1202 contrarium
745 1128 931 1227 credatur,
948 1130 1035 1225 quia
1052 1137 1224 1205 mortuus
1244 1152 1326 1205 sum
1346 1152 1566 1207 excommu-

392 1246 533 1322 nicatus
558 1248 596 1321 iu
622 1247 868 1345 indignatione
884 1250 1056 1325 ecclesie.
1075 1252 1120 1324 Et
1136 1252 1296 1348 assignat
1316 1272 1467 1327 causam
1487 1270 1565 1345 suae

391 1369 610 1463 salvationis,
640 1369 787 1443 dicens:
808 1374 933 1463 poscis
963 1375 1058 1446 cl’io
1091 1374 1166 1445 elli
1198 1380 1293 1447 rollo
1326 1375 1362 1446 lo
1392 1393 1565 1466 persono,

392 1488 485 1565 idest
508 1510 641 1586 corpus
666 1491 916 1588 vulneratum,
942 1496 979 1567 dl
1003 1497 1069 1568 due
1093 1497 1184 1587 comi
1208 1496 1501 1585 mortuitatem
1529 1493 1567 1567 in

394 1610 496 1705 tacte,
522 1612 639 1687 altero
665 1611 701 1685 in
726 1620 888 1707 pectore,
913 1620 955 1687 ut
975 1614 1054 1709 jam
1080 1614 1218 1689 dictum
1245 1619 1311 1709 est,
1329 1618 1364 1687 lo
1382 1618 1430 1687 mi
1445 1618 1568 1689 reoda·

390 1732 605 1823 piunpemm,
622 1752 667 1806 ex
690 1733 908 1807 contritione
932 1732 1062 1827 cordis,
1080 1755 1103 1805 o
1120 1738 1199 1827 quei
1222 1737 1281 1807 clu
1300 1737 1464 1807 volentior
1478 1756 1564 1827 per·

394 1852 503 1942 dono,
533 1852 678 1945 scilicet,
710 1853 788 1927 Deo
819 1852 1113 1947 clementissimo,
1147 1854 1252 1927 cuius
1283 1860 1339 1929 est
1371 1854 1564 1949 proprium

395 1970 561 2046 misereri
586 1978 624 2045 et
648 1993 795 2067 semper
820 1992 985 2067 parcere.
998 2013 1049 2027 ·-
1066 1974 1208 2047 Ormlil.
1235 1974 1339 2049 Nunc
1357 1973 1565 2048 Manlredus

394 2091 442 2165 ad
466 2090 781 2167 confirmationem
802 2091 887 2166 dicti
905 2092 974 2187 sui,
992 2093 1188 2167 confitetur
1205 2093 1240 2166 in
1258 2112 1396 2190 genere
1416 2099 1566 2188 peccata

394 2232 473 2306 sua,
501 2218 542 2284 ut
558 2210 726 2286 ostendat
742 2211 919 2286 infinitam
938 2212 1224 2287 misericordiam
1243 2213 1319 2287 Dei.
1338 2212 1441 2287 Unde
1456 2212 1564 2287 dicit:

399 2332 534 2405 Omtlv'l
552 2336 664 2426 saron
689 2334 714 2404 o·
732 2336 868 2424 peccati
891 2336 979 2406 mici.
998 2332 1052 2406 Ad
1074 2333 1262 2408 sciendum
1288 2334 1395 2428 plene
1413 2329 1449 2425 (¹)
1477 2334 1566 2408 hor-

396 2451 603 2527 ribilitatem
621 2460 857 2548 peccatorum
875 2453 1049 2528 llanlredi
1067 2453 1103 2525 in
1119 2453 1343 2549 particulari,
1361 2461 1417 2528 est
1429 2446 1467 2547 (²)
1485 2474 1567 2530 me-

393 2573 613 2648 morandum
640 2574 740 2667 qnod
765 2574 972 2649 llanlredus
990 2574 1153 2669 peccavit
1170 2573 1206 2647 in
1226 2580 1381 2669 patrem,
1400 2574 1565 2671 tratrem,

393 2699 575 2788 nepotem,
602 2699 639 2767 et
665 2702 823 2768 matrem
849 2695 1051 2769 eeclesiam.
1078 2694 1184 2768 Solus
1200 2686 1236 2787 (³)
1271 2694 1368 2768 enim
1402 2715 1564 2791 praesens

369 2842 374 2852 ·
393 2813 504 2888 morti
528 2819 702 2909 paternae,
722 2820 763 2887 nt
779 2814 891 2909 aliqui
908 2814 1084 2909 scribunt,
1102 2814 1278 2909 praevenit
1303 2816 1445 2910 horam,
1463 2815 1564 2909 quod

394 2934 424 3007 si
449 2955 581 3009 verum
607 2933 675 3008 luit
699 2924 942 3027 rodericum)
965 2935 1143 3030 recepita
1170 2934 1241 3008 lilio
1268 2934 1438 3029 naturali,
1465 2935 1565 3029 quod

395 3054 594 3129 crudeliter
620 3054 756 3130 lecerat
781 3054 818 3127 in
843 3054 957 3128 filium
985 3054 1201 3151 legitimum.
1229 3053 1417 3128 Conradus
1437 3060 1564 3129 autem

394 3174 518 3251 audita
536 3181 657 3249 morte
673 3174 785 3271 patris
801 3174 986 3250 descendit
1006 3195 1051 3249 ex
1069 3174 1282 3249 Alamannia
1303 3173 1340 3247 in
1357 3174 1509 3269 ltaliam,
1527 3180 1566 3250 et

394 3296 495 3370 venit
519 3295 703 3371 Veronam
728 3316 814 3394 cum
842 3295 967 3370 lavore
992 3295 1166 3369 Emirini:
1184 3293 1314 3370 deinde
1331 3295 1511 3369 transiens
1528 3296 1564 3368 in

395 3437 553 3515 regnum
580 3416 812 3511 recuperavit
837 3416 994 3498 Siciliam
1013 3423 1049 3491 et
1066 3416 1189 3491 omnia
1207 3421 1339 3512 praetcr
1355 3415 1565 3511 Neapolim,

395 3558 508 3634 quem
534 3536 741 3637 llanlredus
765 3537 848 3611 laete
879 3536 1026 3632 recepit,
1059 3536 1142 3611 licet
1167 3536 1293 3611 dolens
1317 3536 1452 3631 animo,
1479 3535 1566 3630 quia

395 3658 474 3754 ipse
499 3656 644 3732 volebat
668 3656 883 3730 dominium.
909 3656 1099 3731 conradus
1119 3656 1291 3732 continuo
1309 3655 1448 3730 obsedit
1471 3656 1566 3729 Nea-

395 3778 506 3874 polim
532 3776 675 3875 magnis
700 3777 860 3871 viribus,
890 3798 963 3871 qua
990 3776 1137 3851 tandem
1164 3775 1324 3872 obtenta,
1350 3796 1479 3853 omnes
1505 3796 1566 3851 re-

394 3900 508 3975 belles
533 3898 599 3974 sibi
617 3899 756 3973 amicos
772 3898 934 3973 ecclesiae
952 3905 1026 3971 tam
1045 3896 1232 3994 religiosos
1250 3918 1362 3992 quam
1381 3898 1566 3972 seculares

395 4018 574 4094 contrivit.
601 4019 655 4091 Ex
682 4040 756 4114 quo
782 4018 811 4093 si
837 4017 973 4093 diutius
1002 4016 1262 4113 supervixisset
1291 4016 1482 4091 videbatur
1508 4016 1567 4089 lu·

395 4146 502 4214 turus
539 4145 752 4235 persecutor
789 4138 951 4213 ecclesias
991 4158 1063 4213 non
1102 4137 1224 4211 minus
1261 4144 1380 4231 patre,
1419 4157 1490 4211 avo
1530 4141 1567 4212 et

395 4281 558 4356 proavo,
584 4258 649 4333 sed
673 4257 789 4333 latum
816 4258 953 4332 sueviae
981 4257 1101 4352 stirpis
1126 4255 1295 4331 trahebat
1326 4256 1440 4330 illum.
1471 4256 1566 4331 Nam

395 4401 482 4456 cum
510 4385 697 4475 regnasset
713 4378 860 4453 (luobus
875 4378 980 4453 annis
1001 4376 1206 4450 infirmatus
1224 4382 1290 4471 est,
1309 4382 1346 4451 ct
1363 4382 1566 4451 venenatus

395 4520 507 4595 opera
533 4498 706 4574 Manlredi
726 4520 928 4595 perunum
955 4498 1138 4573 medicum
1157 4498 1193 4571 in
1214 4517 1288 4571 uno
1309 4494 1492 4593 clysterio,
1519 4516 1565 4571 ex

394 4638 469 4714 quo
496 4615 672 4692 remansit
696 4617 873 4713 parvulus
903 4614 998 4689 lilius
1023 4616 1250 4691 Conradinus
1283 4615 1320 4688 in
1351 4614 1566 4689 Alemannia

393 4744 503 4813 natus
519 4758 567 4845 θῇ
591 4736 663 4812 filia
680 4737 782 4812 ducis
799 4735 965 4812 Bavariae
990 4736 1050 4811 cui
1076 4742 1190 4831 pater,
1208 4735 1291 4811 licet
1312 4734 1568 4811 excommuni-

392 4865 508 4954 catus,
523 4857 669 4954 reliquit
687 4859 878 4933 ecclesiam
901 4856 1086 4952 tutricem,
1103 4878 1202 4931 anno
1219 4864 1352 4951 quarto
1369 4861 1450 4952 post
1466 4877 1569 4931 mor·

455 5045 484 5108 (¹)
501 5050 547 5095 11⁷
562 5060 578 5096 e
593 5046 625 5097 Ε.
640 5052 728 5097 aulem
744 5046 828 5110 plene.
953 5044 982 5109 (¹)
999 5046 1030 5096 Β.
1046 5050 1086 5095 est
1100 5046 1234 5095 mondum
1251 5050 1277 5095 ut
1293 5044 1500 5096 memorandum.

456 5122 483 5186 ι’)
501 5126 555 5181 117,
572 5123 633 5173 Fuit
648 5136 761 5188 presens
775 5124 865 5175 morti.
955 5124 982 5185 (⁸)
998 5122 1029 5173 ll.
1045 5123 1186 5174 federicus
1202 5122 1329 5173 socundus
1345 5122 1452 5185 recepit.
