4542 6842
697 986 834 1051 rubrus
860 988 1018 1052 obulum
1043 995 1227 1052 smrruus.
1476 973 1544 1051 rii

377 1148 485 1215 eruut
510 1138 674 1235 imperio,
697 1147 786 1213 iane
811 1147 892 1215 erat
916 1140 1050 1215 invidia
1066 1150 1213 1237 magua.
1233 1140 1362 1215 Nonne
1376 1140 1466 1214 'salis
1481 1154 1551 1213 no*

377 1266 453 1333 stra
479 1260 576 1333 mala
602 1274 668 1334 uos
692 1268 867 1356 premunt
889 1261 959 1335 nisi
986 1250 1108 1336 aliena
1137 1277 1206 1335 uos
1231 1260 1427 1336 crucient?
1456 1261 1551 1335 arrii²

377 1392 496 1474 quum
521 1372 758 1475 proverbium
781 1386 858 1455 esi:
892 1376 1024 1456 invidia
1055 1382 1152 1478 lippa
1182 1374 1291 1475 esti¹l
1320 1381 1449 1477 oculis,
1476 1388 1548 1455 nori

379 1500 492 1595 ridel3
517 1500 616 1575 unde
640 1497 804 1574 vicinitas
826 1507 866 1575 et
889 1502 1111 1597 prosperitas
1140 1508 1311 1598 parentes
1341 1508 1426 1576 sunt
1456 1500 1551 1576 invi-

378 1610 457 1694 ‹lian
483 1612 577 1709 onii
606 1632 697 1717 ergo
723 1621 1143 1717 mimnermonisque
1173 1624 1261 1697 solis
1300 1620 1406 1697 malis
1434 1622 1554 1719 pasci÷

379 1746 442 1813 tur
464 1748 504 1815 ei
531 1747 728 1836 lorquelur
761 1742 896 1816 benisl
929 1750 967 1817 ei
1000 1744 1099 1837 quod
1127 1743 1207 1818 aliis
1241 1750 1343 1840 oplal
1376 1746 1454 1840 jam
1484 1742 1550 1818 sibi

379 1858 491 1937 labec
514 1864 668 1937 malum
695 1852 792 1959 Ergo
817 1862 912 1938 bene
937 1867 973 1938 el
1001 1865 1152 1961 egregie
1177 1862 1383 1939 Alexander
1402 1859 1551 1939 Macedo

379 1972 522 2056 ¹(licebat
551 1969 691 2056 invidos
723 1984 774 2056 bil
802 1984 901 2057 aliurl
934 2002 1015 2059 esse
1048 2004 1163 2079 quam
1196 1982 1381 2060 tormenta
1412 1977 1479 2059 sui.
1506 1971 1551 2057 ill

379 2098 481 2177 cerie
518 2102 674 2177 verbum
707 2112 824 2199 tgrave
859 2106 941 2178 emi
974 2104 1064 2179 levis
1092 2106 1251 2201 juvenis.
1267 2136 1317 2159 ·—
1337 2110 1382 2178 nt
1416 2102 1444 2179 ἐ.
1484 2100 1549 2180 liic

379 2222 549 2319 Virgilius
575 2222 689 2319 langb
714 2223 864 2297 ierlium
891 2222 1042 2299 modum
1064 2226 1151 2300 mali
1181 2226 1357 2300 amorisa
1383 2247 1459 2320 quo
1483 2241 1550 2299 na-

378 2341 492 2416 scitur
521 2342 601 2416 ire:
641 2341 840 2416 iracundus
872 2344 972 2418 enirn
1002 2345 1140 2440 appelit
1171 2344 1367 2421 vindiciam
1392 2344 1441 2420 (le
1464 2356 1551 2439 pan

377 2460 595 2559 upendeme
633 2480 734 2556 eum,
773 2472 859 2537 cuni
898 2464 1010 2538 bomo
1049 2465 1266 2540 naturaliter
1304 2466 1349 2540 sii
1383 2465 1554 2561 appoliti-

377 2575 491 2677 περ)
518 2583 676 2657 honoris.
696 2584 786 2658 birli
812 2602 920 2680 ergo:
940 2580 1346 2681 occurrebamus
1371 2586 1474 2679 alius,
1496 2573 1552 2658 cli

375 2718 449 2798 por
472 2706 525 2777 cl’
539 2696 673 2794 menn,
699 2694 801 2798 luen,
822 2703 975 2799 recipiar
998 2692 1274 2799 coutumeliam,
1292 2725 1359 2798 per
1382 2706 1551 2795 iacilnio,

380 2825 514 2899 iactam
540 2814 837 2917 annunciem
869 2814 901 2896 si
926 2828 968 2918 su
992 2826 1084 2899 delia
1110 2826 1268 2899 omdcuo
1292 2814 1434 2916 yliolb,
1461 2818 1553 2897 idesi

380 2944 510 3018 aridus
535 2935 707 3038 mullum,
726 2960 744 3016 ‘e
765 2946 816 3017 iol
836 2963 968 3018 coccea
992 2944 1052 3017 clo
1075 2946 1104 3019 ll
1127 2949 1218 3019 mole
1243 2940 1351 3019 olom
1372 2946 1553 3038 impronli,

381 3063 527 3157 scilicet,
544 3062 829 3139 destructionem
849 3064 1016 3159 proximi.
1032 3064 1075 3137 Et
1093 3066 1151 3139 iric
1168 3067 1254 3139 nola
1270 3064 1369 3160 quod
1391 3057 1470 3138 baec
1487 3082 1553 3159 pe

382 3183 445 3257 slis
468 3182 638 3277 quamvls
663 3181 828 3259 destruat
854 3184 1056 3259 et-cruciei
1079 3184 1182 3278 alios,
1204 3180 1329 3259 lamen
1354 3204 1451 3279 saepe
1468 3204 1554 3279 pos-

380 3314 562 3379 sessorem
585 3314 718 3399 suum5
741 3304 839 3380 ilnde
855 3295 891 3397 (³)
910 3303 994 3381 licei
1010 3306 1194 3380 Homerus
1208 3304 1341 3379 dixerit
1362 3304 1456 3379 iram
1473 3318 1555 3380 esse

379 3422 583 3498 dulciorem
608 3425 719 3499 melle
743 3424 950 3519 distillante,
969 3424 1055 3499 nibil
1075 3430 1201 3500 tamen
1222 3424 1368 3499 videtur
1389 3425 1554 3499 amarius

381 3542 448 3617 ire.
475 3543 577 3617 Unde
593 3542 724 3617 Caelius
748 3550 897 3619 senalor
923 3553 1101 3618 romanus
1117 3544 1418 3619 iracundissimus
1434 3531 1555 3618 homi·-

382 3676 474 3737 nam
498 3663 710 3738 exclamans
734 3668 863 3739 contra
889 3663 1106 3740 familiarem
1133 3674 1256 3760 snum,
1283 3659 1346 3760 qui
1372 3664 1409 3738 in
1434 3656 1555 3739 omne

380 3784 452 3858 bus
476 3783 544 3858 sibi
568 3782 828 3878 cunsenliebat,
853 3779 944 3857 uixit
968 3784 1149 3859 irascens:
1176 3782 1233 3858 dic
1263 3778 1399 3878 aliquid
1425 3784 1552 3858 conlra

383 3912 425 3978 lli
450 3906 565 3978 simus
590 3905 685 3978 duo:
706 3891 757 3979 sic
772 3914 885 3979 omne
902 3892 1098 3980 verbulum
1118 3905 1299 3979 trahimus
1316 3902 1362 3979 ad
1384 3901 1553 3979 iniurialrl

382 4025 594 4120 eupilalemg
622 4034 690 4099 uec
715 4030 770 4098 esi
796 4030 896 4098 lanta
911 4024 1051 4099 offensa
1069 4032 1207 4119 quanla
1225 4033 1281 4100 esi
1298 4022 1469 4120 superbia
1488 4044 1554 4098 no⁴

381 4152 470 4219 suu.
489 4136 759 4219 Nobilissimum
781 4158 872 4241 ergo
887 4161 1006 4241 genus
1027 4143 1193 4219 vindiciae
1209 4152 1264 4219 esi
1289 4163 1451 4241 parcere.
1469 4132 1555 4221 ideo

383 4266 479 4341 berre
501 4264 748 4340 nobilissimus
764 4272 890 4339 orator
908 4266 1035 4340 lribuii
1052 4266 1097 4341 ad
1117 4284 1304 4340 summam
1321 4256 1468 4340 laudem
1488 4283 1555 4339 no*

383 4386 558 4463 bilissimo
581 4386 678 4481 (luci,
703 4386 803 4481 quod
833 4383 920 4459 nibil
952 4388 1087 4461 soleret
1112 4386 1179 4460 nisi
1206 4383 1355 4459 iniurias
1380 4377 1554 4460 oblivisci.

383 4507 564 4581 Allriauus
590 4514 680 4580 reru
705 4506 821 4581 lacius
847 4506 1049 4601 imperator
1067 4505 1129 4579 uui
1152 4526 1264 4598 quem
1290 4494 1472 4579 habueral
1492 4513 1555 4578 cu⁴

383 4616 530 4723 nitelam
549 4626 736 4701 inimicum
755 4624 861 4701 dixit!
880 4623 1036 4702 evasisti.
1052 4626 1147 4701 Vere
1163 4627 1319 4701 verbum
1337 4612 1457 4700 nobile
1475 4637 1555 4700 ma*

383 4746 559 4844 gniucum
591 4754 629 4821 et
658 4756 873 4821 cesaremn
908 4748 951 4820 bl
981 4743 1166 4821 concludis
1200 4739 1296 4820 isiuu
1330 4738 1557 4839 membrum,

382 4870 525 4943 dicensi
543 4874 661 4959 occsio
677 4867 836 4961 biiirrmc
852 4876 971 4959 orior,
988 4854 1091 4962 iussi,
1109 4850 1177 4941 isle
1196 4852 1323 4961 [ripiex
1343 4886 1451 4940 amor
1468 4856 1554 4940 mali

1450 5006 1556 5015 .-

447 5055 475 5117 (¹)
492 5054 522 5104 li.
540 5054 607 5117 lippe
624 5058 673 5111 esb'
690 5068 741 5105 non
758 5054 835 5104 ridel.
846 5080 874 5089 -
887 5058 940 5111 ill.
957 5054 1025 5117 lippa
1041 5060 1081 5105 esi
1096 5055 1187 5116 ocule,
1204 5054 1344 5119 longinqua
1359 5069 1412 5106 nou
1428 5055 1505 5105 ridel.

383 5158 400 5163 -·
446 5119 547 5194 tillir,
562 5130 697 5181 smarnos
1019 5116 1349 5194 innumerabilior
1463 5145 1468 5156 =
