4542 6842
783 967 921 1022 cnutus
946 967 1141 1024 SECUNDUS.
1499 957 1547 1023 67

371 1115 547 1208 colorem,
566 1113 660 1188 sicut
686 1119 741 1188 est
765 1113 811 1188 de
837 1119 971 1188 natura
999 1112 1157 1207 timoris3
1179 1112 1255 1187 imo
1279 1112 1477 1206 aliquando
1496 1112 1546 1186 ita

370 1234 543 1330 opprimit
572 1234 799 1330 phantasiam
835 1233 935 1328 quod
969 1234 1094 1331 lingua
1127 1233 1263 1331 ligatur
1291 1233 1341 1308 ita
1375 1233 1547 1328 ulloqui

371 1376 445 1429 non
471 1354 593 1449 possit.
623 1354 683 1428 Isti
717 1359 844 1428 autem
879 1354 1111 1428 mirabantur
1144 1355 1190 1428 de
1221 1375 1264 1429 re
1297 1374 1394 1428 nova
1425 1361 1462 1429 et
1490 1355 1547 1429 iu-

371 1481 490 1569 sueta‚
507 1475 644 1550 scilicet
661 1474 760 1569 quod
779 1495 875 1549 uuus
892 1475 1019 1550 vivens
1037 1474 1195 1550 venisset
1212 1475 1259 1548 ad
1275 1476 1546 1572 purgatorium,

373 1603 411 1672 et
434 1617 502 1691 per
526 1596 636 1671 aliam
668 1596 765 1671 viam
799 1617 913 1691 quam
947 1596 1034 1692 ipsi3
1066 1596 1145 1691 ipse
1174 1596 1273 1669 enim
1305 1604 1458 1671 venerat
1482 1616 1548 1693 per

373 1724 526 1810 terram,
552 1715 601 1790 illi
629 1736 718 1792 vero
743 1737 810 1811 per
835 1736 963 1810 mare3
990 1722 1027 1790 et
1052 1714 1242 1790 moraliter
1269 1716 1451 1810 loquendo
1477 1717 1550 1789 mi-

375 1837 555 1912 rabantur
579 1838 679 1932 quod
704 1837 780 1932 ipse
805 1839 906 1911 solus
930 1837 1025 1911 inter
1050 1842 1116 1930 tot,
1142 1842 1228 1909 ante
1254 1842 1400 1930 tempus
1423 1846 1461 1912 et
1480 1837 1549 1910 bo-

374 1980 454 2032 ram
481 1958 610 2033 mortis
635 1963 785 2034 venerat
815 1957 861 2031 ad
887 1956 1151 2052 poenitentiam,
1179 1976 1291 2050 quam
1322 1955 1372 2029 illi
1397 1955 1550 2030 distule-

374 2084 457 2156 rant
483 2098 601 2173 usque
627 2079 664 2151 in
690 2078 811 2152 tinem.
839 2078 882 2152 Et
908 2077 1065 2154 ostendit
1090 2076 1278 2171 quomodo
1305 2096 1435 2150 omnes
1460 2096 1547 2150 cum

373 2219 521 2273 summa
546 2197 749 2272 festinantia
775 2204 1046 2272 concurrerunt
1072 2190 1219 2288 sicuti)
1236 2196 1274 2270 in
1299 2196 1472 2270 omuibus
1489 2217 1551 2272 re-

283 2320 288 2328 '
373 2320 443 2393 bus
468 2319 635 2394 videmus
660 2317 839 2413 accidere,
865 2318 964 2413 quod
989 2318 1036 2392 ad
1067 2338 1165 2392 nova
1196 2318 1365 2392 homines
1390 2338 1550 2392 concur-

373 2446 479 2533 ruut3
497 2446 534 2514 et
550 2441 620 2513 boc
638 2458 703 2534 per
720 2438 1032 2534 comparationem
1051 2439 1158 2513 valde
1174 2439 1313 2512 claram
1331 2438 1378 2512 de
1395 2458 1550 2513 cursore

373 2561 437 2655 qui
462 2565 584 2656 portat
607 2559 758 2634 olivum.
785 2559 877 2634 Dicit
902 2579 1011 2656 ergo:
1041 2581 1060 2631 e
1085 2562 1194 2652 puelle
1219 2563 1335 2632 anime
1356 2564 1549 2654 fortunate,

375 2683 462 2776 quia
487 2681 614 2755 electae
639 2686 675 2755 et
697 2681 773 2776 J‘am
801 2686 912 2754 certae
936 2679 982 2754 de
1008 2681 1137 2773 salute,
1164 2686 1244 2753 larue
1268 2687 1395 2772 quanm
1418 2684 1551 2772 s'affis-

374 2824 460 2876 saro
486 2805 525 2875 cl
548 2803 617 2874 mio
644 2804 731 2891 otro,
757 2799 859 2894 idest,
886 2820 1013 2874 omnes
1039 2799 1286 2874 firmaverunt
1315 2821 1356 2875 se
1384 2809 1470 2876 ante
1496 2800 1552 2876 la·

376 2924 469 2998 ciem
496 2943 620 2998 meam
646 2929 683 2997 et
709 2943 770 2996 me
796 2921 1037 3017 respiciebant
1054 2921 1161 3014 quasi
1178 2922 1352 3018 angelum
1379 2922 1550 2996 nuntium

376 3042 532 3135 Domini,
559 3045 661 3134 quusi
693 3042 858 3114 obltando
887 3043 988 3114 d'tre
1016 3062 1040 3113 α
1070 3044 1166 3134 sarsi
1195 3043 1291 3133 belle,
1317 3041 1420 3136 idest,
1447 3042 1553 3136 quasi

376 3161 623 3236 obliviscendo
648 3161 703 3236 ire
728 3160 774 3234 ad
808 3168 987 3255 montem,
1019 3161 1065 3236 ‹le
1099 3161 1205 3236 cuius
1238 3161 1297 3236 via
1327 3164 1437 3257 paulo
1466 3170 1554 3238 aute

376 3283 571 3377 petebant;
588 3281 626 3354 in
643 3301 718 3376 quo
736 3281 884 3376 quidem
905 3288 1031 3356 moute
1050 3280 1184 3354 animae
1201 3281 1294 3356 fiunt
1311 3284 1449 3378 pulcrae
1467 3283 1554 3378 quia

376 3408 584 3498 purgantur
610 3407 648 3476 et
672 3401 844 3476 lavantur
864 3401 911 3475 ab
932 3401 1032 3474 omni
1057 3401 1277 3498 contagione
1301 3401 1487 3476 vitiorum.
1509 3405 1554 3477 Et

375 3528 545 3596 notanter
571 3521 656 3596 dicit
681 3525 795 3613 poue,
821 3521 909 3614 quia
935 3519 1105 3614 quamvis
1131 3521 1345 3595 viderentur
1369 3521 1554 3599 dimittere

375 3642 473 3716 viam
505 3661 612 3715 suam
641 3662 776 3736 parum
811 3638 990 3714 firmando
1026 3661 1077 3734 se,
1104 3647 1230 3714 tamen
1257 3641 1555 3739 imaginabantur

376 3782 450 3836 non
475 3761 632 3857 perdere
659 3767 805 3856 tempus
839 3767 877 3835 et
909 3780 1073 3856 operam,
1100 3760 1129 3834 si
1160 3761 1332 3836 videbant
1365 3763 1555 3837 hominem

377 3882 618 3956 coustitutum
645 3881 681 3954 in
708 3889 808 3958 tanta
834 3880 954 3978 gratia
971 3880 1097 3955 vivum
1117 3880 1173 3954 ire
1188 3901 1256 3976 per
1278 3884 1554 3978 purgatorium:

378 4008 415 4077 et
440 4001 620 4076 iaciebant
645 4023 668 4076 a
693 4001 813 4096 simili,
838 3992 910 4074 cosi
934 4021 1029 4074 come
1059 4002 1096 4072 lu
1128 4008 1228 4092 pente
1261 4009 1386 4093 trappe
1415 4024 1439 4074 a
1464 4023 1557 4076 mes·

379 4142 510 4213 supper
534 4124 594 4196 cte
614 4129 723 4216 porta
748 4125 854 4213 utico,
875 4141 944 4214 per
969 4123 1050 4194 udtr
1079 4124 1225 4212 novelle,
1250 4121 1366 4196 avidis
1391 4122 1555 4218 auribus,
1591 4204 1597 4216 p

378 4263 398 4314 e
422 4244 460 4315 di
484 4245 605 4316 calcor
630 4264 757 4316 nestun
772 4245 804 4316 si
819 4248 954 4314 nwstra
971 4243 1099 4333 activo,
1119 4241 1206 4336 quia
1226 4241 1263 4316 in
1282 4242 1344 4316 tali
1369 4249 1452 4317 actu
1474 4243 1558 4317 nul-

380 4362 438 4435 lus
463 4369 612 4458 praestat
637 4361 883 4438 reverentiam
912 4361 1018 4436 alteri
1035 4360 1198 4436 cedendo
1217 4362 1295 4436 sibi.
1318 4362 1362 4436 Et
1387 4363 1445 4438 bic
1470 4370 1557 4438 uota

381 4489 564 4578 quantum
590 4484 816 4580 comparatio
850 4489 906 4558 est
937 4483 1084 4579 propria
1113 4483 1161 4558 ad
1189 4484 1429 4580 propositum.
1464 4485 1556 4560 Nam

381 4608 490 4698 poeta
514 4609 639 4680 noster
661 4613 741 4680 erat
758 4623 877 4680 novus
894 4602 1045 4677 nuntius
1062 4609 1212 4698 portans
1228 4603 1325 4678 bona
1344 4624 1452 4698 nova,
1472 4604 1559 4698 quia

382 4724 539 4800 iaciebat
565 4744 702 4800 novum
716 4715 752 4816 ζ’)
771 4744 875 4820 opus,
894 4729 931 4798 et
951 4723 1045 4798 bene
1069 4723 1240 4820 portabat
1265 4745 1411 4799 ramum
1438 4725 1557 4820 olive,

382 4865 467 4940 quae
493 4852 548 4920 est
572 4845 686 4920 arbor
710 4845 849 4943 gratiae,
876 4843 1061 4939 sapientiae
1094 4851 1132 4919 et
1163 4844 1281 4940 pacis;
1308 4852 1346 4920 et
1371 4846 1439 4922 iste
1464 4846 1560 4921 tilius

446 5111 473 5174 (¹)
489 5111 521 5162 Β.
537 5112 667 5163 siculum
683 5113 718 5162 tn.
969 5109 997 5173 (b
1013 5111 1044 5163 lt.
1061 5109 1160 5162 bonum
1175 5124 1248 5174 opus.
