4542 6842
702 951 773 1020 356
1062 965 1266 1022 connururr
1293 967 1512 1022 rUttGAtOull

699 1110 831 1205 pitulo:
859 1109 916 1184 hic
941 1129 1031 1184 vero
1057 1115 1238 1184 tractatur
1264 1110 1311 1186 de
1338 1111 1447 1185 modo
1478 1109 1612 1187 vitandi
1646 1119 1683 1186 et
1713 1111 1874 1208 fugiendi

698 1229 833 1325 ipsam,
861 1228 943 1304 ideo
970 1229 1115 1304 videtur
1140 1229 1260 1326 potius
1286 1229 1482 1306 dicendum
1508 1231 1607 1324 quod
1633 1230 1781 1306 Orestes
1807 1231 1875 1304 luit

625 1373 626 1378 ¹
697 1351 779 1446 pius
805 1356 843 1424 et
867 1349 1090 1444 caritativus,
1112 1357 1155 1425 et
1180 1372 1270 1425 usus
1295 1357 1350 1426 est
1375 1351 1509 1447 pietate
1539 1371 1628 1448 erga
1655 1334 1820 1448 patrem,
1837 1357 1875 1427 et

697 1491 828 1546 amore
853 1489 942 1567 erga
970 1491 1139 1564 uxorem,
1165 1476 1203 1546 et
1227 1471 1481 1546 benevolentia
1508 1479 1639 1546 mutua
1665 1472 1874 1568 ergaami-

699 1612 797 1666 cum.
824 1590 949 1664 Primo
962 1583 999 1682 (¹)
1027 1611 1117 1685 ergo
1142 1590 1211 1664 fuit
1235 1591 1317 1686 pius
1333 1611 1423 1689 erga
1441 1597 1597 1687 patrem,
1619 1593 1705 1686 quia
1732 1597 1872 1667 macta·

699 1711 751 1786 vit
780 1711 927 1807 impiam
962 1717 1119 1784 matrem
1146 1711 1281 1808 justius
1310 1733 1425 1807 quam
1452 1712 1640 1788 Alcmeon.
1668 1714 1761 1788 Nam
1787 1712 1872 1808 Cly-

699 1838 911 1925 temnestra,
929 1850 1078 1925 serpens
1099 1832 1318 1907 venenosior
1343 1837 1381 1906 et
1405 1832 1572 1908 adultera
1591 1833 1733 1928 turpior
1757 1853 1869 1927 quam

698 1954 836 2028 Helena
862 1971 978 2045 soror,
1005 1958 1172 2045 tempore
1196 1951 1390 2026 obsidionis
1407 1951 1570 2046 troianae,
1595 1953 1800 2028 adulterata
1818 1957 1872 2026 est

699 2073 838 2148 nelarie
862 2091 948 2145 cum
967 2070 1130 2166 AEgistho
1156 2070 1346 2145 sacerdote
1362 2073 1636 2167 consanguineo
1654 2073 1723 2145 viri
1740 2071 1814 2146 sui:
1835 2079 1873 2146 et

700 2193 849 2268 demum
883 2191 920 2264 in
954 2189 1027 2264 line
1060 2189 1144 2264 belli
1173 2174 1286 2263 illum'
1310 2190 1626 2287 Agamemnonem
1657 2190 1872 2288 gloriosissi-

699 2297 803 2388 mum
830 2313 1091 2406 imperatorem
1118 2317 1172 2386 tot
1198 2332 1343 2408 regum,
1360 2311 1499 2387 ducum
1522 2323 1560 2390 et
1581 2313 1799 2409 principum,
1816 2312 1873 2387 vi·

697 2415 838 2535 ctorem
865 2431 994 2526 Troiae,
1012 2431 1058 2506 de
1077 2431 1226 2506 Priamo
1244 2431 1544 2528 triumphantem,
1563 2433 1623 2507 illa
1643 2433 1788 2506 conscia
1804 2432 1871 2506 sibi

664 2552 948 2629 ·crudeltssimo
981 2551 1166 2648 mactavit,
1196 2552 1394 2629 adiuvante
1422 2553 1607 2650 AEgistb03
1634 2553 1716 2628 ideo
1743 2553 1871 2648 justis·

644 2677 647 2692 '
696 2675 789 2748 sime
805 2675 952 2750 Orestes
973 2672 1147 2748 mactavit
1163 2673 1278 2768 ipsam
1299 2681 1456 2748 matrem
1475 2694 1560 2748 cum
1585 2673 1759 2771 AEgistho.
1779 2674 1871 2749 Ore·

696 2806 769 2872 stes
798 2794 908 2869 etiam
939 2793 1066 2868 habuit
1096 2814 1264 2869 amorem
1299 2793 1345 2868 ad
1374 2815 1531 2869 uxorem
1561 2816 1666 2869 suam
1700 2795 1870 2869 Hermio-

696 2936 794 3008 nem,
821 2935 932 3009 quam
968 2913 1200 3010 recuperavit
1228 2913 1330 3010 juste
1360 2914 1407 2990 de
1437 2915 1606 2989 manibus
1640 2915 1782 3011 Pyrrhi,
1807 2915 1869 2988 illo

695 3041 865 3110 mactato.
893 3033 1010 3111 Gessit
1034 3040 1072 3109 et
1086 3025 1124 3127 θ)
1149 3034 1443 3110 benevolentiam
1461 3042 1632 3109 mutuam
1650 3055 1742 3131 erga
1760 3034 1868 3131 Pyla·

695 3155 792 3250 dem,
816 3177 838 3230 a
865 3176 939 3249 qno
966 3175 1170 3249 numquam
1198 3154 1265 3227 luit
1289 3154 1484 3231 derelictus
1493 3179 1503 3248 3
1531 3161 1569 3229 et
1593 3155 1746 3230 demum
1772 3155 1866 3228 banc

693 3277 812 3376 vicem
840 3274 998 3351 caritatis
1024 3282 1062 3349 et
1091 3273 1234 3370 pietatis
1259 3273 1397 3370 recepit
1420 3295 1444 3348 a
1476 3295 1606 3350 sorore
1631 3295 1698 3348 sua
1725 3273 1867 3370 lpbige-

694 3396 765 3490 nia,
792 3417 876 3491 quae
901 3395 947 3470 de
972 3395 1118 3492 Scythia
1145 3395 1245 3470 venit
1270 3415 1397 3469 secum
1423 3394 1460 3468 in
1486 3395 1639 3488 ltaliam,
1657 3415 1744 3470 cum
1763 3394 1865 3467 illum

693 3518 887 3592 immolare
912 3516 1073 3591 deberet.
1100 3515 1154 3590 hd
1175 3515 1317 3590 literam
1337 3535 1439 3612 ergo,
1457 3515 1542 3589 dicit
1558 3521 1684 3610 poeta:
1703 3520 1737 3589 Ε
1746 3517 1866 3607 primu

692 3640 751 3712 cte
777 3639 834 3711 del
856 3643 939 3711 tutto
964 3657 1035 3708 ooo
1060 3639 1088 3708 ε’
1101 3638 1229 3727 odisse,
1264 3633 1368 3729 quasi
1394 3634 1512 3711 dicat:
1542 3641 1743 3729 antequam
1772 3639 1867 3708 tota·

691 3757 775 3834 liter
799 3761 1036 3831 evanesceret
1062 3755 1119 3829 illa
1146 3776 1218 3829 vox
1245 3755 1364 3850 prima
1388 3753 1532 3849 iterata,
1562 3777 1628 3847 per
1654 3756 1863 3844 altomuro,

691 3879 800 3971 idest,
832 3887 981 3972 propter
1013 3875 1218 3949 distantiam
1254 3875 1382 3971 spiritu
1413 3880 1638 3968 transeunte,
1677 3877 1736 3948 uo’
1753 3864 1862 3962 noa,

690 3999 838 4092 scilicet,
870 4018 942 4072 vor
974 3995 1146 4090 secunda,
1173 3989 1285 4088 parad
1316 3998 1520 4088 armando.-
1544 3999 1580 4069 io
1609 4016 1698 4067 sooo
1729 3999 1860 4083 orote,

689 4120 900 4216 exemplum
937 4116 1108 4211 caritatis,
1142 4116 1229 4210 quia
1261 4115 1346 4191 lecit
1379 4116 1575 4191 vindictam
1608 4115 1731 4210 patris.
1762 4112 1864 4187 Unde

689 4243 873 4315 Homerus
898 4238 947 4312 xl
972 4237 1142 4333 Odysseae
1166 4234 1366 4312 introducit
1389 4235 1551 4310 animam
1577 4232 1862 4331 Agamemnonis

653 4338 657 4346 ¹
688 4361 939 4438 contristatam
957 4363 1195 4453 apparentem
1212 4355 1319 4453 Ulyxi
1344 4356 1382 4430 in
1407 4356 1562 4451 inferno,
1581 4356 1644 4451 qui
1666 4352 1861 4448 conqueri-

647 4537 649 4549 ,
688 4491 753 4557 tur
779 4478 877 4574 quod
902 4479 970 4551 fuit
996 4481 1176 4551 mactatus
1201 4475 1247 4552 ad
1274 4494 1451 4571 mensam,
1478 4475 1572 4550 sicut
1588 4476 1654 4548 bos
1675 4478 1861 4547 mactatur

687 4600 735 4676 ad
771 4620 943 4696 praesepe,
978 4598 1165 4688 innocens,
1201 4603 1282 4693 post
1315 4616 1445 4670 omnes
1474 4596 1620 4670 labores
1655 4601 1691 4668 et
1723 4593 1862 4667 fructos

688 4729 818 4798 tantos.
835 4721 879 4792 Et
892 4718 1087 4816 persuadet
1099 4717 1218 4813 Ulyri,
1235 4717 1336 4811 quod
1354 4737 1543 4810 nunquam
1563 4715 1608 4791 sit
1624 4713 1771 4787 humilis
1790 4711 1863 4786 loe-
1981 4745 1986 4752 ·

689 4841 811 4934 minae,
837 4859 906 4914 nec
934 4837 1074 4933 aperiat
1103 4835 1169 4910 sibi
1200 4856 1310 4910 omne
1342 4842 1538 4929 secretum,
1573 4835 1658 4929 quia
1684 4832 1770 4906 nihil
1805 4840 1862 4907 est

752 5099 779 5164 (¹)
794 5099 824 5148 E.
841 5097 930 5148 Primo
946 5111 1056 5163 namque
1073 5097 1130 5149 lhlt.
1364 5097 1393 5160 (Ἴ
1407 5095 1438 5146 ll.
1454 5095 1536 5146 Gessit
1550 5096 1637 5146 etiam
