4542 6842
866 942 1004 999 cnnrus
1030 943 1198 999 DECIMUS.
1545 933 1619 1001 285

443 1088 562 1184 guitas
588 1087 802 1184 pontificalis
828 1096 883 1163 est
908 1088 1028 1163 maior
1053 1088 1185 1185 regali3
1206 1095 1243 1164 et
1260 1095 1341 1164 erat
1362 1089 1483 1164 minus
1504 1110 1616 1183 quam

444 1231 510 1285 rex
538 1211 632 1285 inter
661 1213 786 1286 turbas
811 1212 977 1287 saltando
1002 1219 1040 1287 et
1064 1211 1245 1287 cantando
1266 1212 1464 1287 humiliter.
1483 1214 1512 1286 Ε
1529 1233 1619 1288 con·

442 1337 498 1404 tra
524 1340 650 1407 autem
677 1334 803 1407 Micbol
831 1353 926 1407 uxor
951 1332 1029 1407 eius
1052 1334 1223 1428 superba,
1241 1336 1391 1424 effigiata
1414 1336 1453 1407 di
1476 1342 1614 1424 conda,

443 1450 545 1544 idest,
572 1451 727 1549 figurata
753 1453 790 1525 in
817 1472 1004 1527 marmore
1035 1473 1081 1527 ex
1111 1452 1275 1547 opposito
1307 1452 1433 1546 David,
1464 1457 1515 1527 od
1544 1475 1618 1527 ooo

444 1574 544 1664 virm,
563 1572 706 1668 scilicet,
720 1574 767 1647 ad
785 1574 994 1667 fenestram,
1012 1575 1047 1645 d’
1060 1594 1108 1645 on
1126 1593 1223 1663 pron
1237 1576 1385 1664 polopio
1403 1577 1617 1666 ammirooo,

443 1690 590 1785 scilicet,
621 1692 733 1767 David
763 1700 839 1767 tam
871 1693 1026 1787 turpiter
1051 1692 1283 1788 jubilantem,
1312 1685 1343 1765 si
1371 1714 1467 1765 come
1496 1696 1617 1767 donna

443 1814 672 1905 dispettosoc
704 1817 817 1904 ono,
853 1813 939 1908 quia
974 1813 1233 1910 indignabatur
1264 1819 1301 1887 et
1331 1813 1546 1888 tristabatur
1571 1815 1618 1891 de

442 1936 529 2005 actu
554 1940 592 2007 et
616 1940 721 2029 gestu
749 1932 816 2006 viri
842 1934 910 2007 sui.
937 1934 981 2006 Et
1007 1933 1065 2007 hic
1091 1940 1177 2007 nota
1203 1932 1302 2027 quod
1332 1933 1443 2027 aliqui
1476 1934 1618 2029 volunt,

397 2078 399 2081 ·
443 2052 543 2145 quod
561 2053 689 2128 llichol
707 2075 780 2128 non
799 2060 942 2127 tanturn
959 2054 1105 2129 dolebat
1121 2054 1169 2128 de
1187 2053 1390 2128 bumilitate
1403 2054 1484 2147 viri,
1498 2075 1619 2148 quan·

382 2270 383 2273 Ν
443 2178 523 2245 tum
550 2173 649 2266 quod
674 2174 819 2249 videbat
844 2173 1065 2247 concubinas
1091 2180 1128 2247 et
1153 2172 1242 2247 alias
1269 2174 1444 2247 mulieres
1470 2175 1617 2269 pulcras

442 2290 539 2367 circa
564 2293 690 2388 David,
711 2274 892 2388 cumipse
918 2300 1014 2368 essct
1032 2292 1167 2387 turpis3
1185 2293 1249 2368 sed
1273 2298 1375 2368 certe
1397 2292 1526 2368 Micbol
1544 2293 1617 2368 lilia

443 2412 589 2506 superbi
617 2413 664 2487 ob
691 2418 942 2507 contemptum
971 2412 1154 2508 religionis
1187 2434 1273 2485 cum
1305 2414 1518 2509 arrogantia
1543 2434 1617 2488 non

444 2533 583 2627 peperit
608 2532 724 2607 lilium
750 2554 796 2609 ex
824 2533 937 2607 David
964 2532 1155 2626 usquead
1181 2540 1361 2607 mortem:
1388 2534 1502 2608 David
1527 2553 1618 2608 vcro

443 2654 492 2728 ob
522 2653 754 2729 devotionem
787 2654 869 2729 lidei
902 2661 940 2729 et
971 2654 1185 2727 humilitatis
1215 2654 1342 2728 habuit
1374 2655 1535 2749 quietem
1571 2656 1619 2730 ab

444 2774 614 2848 omnibus
648 2773 800 2848 inimicis
832 2774 1034 2848 suis-Io
1064 2778 1179 2849 morsi.
1212 2775 1278 2849 llic
1308 2782 1415 2871 poeta
1448 2776 1619 2850 describit

444 2894 595 2969 tertium
623 2899 746 2969 actum
779 2895 949 2969 maximae
982 2894 1193 2969 humilitatis
1226 2895 1261 2968 in
1298 2896 1522 2991 imperatore
1556 2917 1619 2970 ro-

444 3034 555 3087 mano
581 3014 841 3109 potentissimo,
860 3013 922 3109 qui
949 3013 985 3087 in
1010 3014 1081 3089 vita
1099 3015 1167 3088 luit
1185 3022 1350 3089 remotus
1369 3015 1417 3089 ab
1434 3037 1509 3090 uno
1527 3036 1618 3096 vcro

444 3136 532 3209 Deo.
558 3134 613 3208 nd
639 3134 749 3207 huius
775 3135 889 3209 literae
915 3134 1188 3231 intelligentiam
1222 3136 1307 3211 volo
1337 3143 1374 3210 te
1399 3138 1494 3213 scire
1519 3135 1618 3232 quod

444 3255 549 3329 mulli
575 3255 786 3330 describunt
811 3256 938 3351 pulcre
964 3256 1058 3330 banc
1083 3256 1285 3351 historiam,
1310 3257 1405 3332 sicut
1432 3258 1618 3355 Helynan-

442 3377 513 3451 dus
529 3376 680 3473 gallicus
699 3382 735 3450 et
752 3374 1156 3477 PolycratusanglicuS,
1170 3375 1234 3469 qui
1250 3376 1302 3451 sic
1318 3376 1442 3450 scribit
1466 3376 1615 3451 libroV:

442 3496 619 3571 Traianus
645 3502 755 3569 tantae
782 3495 999 3569 fortitudinis
1025 3501 1062 3569 et
1086 3495 1266 3569 civilitatis
1286 3496 1364 3590 luit,
1383 3496 1481 3589 quod
1508 3498 1617 3593 longe

427 3624 480 3692 et
505 3619 577 3693 late
602 3614 789 3711 ampliavit
815 3616 905 3690 lines
923 3615 1066 3690 romani
1088 3615 1242 3710 imperii,
1265 3616 1365 3710 quod
1382 3624 1462 3713 post
1487 3619 1617 3715 Augu-

442 3744 541 3811 stum
569 3738 686 3834 magis
711 3736 832 3813 luerat
848 3735 1038 3811 detonsum
1060 3756 1172 3829 quarn
1191 3736 1359 3812 nobiliter
1378 3737 1615 3833 ampliatum,

441 3858 597 3955 gloriam
624 3865 749 3934 tamen
777 3858 970 3933 militarem
998 3857 1249 3932 moderatione
1269 3858 1455 3952 superavit
1476 3860 1614 3954 Romae,

443 3983 481 4053 et
506 3998 572 4074 per
597 3978 802 4074 provincias
826 3976 998 4052 omnibus
1017 3998 1058 4051 se
1077 3978 1257 4071 equalem
1286 3977 1451 4073 reddens,
1478 3980 1616 4054 amicos

444 4098 591 4173 visitans
605 4092 642 4191 (¹)
669 4098 779 4173 etiam
807 4096 1043 4191 infirmantes,
1069 4104 1107 4171 et
1138 4097 1267 4172 diebus
1296 4097 1394 4171 lestis
1427 4118 1513 4171 cum
1548 4098 1617 4173 illis

443 4217 578 4297 iaciens
603 4217 781 4311 convivia,
799 4188 912 4311 ‘equis
941 4224 978 4293 et
1009 4217 1172 4292 vestibus
1201 4238 1334 4291 eorum
1362 4205 1617 4293 'indifferenter

445 4341 551 4409 utens
580 4336 725 4431 publice
760 4342 798 4410 et
827 4336 1008 4431 privatim,
1041 4337 1160 4410 ditans
1192 4357 1333 4431 omnes,
1363 4338 1616 4433 exemptiones

442 4454 648 4529 civitatibus
673 4455 823 4549 donans,
839 4456 1015 4530 relaxans
1032 4456 1168 4530 tributa
1188 4454 1393 4551 provinciis,
1412 4458 1502 4532 nulli
1526 4480 1616 4556 gra-

443 4574 508 4668 vis,
535 4575 706 4650 omnibus
731 4596 851 4669 carus,
874 4574 966 4650 adeo
993 4575 1092 4669 quod
1117 4598 1238 4669 usque
1263 4578 1310 4652 ad
1335 4585 1497 4653 nostram
1524 4586 1616 4653 atta-

381 4736 382 4741 *
443 4702 517 4769 tom
534 4686 570 4787 (¹)
597 4695 846 4770 acclamatur:
865 4695 1018 4770 Felicior
1037 4696 1085 4769 sis
1102 4696 1281 4793 Augusto,
1300 4699 1431 4773 melior
1446 4700 1614 4775 Traiano.

442 4815 540 4911 Ergo
564 4799 735 4889 omnibus
759 4816 938 4890 Traianus
963 4814 1211 4913 praeiereudus
1232 4824 1299 4911 est,
1317 4818 1381 4911 qui
1407 4819 1444 4891 in
1470 4821 1612 4894 cultum

504 5002 532 5063 ii)
549 5002 579 5053 E.
596 5004 701 5054 visitans
716 5010 743 5055 et
760 5004 928 5055 infirmantes.

504 5076 533 5143 (¹)
550 5078 588 5139 lt,
604 5078 630 5130 S.
646 5093 662 5130 c
680 5084 733 5141 lla,
748 5085 852 5132 elatem
870 5080 1026 5144 principibus
1041 5080 1209 5132 acclamatur.

1715 3339 1984 3517 Quadrima
2016 3331 2040 3445 ,9
