4542 6842
712 921 852 979 caurus
877 924 1035 979 onumus
1059 924 1245 979 sonamus.
1492 912 1560 980 161

391 1073 450 1141 tus
475 1066 520 1141 sit
544 1088 568 1143 a
592 1066 775 1164 profundo
800 1087 930 1142 somno
955 1087 1023 1163 per
1049 1086 1162 1142 unam
1182 1066 1343 1143 nobilem
1369 1088 1566 1163 eompara-

390 1188 544 1283 tionem;
570 1194 607 1263 et
632 1188 713 1263 vnn
736 1187 999 1264 sententialiter
1023 1187 1158 1283 dicere,
1183 1188 1282 1283 quod
1308 1188 1439 1265 accidit
1463 1206 1563 1263 nunc

389 1308 456 1383 sibi
481 1307 576 1383 sicut
600 1306 796 1381 dormienti
821 1306 894 1383 tire
925 1308 963 1381 in
991 1328 1154 1402 camera,
1180 1308 1255 1402 qni,
1282 1308 1566 1404 superveniente

389 1428 475 1503 lorti
500 1427 693 1525 splendore
716 1427 801 1502 solis
827 1448 893 1523 per
918 1429 1128 1523 fenestram,
1147 1434 1185 1503 et
1204 1428 1434 1524 percutiente
1454 1430 1493 1502 in
1510 1429 1565 1503 la·

390 1550 484 1625 ciem
509 1570 628 1643 suam,
654 1548 775 1623 subito
801 1548 984 1624 excitatur
1009 1555 1107 1624 totus
1132 1549 1287 1624 territus
1297 1544 1357 1644 (¹);
1383 1549 1432 1624 ita
1464 1566 1565 1623 nune

390 1670 456 1744 lux
481 1667 600 1765 angeli
626 1670 827 1743 vehemens
852 1668 1025 1744 excitavit
1051 1668 1172 1764 ipsum
1203 1668 1449 1745 dormientem
1475 1683 1563 1742 eum

387 1796 546 1865 terrore.
577 1788 669 1863 Dicit
699 1808 810 1884 ergo:
849 1792 951 1863 dome
974 1792 1006 1863 si
1031 1793 1176 1883 sronpe,
1208 1786 1311 1883 idest,
1340 1788 1563 1880 dissolvitur,
1686 1851 1691 1861 .

388 1913 417 1984 il
438 1929 564 2000 sonno,
582 1930 645 1982 ove
661 1910 699 1981 dt
714 1910 819 2001 totto,
845 1907 947 2003 idest,
965 1907 1097 2003 subito,
1114 1926 1233 1981 muoso
1249 1911 1335 2000 luce,
1356 1908 1489 2005 fugans
1505 1913 1563 1981 te·

390 2029 555 2123 nolarum,
576 2036 746 2122 parumn
762 2032 790 2102 il
804 2031 879 2103 viso
895 2031 1024 2121 omaso,
1043 2028 1146 2123 idest,
1165 2028 1380 2103 reverberet
1405 2027 1443 2101 in
1468 2047 1560 2101 ocu·

389 2150 444 2225 los
468 2150 612 2224 clausos
627 2170 651 2225 a
668 2169 809 2243 murno,
827 2151 887 2222 cte
899 2154 1024 2244 scotto,
1042 2149 1146 2244 idest,
1164 2148 1227 2243 qui
1245 2169 1399 2223 somnus
1420 2156 1562 2242 ruptus,

388 2273 531 2363 ponzo,
557 2269 659 2364 idest,
686 2270 864 2363 vibratur,
886 2273 972 2363 prio
1003 2272 1062 2343 cte
1090 2272 1209 2343 amoto
1238 2276 1336 2362 tutto,
1361 2268 1466 2363 idest,
1495 2289 1564 2343 an·

388 2398 540 2486 tequam
558 2390 739 2465 moriatur
755 2390 791 2463 in
810 2396 949 2484 totum;
967 2382 1051 2482 cosi,
1068 2409 1092 2464 a
1109 2389 1228 2484 simili,
1252 2392 1461 2482 limupiaar
1478 2392 1563 2482 mio,

389 2510 491 2606 idest,
518 2508 730 2607 imaginatio
755 2516 793 2583 et
817 2508 1013 2583 abstractio
1043 2508 1147 2584 tortis
1175 2508 1224 2584 ad
1249 2509 1401 2583 modum
1426 2508 1558 2603 somni,

389 2630 500 2704 cudda
522 2632 635 2721 pinso,
661 2627 764 2723 idest,
789 2627 933 2723 deiecit,
958 2634 1045 2701 msto
1070 2630 1129 2701 cte
1154 2631 1257 2720 dms,
1275 2628 1422 2725 scilicet,
1446 2649 1563 2725 ange-

388 2749 513 2843 licum,
539 2752 566 2822 tl
589 2752 680 2823 vulto
705 2751 753 2821 mi
774 2770 948 2842 pernosse,
974 2749 1112 2842 lumen,
1145 2747 1239 2842 dieo,
1268 2752 1434 2839 mappior
1464 2750 1564 2821 assui

389 2872 449 2943 etc
473 2871 584 2961 pudo
609 2864 689 2942 clt’e*
710 2871 747 2941 in
772 2875 894 2942 nostro
918 2888 995 2961 aso,
1021 2868 1131 2962 quale
1156 2874 1212 2943 ert
1236 2868 1365 2942 lumen
1386 2868 1483 2962 solis,
1501 2868 1561 2942 rel

389 2987 650 3084 quodcumque
676 2987 802 3061 lumen
829 2994 1018 3081 nostrum3
1035 2986 1121 3081 quia
1142 2987 1296 3085 angelus
1317 2989 1415 3063 lucet
1440 2987 1563 3083 splen·

388 3109 506 3184 didius
530 3107 632 3183 omni
656 3106 740 3181 luce
765 3107 962 3182 mundana.
977 3112 1090 3181 -lo.
1109 3107 1175 3182 llic
1195 3114 1315 3204 poeta,
1336 3113 1483 3183 ostenso
1500 3108 1562 3182 lu·

389 3228 488 3305 mine
512 3226 631 3325 angeli
658 3247 733 3321 quo
757 3225 826 3301 luit
850 3226 1043 3321 excitatus,
1060 3226 1217 3301 ostendit
1238 3246 1369 3302 rocem
1395 3226 1561 3302 eiusdem

388 3370 463 3445 qua
488 3348 556 3422 luit
584 3346 757 3422 invitatus
786 3346 833 3421 ad
862 3367 998 3422 novam
1027 3346 1233 3422 materiam.
1263 3347 1366 3422 Unde
1389 3346 1492 3421 dicit:
1518 3348 1562 3419 io

387 3474 436 3544 mi
460 3472 596 3560 volpes,
614 3474 805 3562 umquam
821 3466 1008 3561 attonitus,
1031 3488 1098 3559 per
1115 3469 1221 3541 seder
1236 3469 1334 3540 oo’to
1348 3471 1455 3561 fosse,
1474 3464 1562 3561 quia

387 3589 594 3665 nesciebam
621 3608 681 3663 me
715 3608 796 3662 esse
820 3587 858 3661 in
891 3587 964 3662 tine
993 3587 1091 3663 tertii
1122 3586 1250 3661 circuli
1281 3586 1559 3681 iracundorum,

387 3712 529 3803 qnando
553 3729 626 3783 uno
651 3729 745 3799 voce,
772 3707 920 3801 scilicet,
945 3706 1123 3803 angelica,
1151 3707 1286 3802 suavis,
1312 3728 1386 3782 non
1412 3708 1561 3782 terribi-

386 3829 429 3903 lis
455 3828 548 3903 siout
572 3848 645 3903 vox
675 3826 846 3923 Laviuiae,
872 3816 984 3901 dosa:
1017 3830 1076 3919 qut
1104 3830 1138 3900 st
1169 3834 1314 3921 monto,
1339 3828 1487 3922 scilicet,
1511 3827 1559 3903 ad

387 3956 562 4043 quartum
588 3948 746 4045 gradum
771 3948 1050 4041 accidiosorum,
1067 3950 1126 4021 cte
1142 3950 1192 4023 do
1208 3952 1294 4041 opos·
1317 3952 1411 4023 altro
1427 3953 1558 4023 intuto

388 4072 436 4142 mi
458 4072 618 4162 morosos,
644 4069 746 4164 idest,
773 4089 857 4164 qoae
882 4090 954 4143 vox
981 4068 1139 4145 removit
1164 4088 1226 4143 me
1252 4069 1402 4145 omnino
1427 4090 1450 4145 a
1478 4090 1560 4145 ma-

388 4188 479 4263 teria
505 4188 570 4263 irae
595 4188 696 4284 prius
720 4188 859 4265 intenta
873 4180 924 4283 (²),
950 4196 988 4263 et
1012 4188 1187 4283 disposuit
1218 4188 1265 4263 ad
1298 4188 1410 4263 aliam
1441 4200 1561 4268 mate·

387 4308 492 4385 riam.
518 4311 563 4383 lit
588 4308 708 4383 subdit
733 4309 919 4404 quomodo
945 4328 991 4383 ex
1013 4328 1105 4385 voce
1122 4308 1241 4383 tactus
1257 4314 1314 4383 est
1330 4310 1561 4387 avidissimus

387 4428 532 4503 ridendi
561 4429 788 4524 loquentem,
823 4427 852 4501 si
881 4427 976 4501 torte
1005 4426 1117 4522 possit
1131 4418 1168 4519 (⁸)
1202 4447 1426 4525 cognoscere
1459 4451 1559 4505 eum.

386 4549 491 4624 Unde
515 4548 621 4623 dicit:
647 4552 761 4643 esoce
786 4550 822 4620 lo
847 4550 919 4620 mio
945 4550 1061 4638 ooplio
1086 4553 1184 4621 moto
1205 4556 1352 4641 monto,
1376 4551 1463 4644 quia
1488 4570 1561 4625 vox

386 4691 461 4746 non
485 4670 639 4745 sonabat
663 4670 838 4762 humana,
863 4670 902 4741 ds·
924 4669 1123 4759 ispumans·
1139 4670 1195 4743 cti
1209 4690 1275 4742 ero
1299 4672 1359 4743 clrc
1377 4674 1561 4765 partove,

387 4790 474 4886 quia
492 4790 586 4865 sicut
602 4791 731 4864 lumen
748 4787 869 4885 angeli
886 4794 1095 4864 excesserat
1107 4808 1220 4865 omne
1232 4790 1360 4866 lumen
1378 4798 1559 4887 nostrum,

449 5058 475 5119 (¹)
491 5054 522 5107 li.
539 5054 686 5107 exterritus.
810 5054 837 5117 (¹)
855 5059 908 5117 1¹⁷,
925 5054 1053 5107 tnehouta.
1177 5052 1205 5117 (Ἴ
1222 5060 1277 5117 117,
1292 5061 1387 5120 porum.
