4542 6842
702 946 774 1019 aot
1059 958 1263 1015 counnruu
1287 959 1507 1015 nuncnronu

699 1124 817 1201 genus
843 1104 961 1179 morbi
988 1104 1165 1179 naturalis
1189 1103 1357 1180 accidens
1382 1104 1518 1178 homini
1537 1105 1572 1177 in
1593 1111 1701 1181 nocte
1718 1105 1754 1179 in
1772 1126 1871 1181 soru-

699 1225 770 1317 nio,
797 1225 883 1320 quia
909 1225 1054 1301 videtur
1079 1225 1126 1319 ei,
1153 1231 1195 1298 ut
1219 1225 1330 1299 audio
1354 1224 1402 1298 ab
1427 1224 1598 1319 expertis,
1620 1227 1719 1320 quod
1737 1227 1871 1301 lrabeat

699 1352 816 1421 toturn
845 1345 1024 1419 mundum
1052 1365 1164 1440 super
1189 1366 1241 1439 se,
1259 1353 1296 1419 et
1317 1345 1462 1419 videtur
1482 1344 1653 1421 collocari
1669 1347 1740 1420 sub
1758 1346 1870 1421 nimio

697 1464 859 1559 pondere
885 1472 923 1539 et
948 1472 1102 1541 vocatur
1126 1486 1149 1539 a
1174 1464 1331 1561 physicis
1351 1464 1518 1539 incubus.
1537 1465 1610 1537 lllae
1626 1465 1760 1539 anima,
1776 1465 1869 1559 dioo,

699 1585 799 1661 ibant
833 1588 1044 1677 reposuere,
1072 1585 1173 1679 idest,
1199 1584 1428 1681 angustiatae,
1455 1588 1702 1678 dispormcrtte,
1736 1606 1870 1662 secun-

699 1706 788 1781 dum
815 1707 896 1800 plus
921 1712 958 1779 et
985 1704 1104 1779 minus
1129 1705 1310 1800 ponderis,
1335 1712 1415 1779 tutte
1438 1727 1463 1779 u
1486 1709 1606 1796 londo,
1633 1707 1719 1799 quia
1739 1727 1870 1781 omnes

699 1826 801 1901 ibant
821 1825 856 1899 in
884 1825 1038 1900 circuitu
1067 1826 1210 1920 montis,
1236 1847 1255 1898 e
1278 1830 1383 1917 lasse,
1413 1826 1515 1920 idest,
1547 1826 1716 1923 fatigatae,
1739 1850 1782 1901 su
1801 1850 1871 1921 pcr

700 1952 736 2023 la
757 1952 877 2041 primo
903 1950 1052 2038 cornice,
1078 1946 1182 2039 idest,
1208 1968 1273 2042 per
1304 1947 1464 2042 primurn
1499 1948 1693 2042 circulum,
1725 1948 1788 2043 qui
1813 1955 1871 2025 eat

700 2069 817 2165 prima
844 2090 928 2164 pars
952 2068 1047 2141 illius
1072 2068 1241 2162 cornicis;
1269 2076 1305 2141 et
1329 2068 1433 2143 dicit:
1457 2072 1648 2161 perpendo
1667 2072 1706 2142 lo
1721 2072 1893 2161 catiptrre-

699 2192 757 2263 dcl
779 2192 921 2279 mondo,
947 2188 1048 2281 idest,
1075 2188 1404 2282 superbiamque
1430 2188 1584 2263 offuscat
1609 2196 1771 2265 mentem
1794 2212 1870 2285 prae

698 2308 840 2383 ceteris
873 2307 976 2400 vitiis,
1008 2308 1094 2402 quia
1120 2308 1215 2381 istud
1247 2308 1375 2381 vitium
1412 2309 1490 2383 vult
1525 2310 1647 2385 lacere
1682 2310 1869 2385 hominem

698 2430 829 2523 Deum,
860 2430 917 2505 vel
946 2429 1101 2503 similem
1136 2429 1354 2504 Deo-Sc.
1386 2429 1451 2503 ldie
1480 2436 1587 2523 poeta
1619 2430 1817 2525 persuadet
1832 2423 1869 2523 (⁴)

698 2550 801 2623 nobis
828 2549 982 2625 reddere
1008 2548 1103 2644 piam
1131 2547 1262 2641 vicem,
1288 2548 1424 2623 scilicet
1450 2550 1659 2625 mercedem
1686 2550 1868 2646 duplicem

697 2690 764 2765 pro
790 2669 875 2743 istis
912 2669 1014 2743 Unde
1042 2667 1150 2742 dicit:
1183 2690 1220 2740 se
1249 2671 1287 2741 di
1314 2658 1364 2757 ld,
1395 2669 1541 2763 seilicet,
1571 2668 1608 2742 in
1642 2670 1867 2766 purgatorio,

698 2790 760 2863 ben
792 2812 858 2883 per
892 2793 952 2863 noi
988 2791 1019 2863 a·
1051 2792 1138 2879 dice,
1173 2788 1320 2881 scilicet,
1357 2789 1405 2863 ab
1442 2788 1526 2883 ipsis
1564 2789 1626 2882 qui
1661 2797 1768 2865 orant
1801 2811 1870 2885 pro

699 2910 803 2983 nobis
832 2930 918 2983 cum
944 2908 1089 2983 dicunt:
1116 2916 1149 2981 ct
1171 2930 1215 2979 ne
1239 2912 1496 3001 nortmanos,
1525 2912 1585 2982 clrc
1612 2913 1782 3003 sipaote,
1814 2910 1870 2983 in-

699 3030 922 3126 terrogative
947 3029 1122 3123 loquitur,
1155 3032 1244 3120 dire,
1282 3028 1606 3123 scilicet,‘orando,
1631 3035 1747 3124 asor,
1772 3029 1867 3105 sicut

693 3149 845 3247 ieiunia,
872 3150 1121 3243 eleemosinas,
1141 3148 1452 3244 peregrinationes
1468 3155 1505 3223 et
1527 3149 1681 3243 similia3
1701 3172 1770 3243 pcr
1793 3154 1868 3241 aot,

698 3292 764 3367 pro
789 3270 981 3345 animabus
1007 3290 1151 3361 eorum,
1175 3271 1214 3341 dt
1237 3286 1320 3359 quo,
1338 3268 1484 3361 scilicet,
1504 3269 1542 3341 iu
1565 3269 1702 3343 mundo
1727 3277 1868 3360 nostro,

615 3439 616 3443 =
696 3394 746 3466 do
779 3394 868 3483 quei,
894 3389 1040 3481 scilicet,
1061 3388 1180 3483 justiS,
1206 3390 1366 3462 alanno
1391 3392 1430 3461 ut
1454 3392 1550 3462 ootcr
1580 3389 1697 3463 duona
1720 3394 1870 3464 radice?

696 3510 815 3605 Aliqui
849 3509 946 3584 enim
984 3510 1116 3584 liabent
1155 3510 1381 3583 voluntatem
1407 3509 1663 3585 ⁴benefaciendi
1701 3511 1869 3603 mortuis,

697 3653 857 3728 quorum
885 3650 1011 3726 preces
1037 3651 1110 3706 non
1137 3636 1328 3705 merentur
1351 3630 1635 3705 exauditionem.
1652 3633 1699 3705 Et
1719 3652 1870 3726 respon-

696 3754 757 3827 det
789 3752 868 3844 sibi,
904 3751 1047 3826 dicens:
1082 3752 1146 3823 don
1175 3754 1206 3824 si
1238 3753 1299 3823 dcc
1329 3753 1426 3823 altar
1458 3753 1565 3823 tooar
1597 3753 1630 3825 tc
1659 3758 1739 3825 note
1774 3754 1868 3843 toro,

697 3873 788 3949 idest
800 3864 851 3965 (²),
878 3872 991 3967 signa,
1018 3870 1166 3963 scilicet,
1189 3876 1337 3964 peccata
1356 3870 1535 3963 mortalia,
1556 3873 1615 3944 cde
1635 3879 1780 3964 portur,
1797 3871 1868 3947 sci-

696 3996 791 4087 licet,
817 3995 854 4068 in
880 3994 999 4069 fronte
1019 3991 1217 4088 signatasa
1238 3991 1437 4084 sacerdote,
1455 3996 1581 4084 puato,
1599 3992 1702 4098 idest,
1723 3992 1770 4066 ab
1798 3994 1867 4067 troc

697 4115 839 4207 seculo;
864 4108 894 4187 si
925 4116 983 4186 clm
1008 4115 1140 4202 moram,
1166 4111 1267 4204 idest,
1293 4111 1456 4186 mundati
1483 4118 1520 4186 et
1547 4114 1692 4209 purgati
1720 4114 1767 4187 ab
1791 4112 1868 4185 istis

698 4236 862 4327 maculis,
888 4258 906 4307 e
937 4237 1027 4323 licut,
1054 4233 1156 4325 idest,
1181 4232 1338 4306 alleviati
1369 4232 1531 4327 pondere
1562 4255 1750 4327 saxorum,
1780 4255 1868 4326 pos-

697 4376 785 4429 sano
815 4358 928 4428 uscire
957 4358 1026 4428 olle
1049 4355 1180 4426 stellato
1204 4359 1292 4442 rote,
1318 4351 1419 4444 idest,
1446 4352 1491 4426 ad
1522 4374 1648 4447 speras
1673 4354 1866 4426 coelorum.

771 4478 867 4549 Ded!
886 4496 924 4547 se
943 4476 1115 4564 plustizia.
1143 4474 1214 4545 lsta
1239 4479 1294 4547 est
1316 4473 1478 4547 secunda
1505 4495 1591 4568 pars
1615 4473 1808 4569 generalis,
1831 4473 1867 4545 in

694 4619 770 4691 qua
797 4602 901 4691 poeta
930 4594 1125 4671 introducit
1144 4613 1261 4666 unum
1280 4592 1447 4688 spiritum
1467 4592 1686 4667 modernum
1704 4593 1767 4686 qui
1786 4593 1868 4666 lue·

695 4724 754 4793 rat
778 4716 958 4812 superbus
990 4716 1130 4789 ratione
1162 4696 1416 4810 generositatis
1446 4713 1642 4809 sanguinis.
1676 4713 1720 4787 Et
1748 4712 1868 4808 primo

696 4843 798 4940 tingit
830 4841 928 4937 quod
955 4839 1124 4936 Virgilius
1151 4846 1256 4935 rogat
1287 4838 1438 4911 umbras
1469 4838 1506 4910 in
1535 4838 1700 4934 generali
1717 4845 1771 4956 ut
1803 4837 1869 4912 do·

758 5092 786 5152 (¹)
803 5091 834 5141 E.
849 5091 947 5143 suadet.
1083 5088 1111 5153 (¹)
1128 5091 1159 5141 E.
1176 5092 1242 5141 idest
1256 5092 1380 5153 maculas,
1397 5092 1493 5142 scilicet
1511 5098 1615 5155 peccata
1630 5105 1722 5143 eorum
1739 5091 1866 5145 mortalia.
