4542 6842
853 971 992 1027 caurus
1017 973 1159 1028 rnrnns.
1544 962 1589 1030 15

420 1122 481 1190 tur
507 1119 565 1191 vel
591 1117 769 1192 recedunt
793 1139 815 1191 a
840 1118 922 1192 visu
941 1126 1077 1214 nostro,
1096 1120 1146 1194 ita
1171 1121 1209 1193 in
1231 1119 1394 1215 opposita
1414 1127 1519 1214 parte
1536 1122 1592 1194 ni-

418 1235 526 1310 detur
561 1237 786 1331 rationabile,
820 1237 918 1331 quod
954 1239 1024 1312 sint
1055 1239 1189 1334 aliquae
1221 1241 1334 1314 stellae
1364 1241 1463 1317 circa
1487 1241 1589 1315 illum

419 1358 558 1453 polum,
585 1377 668 1452 quae
694 1358 731 1431 in
756 1357 827 1432 alia
853 1366 957 1453 parte
983 1366 1092 1434 terrae
1117 1362 1248 1436 eodem
1275 1363 1384 1435 modo
1401 1382 1475 1436 non
1496 1362 1590 1438 rele-

421 1484 556 1550 runtur
580 1498 602 1551 a
628 1477 872 1552 firmamento.
898 1479 971 1553 lllae
997 1501 1087 1576 ergo
1117 1501 1322 1573 numquam
1350 1488 1501 1576 possunt
1526 1503 1591 1578 ap·

421 1616 554 1690 parere
577 1596 614 1670 in
640 1599 710 1670 hac
735 1604 951 1693 temperata,
969 1600 1056 1692 quia
1079 1607 1204 1673 tumor
1222 1605 1333 1674 terrae
1357 1601 1591 1697 interpositus

421 1728 485 1792 est.
513 1718 587 1792 Nec
612 1718 749 1792 mirum
776 1740 861 1793 cum
889 1721 1031 1793 dicatur
1056 1721 1093 1794 in
1118 1721 1218 1795 ludia
1244 1741 1324 1796 esse
1355 1728 1502 1817 gentem
1530 1723 1591 1796 cui

421 1858 493 1912 non
519 1845 670 1932 apparet
696 1839 761 1912 nisi
789 1859 861 1912 urm
881 1839 927 1913 de
946 1840 1055 1914 stellis
1076 1840 1243 1935 plaustri3
1263 1841 1361 1934 quod
1378 1841 1592 1938 contingere

421 1979 493 2032 non
519 1965 638 2053 potest
661 1967 810 2055 propter
835 1959 944 2053 aliud,
972 1981 1084 2054 quam
1112 1968 1261 2055 propter
1279 1961 1589 2056 interpositionem

421 2081 575 2154 tumoris
601 2079 745 2152 umbrae
769 2087 896 2154 terrae:
915 2101 960 2155 er
988 2081 1123 2174 quibus
1148 2088 1248 2176 patet
1273 2082 1372 2175 quod
1397 2091 1505 2177 poeta
1522 2103 1592 2156 no-

420 2205 495 2273 ster
526 2219 598 2272 non
630 2205 774 2293 poterat
804 2200 930 2274 videre
960 2201 1068 2274 simul
1095 2208 1299 2295 utrumque
1329 2204 1467 2296 polum,
1499 2203 1593 2276 sicut

420 2319 525 2392 multi
556 2320 646 2394 laiso
677 2319 802 2393 dicunt
834 2321 913 2414 hic3
949 2321 1031 2397 ideo
1063 2322 1091 2394 si
1125 2328 1288 2417 coeperat
1314 2323 1439 2396 videre
1464 2325 1591 2418 polum

421 2441 657 2533 antarcticum,
674 2440 833 2514 desierat
858 2441 983 2516 videre
1010 2443 1134 2537 polum
1161 2442 1330 2516 anticum.
1358 2443 1467 2516 Polus
1493 2444 1592 2518 enim

421 2561 725 2657 septemtrionalis
746 2569 801 2636 est
822 2583 933 2658 super
959 2563 1076 2657 capita
1103 2570 1226 2637 nostra
1235 2587 1245 2657 3
1276 2563 1477 2638 antarticus
1501 2583 1593 2639 vero

421 2681 537 2756 estin
563 2681 724 2776 opposita
751 2688 866 2777 parte,
892 2690 928 2756 et
953 2683 1022 2756 sub
1051 2681 1204 2777 pedibus
1230 2682 1373 2778 nostris,
1399 2691 1435 2758 et
1466 2683 1594 2760 litma-

422 2808 589 2876 mentum
614 2822 760 2897 semper
786 2803 945 2878 volvitur
969 2803 1016 2877 ab
1041 2810 1127 2877 ortu
1152 2803 1189 2876 in
1216 2823 1388 2877 occasum
1408 2805 1502 2881 inter
1526 2807 1593 2881 ltos

421 2921 513 2995 duos
539 2923 662 3017 polos3
689 2929 725 2997 et
751 2923 835 2998 inde
860 2924 1034 3020 contingit
1063 2923 1162 3018 quod
1193 2924 1295 3018 polus
1328 2931 1451 2998 noster
1481 2947 1593 2998 num-

421 3063 532 3134 quam
560 3043 696 3117 recedit
726 3065 747 3116 a
777 3044 856 3117 visu
888 3050 1025 3136 nostro,
1053 3050 1090 3118 et
1121 3042 1182 3117 ille
1212 3042 1275 3137 qui
1310 3053 1365 3119 est
1398 3063 1445 3118 ex
1475 3045 1591 3120 altera

421 3167 524 3257 parte
550 3185 754 3257 numquam
782 3164 886 3239 nobis
902 3170 1073 3259 apparet3
1094 3169 1132 3237 et
1158 3184 1180 3237 e
1204 3183 1384 3238 converso
1403 3163 1533 3238 accidit
1555 3164 1592 3237 in

420 3282 490 3356 alio
518 3283 746 3378 hemisperio.
774 3284 858 3358 ldeo
883 3284 929 3357 ad
947 3283 1109 3378 literam3
1128 3283 1212 3358 dicit
1237 3290 1365 3378 poeta:
1386 3287 1422 3356 to
1438 3287 1488 3356 mi
1506 3287 1594 3358 nolu

421 3424 557 3477 amun
590 3406 721 3496 dentre,
747 3405 883 3479 scilicet
914 3425 1044 3479 versus
1080 3403 1284 3498 meridiem,
1314 3426 1334 3476 e
1360 3408 1442 3497 post
1470 3413 1593 3496 mnata,

421 3522 523 3617 idest,
551 3524 692 3619 respexi
719 3545 805 3598 cum
831 3525 940 3598 oculo
967 3524 1108 3617 mentis,
1135 3544 1160 3594 u
1185 3527 1313 3598 {ultro
1336 3528 1432 3616 polo,
1458 3524 1594 3598 scilieet

420 3643 632 3738 australem,
658 3643 722 3737 qui
748 3651 828 3718 erat
853 3644 948 3717 altus
974 3644 1021 3717 ibi
1036 3638 1072 3736 (¹)
1106 3643 1200 3718 sicut
1233 3643 1336 3718 nobis
1366 3651 1422 3719 est
1452 3644 1593 3738 bassus,

421 3787 439 3836 e
464 3767 536 3837 vidi
559 3771 699 3857 quattro
725 3767 830 3854 stelle,
850 3763 950 3858 idest,
969 3771 1131 3858 quatuor
1148 3763 1304 3839 virtutes
1320 3765 1534 3858 cardinales,
1552 3769 1595 3837 ut

381 3887 382 3892 ’
421 3891 530 3960 autor
556 3905 596 3959 se
620 3885 749 3981 glosat,
767 3891 804 3959 et
829 3885 978 3978 exponit
997 3885 1157 3981 capitulo
1174 3886 1462 3981 antepenultimo
1483 3886 1594 3960 liuius

422 4005 639 4101 Purgatorii‚
666 4026 750 4099 quae
775 4004 907 4079 merito
932 4005 1161 4099 appellantur
1191 4007 1316 4100 stellae,
1343 3997 1481 4100 quia(')
1508 4013 1595 4080 sunt

422 4126 531 4198 clarae
557 4133 593 4201 et
619 4127 911 4220 incorruptibiles
936 4127 1040 4201 velut
1064 4127 1187 4201 stellae.
1206 4128 1251 4201 ut
1276 4135 1362 4202 nota
1379 4128 1478 4221 quod
1495 4129 1594 4204 circa

422 4244 533 4318 alium
561 4247 686 4340 polum
713 4253 799 4320 sunt
824 4253 898 4320 tres
923 4247 1155 4321 lucidissimae
1179 4250 1292 4322 stellae
1318 4249 1490 4343 oppositae
1519 4249 1595 4323 istis

422 4372 594 4460 quatuor,
620 4373 662 4440 ut
687 4367 829 4441 dicetur
858 4367 950 4441 infra
986 4369 1146 4463 capitulo
1170 4369 1257 4463 Vnt,
1290 4390 1374 4463 quae
1399 4370 1596 4466 allegorice

421 4495 507 4561 suut
542 4495 616 4562 tres
646 4487 799 4560 virtutes
835 4488 1067 4584 theologicam
1100 4495 1138 4563 et
1162 4489 1258 4584 dicit,
1288 4511 1361 4563 non
1395 4494 1478 4565 uicto
1510 4494 1595 4583 mat,

422 4608 524 4704 idest,
550 4629 624 4683 non
649 4607 737 4681 nisae
756 4608 835 4703 jam
860 4628 926 4703 per
951 4608 1068 4682 multa
1094 4611 1219 4684 secula
1247 4611 1294 4685 ab
1314 4611 1523 4687 hominibus
1540 4613 1596 4686 vi-

423 4727 532 4823 tiosis,
559 4729 623 4804 sed
648 4729 786 4822 antiqui
813 4729 963 4825 egregie
985 4731 1182 4805 coluerunt
1199 4753 1274 4827 eas,
1291 4733 1374 4809 ideo
1390 4733 1496 4808 dicit:
1510 4739 1596 4830 paor

421 4851 481 4921 cle
505 4870 530 4921 o
557 4852 592 4921 lu
614 4852 733 4942 prima
757 4856 866 4942 pente.
893 4850 937 4922 Et
962 4849 1020 4923 ltic
1046 4858 1132 4926 nota
1154 4853 1252 4946 quod
1269 4853 1381 4948 aliqui
1406 4861 1596 4952 exponunt

484 5099 513 5164 (ί)
529 5100 559 5149 u.
577 5101 631 5150 stur.
942 5101 970 5165 p)
986 5102 1017 5154 u.
1034 5116 1101 5168 qus.
