4542 6842
1544 977 1616 1049 tot

442 1347 817 1436 conveniremus
836 1363 1034 1446 ouranos,
1050 1367 1086 1432 n
1100 1384 1162 1450 ror
1175 1372 1293 1436 aanor
1304 1369 1457 1452 neapo
1470 1371 1617 1456 anam

520 1477 652 1562 romu
674 1477 768 1558 arar,
788 1483 818 1543 e
838 1478 920 1544 aar
941 1476 1096 1564 verave
1118 1477 1291 1548 oceanea
1309 1479 1450 1568 anam
1471 1483 1617 1568 quaere

520 1610 592 1658 nem
609 1589 648 1654 de
666 1587 772 1672 clipeo
789 1589 871 1656 dicto
893 1588 982 1660 ditus
995 1587 1450 1674 Raynmridcliomandioim
1466 1599 1618 1678 etpoaieu
1777 1599 1792 1636 ⁶

521 1703 603 1768 oinct
617 1699 652 1768 in
670 1700 808 1786 quodmn
823 1700 943 1769 visione
963 1700 1045 1766 uidit
1066 1699 1192 1788 aliquae
1208 1702 1333 1789 fipuroc
1355 1724 1424 1786 quc
1447 1704 1619 1791 diopoourrt

520 1813 631 1880 vitium
651 1811 888 1878 ircurndoruor.

526 2113 735 2323 Qurvro
760 2215 819 2284 tre
844 2209 1015 2286 initimar
1039 2210 1118 2282 retr
1131 2229 1202 2282 oro
1225 2215 1336 2284 roza.
1358 2209 1559 2304 Postquam
1579 2209 1617 2284 in

444 2330 665 2426 precedant
702 2329 861 2426 capitulo
899 2334 1007 2424 poeta
1044 2335 1169 2408 noster
1202 2329 1385 2425 expedivit
1417 2335 1617 2406 tractatum

444 2450 600 2546 invidiae,
631 2471 715 2545 quac
747 2455 930 2546 purgatur
960 2449 998 2526 in
1029 2449 1202 2528 wando·
1225 2449 1364 2526 circuio
1395 2452 1617 2550 purgatorii,

445 2591 545 2646 nuuc
561 2574 831 2664 consequenter
855 2568 931 2666 agit
956 2574 994 2645 et
1018 2574 1150 2649 tractu
1165 2569 1213 2645 de
1228 2570 1338 2644 tertio
1355 2571 1442 2648 vitio
1462 2572 1617 2667 capituli,

446 2691 546 2787 quod
571 2695 752 2788 purgatur
777 2689 815 2764 iu
838 2689 948 2767 tertio
969 2689 1118 2783 circulo,
1140 2695 1317 2765 ettotam
1335 2691 1536 2785 capitutum
1554 2693 1619 2768 XV

444 2818 659 2889 contentum
677 2804 712 2904 (¹)
753 2815 810 2886 est
847 2808 955 2888 dividi
993 2809 1031 2886 in
1069 2815 1232 2903 quatuor
1260 2817 1383 2905 partos
1414 2814 1618 2906 generatae

446 2934 638 3031 inprime
672 2950 833 3036 quarum
868 2936 976 3025 poeta
1006 2929 1177 3008 devciiirit
1210 2931 1475 3026 apparitionem
1509 2932 1620 3008 unius
1657 2921 1661 2928 ’

444 3055 580 3152 angeli,
612 3053 678 3147 qui
709 3055 844 3148 purgat
859 3041 895 3144 (¹)
930 3069 1018 3128 eum
1055 3071 1079 3126 a
1117 3049 1205 3126 vitio
1241 3049 1396 3144 invidiae,
1429 3056 1467 3126 et
1499 3051 1621 3149 dirigit

445 3175 495 3252 ud
520 3175 701 3250 circulum
728 3172 802 3248 irae.
829 3170 1055 3248 insecundo
1084 3169 1170 3246 iacit
1196 3170 1482 3246 declarationem
1511 3171 1652 3246 unius‘

446 3295 533 3372 dicti
559 3295 663 3391 poeiti
689 3293 727 3368 iu
756 3291 975 3389 precedenti
1006 3291 1178 3386 capituto,
1203 3291 1303 3385 quod
1333 3290 1525 3366 videbatur
1553 3293 1622 3368 ob-

445 3435 613 3511 scurum,
639 3415 706 3489 ibi:
738 3417 770 3490 ci
801 3415 872 3488 mio
901 3419 1064 3489 macodo.
1095 3413 1136 3484 ln
1167 3410 1275 3489 tertia
1304 3410 1475 3486 describit
1508 3433 1621 3488 uuam

446 3557 555 3612 suam
581 3535 773 3628 visionem,
793 3553 859 3628 per
885 3552 998 3627 quam
1024 3531 1131 3607 docet
1155 3550 1367 3625 precavere
1391 3531 1439 3606 ab
1464 3531 1531 3626 ira,
1552 3532 1620 3606 ibi:

446 3661 534 3732 corr'
546 3660 582 3731 to
607 3659 718 3731 colcu.
744 3655 786 3731 in
811 3657 944 3748 quarta
961 3657 999 3730 et
1019 3651 1149 3726 ultima
1167 3651 1267 3746 ponit
1284 3651 1621 3746 interpretationem

446 3777 544 3854 iliius
569 3777 715 3852 visionis
740 3776 876 3852 iactam
893 3793 915 3848 a
933 3771 1094 3869 Virgilio,
1114 3771 1180 3846 ibi:
1198 3773 1340 3868 pundo
1365 3775 1522 3846 inrdmu
1538 3777 1620 3848 mio.

309 3943 311 3946 -
448 3899 504 3974 td
521 3898 683 3993 primum
702 3894 848 3972 rediens
863 3893 958 3987 dico,
978 3892 1078 3988 quod
1098 3897 1206 3991 poeta
1226 3897 1351 3966 noster
1370 3890 1542 3967 describit
1556 3914 1624 3988 ap-

449 4019 668 4117 paritionem
693 4016 806 4093 unius
830 4013 972 4112 angeli,
989 4013 1054 4090 aed
1071 4012 1191 4107 primo
1207 4011 1394 4107 premittit
1410 4011 1625 4108 descriptio-

449 4159 536 4236 nem
561 4140 675 4234 horu,
706 4143 744 4214 ot
776 4135 923 4214 videtur
954 4133 1078 4213 dicare
1107 4132 1381 4228 sententiatim,
1411 4134 1511 4228 quod
1544 4140 1625 4210 orat

450 4261 541 4336 horu
570 4257 796 4354 vespertina3
823 4253 923 4350 prod
947 4253 1033 4332 dicit
1050 4274 1117 4349 per
1134 4272 1249 4328 uuam
1266 4253 1519 4330 circuitionem
1537 4275 1624 4331 ver-

449 4381 596 4456 borum.
623 4378 717 4454 ltioit
741 4375 852 4472 enim,
878 4375 977 4470 quod
1002 4381 1147 4452 tantum
1178 4381 1260 4452 erat
1289 4376 1338 4450 ab
1368 4375 1429 4452 iiia
1460 4378 1552 4468 hora
1576 4377 1625 4452 ad

449 4520 546 4596 sero,
568 4503 748 4596 qnantum
766 4501 823 4573 eut
846 4495 894 4572 ab
918 4502 1004 4573 ortu
1030 4494 1116 4573 eolis
1137 4515 1258 4589 usque
1276 4494 1324 4569 ad
1342 4497 1470 4570 trorum
1497 4498 1624 4572 tertia-

451 4641 558 4717 rum;
584 4620 634 4696 itu
660 4618 760 4715 quod
785 4619 889 4716 large
906 4615 1091 4712 loquendo
1107 4615 1295 4693 restabant
1311 4617 1405 4692 torto
1424 4622 1501 4696 tres
1521 4620 1623 4697 horte

448 4742 534 4838 diei,
551 4747 602 4836 et,
620 4745 661 4816 nt
682 4741 783 4819 cirre
806 4737 938 4832 dcam,
956 4744 1037 4816 orat
1052 4737 1160 4830 quusi
1185 4737 1277 4814 horu
1297 4736 1473 4833 vigedma
1492 4739 1622 4834 prima.

449 4861 544 4938 Dicit
569 4881 678 4959 orgo:
703 4847 1297 4952 nnopnevaprtmernmo
1321 4860 1455 4932 droia
1477 4862 1537 4933 dai
1557 4881 1623 4936 oro

513 5125 817 5192 citerorum·
1097 5123 1325 5213 craneum·
