4542 6842
704 960 775 1028 llll
1064 974 1269 1031 comarum
1294 977 1514 1033 unnenaonu

699 1140 813 1211 eroco,
839 1121 938 1192 cl'io
960 1122 1010 1217 sei
1035 1124 1073 1195 di
1097 1142 1165 1213 me,
1191 1122 1294 1218 idest,
1320 1143 1434 1219 quam
1460 1142 1610 1197 crucem
1638 1142 1709 1219 ego
1734 1122 1803 1199 leci
1827 1121 1875 1197 de

700 1238 857 1314 brachiis
883 1240 976 1315 meis
1001 1240 1039 1315 in
1065 1242 1285 1317 memoriam
1312 1242 1488 1339 passionis
1512 1242 1644 1317 Christi
1658 1235 1709 1337 (l),
1733 1244 1875 1336 ᾳιιιιιιιὶο

697 1360 865 1451 ildolcr,
891 1359 1037 1455 scilicet,
1064 1362 1203 1457 mortis,
1231 1366 1279 1435 mi
1304 1366 1420 1437 uince:
1445 1364 1623 1435 vollommi
1641 1383 1711 1455 per
1744 1366 1775 1436 le
1798 1365 1876 1455 ripe

698 1500 717 1551 c
738 1500 806 1572 per
829 1482 865 1553 lo
886 1483 1010 1574 fondo,
1036 1480 1148 1577 ipsius
1180 1482 1280 1576 Arni,
1303 1486 1366 1576 poi
1389 1484 1439 1556 nei
1461 1502 1603 1574 copcrse
1628 1502 1647 1553 c
1671 1484 1776 1573 diue,
1802 1481 1875 1557 sci-

698 1598 782 1675 licet
807 1622 919 1695 supra
944 1607 982 1676 et
1006 1601 1114 1696 circa,
1150 1605 1188 1676 eii
1211 1623 1278 1675 sua
1296 1604 1428 1696 predo,
1454 1602 1569 1677 mixta
1589 1622 1676 1675 cum
1702 1622 1810 1697 aqua.
1828 1602 1873 1675 Et

698 1720 750 1795 sic
765 1720 970 1797 Boncontes
988 1723 1232 1818 responditis
1248 1724 1437 1819 sepultura
1453 1744 1532 1817 sua,
1547 1742 1661 1816 qnam
1679 1722 1746 1796 sibi
1762 1730 1871 1819 poeta

698 1841 841 1933 dixerat
865 1862 946 1917 esse
963 1842 1189 1940 ignoratam3
1207 1851 1244 1918 et
1261 1844 1463 1937 considera,
1484 1845 1611 1939 lecim,
1631 1848 1770 1938 quanta
1789 1849 1871 1919 arte

698 1970 806 2058 poeta
831 1969 956 2041 noster
975 1963 1191 2040 exaltaverit
1209 1966 1315 2041 istam
1336 1964 1529 2039 materiam
1555 1962 1601 2039 de
1626 1984 1667 2039 so
1691 1963 1869 2037 humilem

698 2088 736 2157 et
759 2082 914 2157 bassam.
925 2086 1078 2156 -nelt
1094 2086 1200 2159 Nunc
1217 2084 1348 2158 ultimo
1365 2089 1472 2179 poeta
1489 2083 1721 2159 subannectit
1737 2102 1870 2177 quem-

696 2201 782 2275 dam
808 2202 959 2277 tertium
984 2202 1151 2298 spiritum
1182 2205 1228 2279 de
1258 2222 1416 2278 numero
1448 2202 1720 2299 praedictorum.
1753 2203 1796 2275 Et
1828 2208 1870 2275 ut

696 2342 858 2416 praesens
874 2321 978 2397 litera
995 2323 1040 2396 sit
1058 2322 1203 2419 clarior,
1230 2330 1285 2399 est
1309 2322 1430 2419 primo
1454 2322 1656 2417 sciendum,
1678 2322 1777 2418 quod
1802 2321 1870 2396 ista

695 2441 819 2517 anima
835 2441 903 2516 luit
920 2442 1089 2537 quaedam
1108 2443 1236 2518 nobilis
1255 2442 1403 2517 domina
1415 2443 1577 2517 senensis
1593 2442 1639 2518 de
1656 2442 1768 2537 stirpe
1784 2442 1871 2517 Pto-

695 2562 927 2654 lomaeorum,
954 2583 1039 2655 quae
1064 2562 1132 2635 luit
1157 2585 1254 2638 uxor
1278 2562 1470 2639 cuiusdam
1496 2563 1626 2638 nobilis
1651 2563 1784 2657 militis,
1805 2562 1869 2657 qui

695 2691 849 2760 vocatus
874 2690 930 2758 est
954 2682 1124 2758 dominus
1149 2684 1273 2759 Nellus
1293 2685 1340 2759 de
1360 2684 1614 2759 Panoclrischis
1630 2675 1667 2776 (¹)
1684 2684 1730 2759 de
1747 2684 1868 2776 Petra,

695 2806 759 2902 qui
779 2811 860 2880 erat
876 2810 1004 2898 polens
1021 2803 1059 2877 in
1076 2804 1260 2879 maritima
1277 2805 1470 2879 senarum.
1490 2804 1627 2881 Accidit
1648 2826 1751 2902 ergo,
1769 2804 1867 2901 quod

694 2925 784 3000 dum
798 2916 837 3018 (³)
863 2930 1078 3019 coenassent,
1104 2931 1142 2999 et
1173 2924 1242 2999 ista
1271 2925 1419 3001 domina
1448 2931 1562 3001 staret
1590 2926 1638 3001 ad
1668 2927 1865 3001 fenestram

694 3046 816 3143 palatii
841 3046 877 3120 in
907 3044 1041 3118 solatiis
1073 3043 1161 3139 suis,
1187 3044 1336 3140 quidam
1367 3044 1581 3121 domicellus
1613 3046 1659 3121 de
1692 3044 1865 3139 mandato

693 3166 785 3242 Nelli
809 3166 904 3262 cepit
928 3165 1034 3239 istam
1052 3164 1239 3239 dominam
1257 3186 1324 3260 per
1341 3165 1451 3261 pedes
1468 3172 1505 3240 et
1525 3165 1762 3261 praecipitavit
1779 3185 1871 3257 eam¹

692 3308 759 3383 per
789 3288 999 3379 fenestram,
1030 3305 1114 3381 quae
1145 3284 1319 3361 continuo
1349 3292 1498 3360 mortua
1528 3294 1593 3381 est,
1634 3286 1756 3362 nescio
1789 3307 1863 3381 qua

692 3405 906 3501 suspicione.
933 3406 987 3478 Ex
1012 3404 1119 3479 cuius
1145 3410 1265 3479 morte
1284 3404 1424 3480 crudeli
1448 3412 1577 3480 natum
1603 3412 1659 3481 est
1684 3425 1862 3502 magnum

691 3528 817 3603 odium
835 3527 930 3601 inter
946 3525 1085 3600 dictum
1101 3525 1293 3600 dominum
1312 3527 1468 3620 Nellum‚
1487 3531 1524 3602 et
1541 3526 1758 3602 Ptolomaeus
1775 3547 1876 3619 conr

691 3654 809 3723 sortes
833 3646 944 3743 ipsius
969 3646 1136 3721 dominae.
1163 3646 1268 3721 Nunc
1293 3646 1339 3720 ad
1363 3644 1609 3742 propositum:
1627 3646 1695 3721 ista
1716 3645 1863 3722 domina

690 3774 796 3866 rogat
821 3769 989 3863 Dantem,
1016 3772 1058 3840 ut
1084 3772 1191 3864 roget
1215 3788 1282 3861 pro
1308 3787 1364 3861 ea,
1390 3766 1419 3839 si
1448 3786 1627 3862 umquam
1657 3768 1800 3843 venerit
1824 3767 1863 3841 in

690 3888 858 3963 Tusciam
891 3887 938 3961 ad
971 3886 1157 3962 civitatem
1191 3887 1398 3979 Senarum3
1426 3885 1520 3961 ¹dicit
1554 3907 1668 3983 ergo:
1701 3890 1728 3960 il
1763 3895 1862 3961 terzo

688 4013 825 4103 spirito,
843 4008 988 4102 scilicet,
1015 4007 1172 4082 duminae
1190 4006 1282 4099 Piae,
1308 4006 1427 4101 impie
1443 4005 1653 4102 interiectae,
1675 4000 1806 4099 sepem
1824 4008 1864 4080 ol

688 4132 850 4222 secondo,
875 4130 979 4224 idest,
1005 4129 1150 4203 locutus
1176 4133 1231 4202 est
1254 4126 1459 4201 successive
1475 4132 1556 4222 post
1573 4126 1740 4223 spiritum
1762 4128 1860 4202 Bon-

688 4251 815 4346 contis,
834 4251 897 4345 qui
921 4248 1139 4325 secundario
1164 4249 1308 4323 locutus
1329 4247 1450 4322 iuerat
1467 4254 1548 4343 post
1564 4247 1745 4342 primum:
1764 4250 1858 4321 Det!

688 4369 804 4445 Dictio
828 4369 1058 4464 deprecativa
1084 4374 1151 4462 est,
1176 4370 1349 4441 ncorduli
1373 4370 1410 4442 di
1434 4388 1501 4458 nce,
1522 4374 1559 4443 ot
1577 4374 1618 4441 ut
1634 4368 1746 4463 possit
1763 4368 1858 4443 bene
1932 4410 1938 4424 ·

689 4489 874 4567 recordari
895 4490 986 4582 eius,
1008 4487 1183 4563 continno
1208 4488 1322 4585 tangit
1343 4508 1454 4587 suum
1472 4507 1619 4581 nomen,
1641 4488 1765 4563 locum
1782 4488 1858 4563 ori·

686 4610 793 4708 ginis,
811 4610 932 4685 locum
957 4608 1153 4702 montisel
1178 4608 1307 4681 mortis
1331 4614 1515 4703 autorem,
1540 4606 1682 4683 dicens:
1709 4610 1768 4681 cite
1792 4628 1858 4681 son
1977 4688 1981 4697 ,

687 4735 724 4804 lo
748 4734 825 4804 Pio.
851 4732 923 4805 lsta
947 4728 1095 4804 domina
1126 4728 1329 4804 vocabatur
1355 4728 1430 4823 Pia,
1461 4748 1574 4823 quam
1606 4729 1717 4823 impie
1749 4727 1856 4803 mini-

748 4961 776 5025 (¹)
791 4961 822 5012 Ε.
838 4961 900 5011 Iesu
916 4960 1017 5012 Christi.
1212 4958 1240 5021 (¹)
1257 4958 1288 5008 E.
1304 4958 1451 5009 Pnuoscltis.
1861 5020 1862 5025 Ἰ

749 5039 777 5103 (¹)
793 5040 826 5089 li.
841 5038 903 5088 ulum
923 5038 1005 5088 semel
1026 5038 1263 5096 connect-11⁷,
1285 5034 1349 5085 (lum
1374 5034 1455 5085 semel
1474 5036 1522 5087 isla
1542 5035 1646 5087 (lomim
1670 5037 1749 5084 staret
1769 5032 1801 5083 ud
1816 5030 1857 5083 le-

685 5122 809 5171 miram,
