4542 6842
680 994 819 1050 cunnus
844 992 1003 1051 nnuuus
1029 995 1213 1052 :annuus
1461 986 1537 1054 453

361 1148 468 1217 catur
495 1143 601 1237 talpa.
621 1142 725 1216 Nunc
738 1134 773 1234 (¹)
792 1141 839 1217 ad
856 1142 1014 1237 literam,
1032 1163 1116 1236 quae
1135 1150 1191 1217 est
1207 1165 1339 1239 parum
1364 1146 1535 1242 obscura,

362 1262 449 1357 quia
474 1262 653 1357 intricata,
670 1268 708 1337 et
732 1268 906 1338 construe
930 1262 1001 1337 sic:
1025 1265 1185 1356 Olettor,
1201 1267 1363 1341 naurditi
1381 1288 1477 1340 come
1497 1271 1534 1341 la

360 1404 467 1476 spera
491 1384 549 1456 del
570 1386 642 1457 sole
667 1384 884 1457 debilemente
904 1390 1007 1457 cntra
1018 1404 1088 1475 per
1104 1386 1182 1476 essi,
1201 1384 1347 1479 scilicet,
1365 1406 1535 1483 vapores,

361 1505 503 1595 quando
527 1506 541 1575 i
565 1506 693 1596 vapori
710 1504 820 1577 umidi
834 1524 853 1575 e
868 1506 989 1596 specui,
1010 1502 1156 1599 scilicet,
1178 1504 1323 1578 nebulae
1337 1496 1375 1597 (¹)
1395 1505 1442 1580 de
1462 1529 1536 1602 qua

363 1624 506 1701 dicetur
530 1622 628 1718 alibi,
653 1624 880 1696 comineicrui
904 1644 928 1696 a
953 1625 1121 1715 dirodor,
1141 1622 1250 1697 radiis
1275 1624 1455 1700 solaribus
1477 1648 1538 1703 re-

362 1743 585 1820 solventibus
611 1764 696 1838 eos;
722 1748 759 1817 et
782 1744 853 1819 boc
877 1742 970 1838 dico,
991 1764 1028 1816 se
1053 1746 1127 1817 mai
1150 1743 1274 1817 motta
1299 1746 1325 1817 s·
1347 1748 1439 1819 colse
1462 1750 1537 1821 nel-

363 1869 483 1959 l’Alpe.
514 1866 558 1939 Et
590 1866 647 1939 bic
678 1870 775 1960 nota,
802 1864 900 1959 quod
932 1864 1018 1939 licet
1054 1864 1161 1961 Alpes
1198 1864 1271 1939 sint
1307 1864 1462 1941 diverse
1499 1867 1537 1942 in

362 1985 515 2061 diversis
534 1986 699 2081 partibus
720 1984 859 2080 mundi,
877 1991 1002 2059 tamen
1018 1985 1113 2059 forte
1134 1991 1243 2080 poeta
1269 1992 1394 2061 noster
1419 1986 1538 2083 loqui-

363 2114 426 2180 tur
450 2106 497 2181 de
521 2106 611 2202 Alpe
624 2097 661 2199 (³)
690 2106 879 2201 Apennini,
905 2105 1013 2180 etde
1045 2126 1089 2180 ea
1119 2112 1226 2201 parte
1250 2126 1336 2200 quoe
1361 2115 1417 2183 est
1442 2110 1538 2185 inter

362 2226 564 2301 Bononiam
591 2236 628 2301 ot
652 2227 886 2321 Florentiam,
910 2225 973 2300 ubi
999 2226 1122 2300 irrorat
1146 2233 1322 2322 expertus
1342 2227 1453 2301 istum
1474 2250 1537 2305 ca·

361 2368 458 2441 sum,
485 2347 578 2421 sicut
605 2352 642 2421 et
667 2368 738 2443 ego
764 2345 978 2421 recordatus
1003 2366 1087 2419 sum
1114 2344 1217 2419 istius
1246 2345 1342 2441 dicti,
1367 2347 1458 2421 dum
1487 2349 1537 2423 si-

362 2466 440 2539 mili
466 2465 576 2540 modo
602 2466 737 2541 nebula
761 2472 977 2561 occupasset
996 2466 1111 2539 mein
1131 2462 1227 2540 dicta
1247 2464 1347 2562 Alpe.
1365 2468 1411 2543 Et
1430 2467 1535 2544 dicit:

357 2608 427 2679 per
452 2589 489 2660 lc
514 2589 609 2679 qual,
636 2586 781 2682 scilicet,
809 2586 994 2680 nebulam,
1017 2588 1162 2678 vadam,
1191 2606 1260 2681 per
1283 2588 1455 2663 subtilem
1481 2589 1537 2663 in-

364 2706 639 2803 terposltlonem
667 2706 785 2801 nubis,
811 2726 883 2779 nou
908 2708 1127 2797 aleaume,
1153 2705 1256 2801 idest,
1283 2706 1460 2805 similiter,
1478 2712 1538 2783 cite

365 2832 457 2921 tome
478 2848 544 2921 per
564 2830 667 2920 pelle,
694 2828 832 2923 supple,
850 2826 993 2920 vident3
1011 2833 1048 2901 et
1073 2826 1171 2901 idem
1191 2832 1258 2921 est,
1276 2848 1320 2903 ac
1340 2828 1370 2901 si
1387 2828 1537 2925 diceret,

363 2970 477 3043 quam
504 2949 533 3023 si
559 2971 692 3045 parum
720 2949 873 3023 videres.
892 2948 936 3021 Et
953 2946 1012 3022 bic
1029 2954 1115 3022 nota
1132 2948 1231 3041 quod
1252 2948 1387 3045 talpam
1414 2949 1539 3026 videro

310 3115 315 3124 -
365 3070 512 3145 videtur
537 3070 677 3145 ostendi
703 3068 912 3165 dupliciter:
938 3068 1070 3165 primo,
1097 3068 1184 3163 quia
1210 3070 1321 3144 babet
1345 3073 1484 3168 oculos,
1501 3078 1539 3147 et

363 3198 497 3267 natura
532 3190 620 3264 nibil
654 3190 738 3265 iacit
772 3190 929 3284 frustra,
961 3188 1138 3284 secundo,
1174 3190 1262 3284 quia
1292 3196 1334 3264 ut
1370 3191 1539 3267 videmus

362 3314 458 3408 talpa
484 3311 606 3386 statim
633 3332 718 3386 cum
746 3311 844 3385 videt
868 3330 994 3385 aerem
1015 3310 1193 3404 moritur;
1214 3310 1312 3385 videt
1333 3318 1456 3386 tamen
1473 3313 1540 3388 de·

362 3432 494 3527 biliter,
521 3431 608 3527 quia
633 3437 768 3506 natura
793 3428 944 3526 provida
970 3429 1138 3525 apposuit
1163 3429 1229 3502 sibi
1251 3451 1363 3505 unam
1385 3431 1539 3527 pellicu-

251 3542 252 3545 ‘
360 3554 435 3628 lam
461 3559 613 3627 tenuem
638 3572 686 3626 nc
711 3550 920 3644 laederetur,
938 3550 1026 3644 quia
1044 3556 1116 3623 stat
1141 3550 1314 3624 continuo
1334 3551 1404 3625 sub
1425 3557 1535 3628 terra.

361 3674 405 3747 Et
432 3680 532 3749 recte
557 3671 767 3767 iracundus,
794 3671 951 3746 durante
975 3672 1044 3767 ira,
1062 3678 1115 3745 est
1142 3670 1346 3745 simillimus
1362 3658 1398 3764 (⁴)
1418 3674 1538 3769 talpae,

360 3794 408 3869 de
432 3815 506 3888 qua
533 3792 616 3868 dicit
642 3789 798 3867 Plinius:
835 3796 946 3885 Talpu
980 3798 1029 3865 tot
1058 3794 1171 3866 modis
1204 3813 1228 3864 α
1261 3814 1382 3866 rorum
1407 3802 1540 3868 actura

361 3917 532 3989 damnato
569 3917 731 3988 cecitatis
752 3920 929 4008 perpetuu
955 3913 1114 4004 mune,
1145 3914 1226 3986 viva
1255 3934 1391 4005 sempor
1420 3918 1539 4007 sepul-

364 4043 411 4108 ta.
437 4036 482 4107 Et
506 4032 662 4129 applicat
687 4039 794 4127 poeta
825 4031 1138 4129 comparationem
1168 4030 1215 4106 ad
1248 4032 1494 4128 propositum:
1521 4056 1540 4107 e

362 4158 414 4248 fia
440 4158 476 4228 la
508 4162 568 4227 tuo
598 4156 798 4245 innuptae,
830 4152 922 4228 idest
953 4151 1175 4249 imaginatio,
1206 4155 1362 4243 leppiera
1390 4157 1428 4227 ia
1460 4158 1540 4245 piu-

366 4296 476 4368 pacrc
501 4296 526 4347 a
550 4276 668 4366 ceder,
694 4276 781 4346 com'
794 4276 829 4346 io
854 4276 960 4347 rioldi
985 4276 1019 4347 io
1043 4276 1115 4346 sole
1138 4276 1177 4346 ia
1201 4275 1302 4367 pria,
1327 4272 1475 4369 seilicet,
1503 4274 1541 4348 in

366 4396 467 4471 exitu
494 4394 589 4467 illius
615 4392 754 4487 circuli,
780 4394 839 4465 rie
862 4383 923 4483 ped
947 4394 1005 4465 nel
1018 4413 1167 4466 corpure
1183 4414 1261 4484 ero,
1281 4391 1384 4487 idest,
1403 4392 1467 4487 qui
1484 4394 1539 4467 sol

358 4517 440 4613 jam
465 4512 669 4588 collocabat
693 4532 753 4607 se3
789 4512 892 4606 quasi
918 4511 1025 4608 dicat,
1053 4512 1131 4607 jam
1166 4519 1246 4588 erat
1276 4511 1313 4586 in
1344 4534 1476 4588 occasu
1503 4513 1541 4587 in

363 4633 524 4711 secunda
549 4632 619 4707 die.
646 4632 690 4706 Et
715 4630 917 4708 concludit:
942 4624 986 4724 si,
1008 4636 1256 4726 pcreppiondo
1280 4636 1296 4705 i
1318 4636 1410 4725 miei,
1435 4632 1541 4731 idest,

363 4754 545 4851 aequando
576 4775 704 4849 passus
738 4774 853 4847 meos,
886 4756 941 4827 coi
964 4756 1068 4846 passi
1097 4756 1163 4846 fidi
1190 4756 1248 4827 del
1275 4756 1345 4828 mio
1373 4762 1540 4846 amestro,

428 4982 456 5047 Γ)
472 4986 527 5041 lli,
539 4940 619 5032 'Nune
635 4981 711 5031 venlo
727 4981 758 5031 ad
774 4980 886 5041 literam,
902 4994 961 5045 quo
976 4986 1015 5031 est
1031 4981 1092 5031 sall:
1108 4982 1229 5033 obsum

430 5060 457 5123 ξ’]
475 5064 520 5111 lli
536 5072 551 5109 e
567 5058 599 5109 E.
614 5058 730 5121 nebulam
748 5072 795 5123 per
810 5058 861 5109 boc
878 5058 960 5123 tangil
974 5058 1110 5109 materiam
1126 5058 1237 5117 nebula.
1253 5058 1286 5108 de
1297 5072 1361 5123 qua.
1438 5084 1441 5090 ·

432 5136 457 5202 (¹)
474 5136 505 5187 E.
523 5136 554 5187 dc
571 5136 684 5200 Alpibus
698 5135 838 5199 Apennini.
1045 5132 1072 5198 (¹)
1089 5134 1121 5185 Ε.
1136 5134 1228 5185 similla
1243 5134 1328 5199 talpa.
