4542 6842
771 972 909 1031 murus
933 954 1115 1036 susumus.
1460 966 1531 1047 titi

358 1120 474 1211 bane,
499 1116 603 1211 idest,
628 1116 740 1194 arbor
765 1117 811 1193 de
835 1118 946 1215 India,
965 1120 1052 1217 quia
1075 1121 1112 1196 iu
1136 1120 1236 1198 ludia
1260 1129 1317 1199 est
1342 1121 1529 1217 multiplex

357 1258 476 1335 genus
500 1237 678 1312 arborum
704 1236 937 1333 diversorum
961 1240 1143 1336 colorum
1174 1262 1267 1335 qnos
1292 1247 1348 1318 eet
1371 1240 1531 1320 ddece-

357 1357 430 1450 bite
460 1357 597 1453 videre,
636 1360 749 1433 tundo
784 1380 803 1431 c
835 1380 973 1453 snum,
1012 1346 1114 1457 ide'st,
1139 1362 1266 1458 pulcer
1300 1362 1402 1443 color
1433 1361 1531 1437 aeris

356 1478 441 1573 puri
473 1479 606 1574 sereni,
644 1478 708 1573 qui
739 1486 795 1555 est
831 1480 1169 1559 detestabilissimus
1201 1483 1364 1578 aspectui
1401 1482 1530 1562 oculo·

358 1620 456 1695 rum,
477 1603 594 1695 [recen
619 1603 810 1694 smenon,
836 1601 927 1697 lapis
946 1602 1127 1698 pretiosus
1144 1600 1269 1677 viridis
1285 1603 1429 1697 coloris,
1447 1624 1529 1680 ma·

358 1718 458 1795 xime
482 1740 569 1796 cum
595 1720 795 1817 frangitur3
821 1720 945 1797 omnia
969 1722 1048 1802 hec
1073 1728 1111 1797 et
1135 1722 1279 1817 similia,
1296 1728 1389 1816 posti
1404 1728 1529 1801 metro

242 1864 244 1869 ·
356 1862 381 1913 n
410 1843 490 1933 quet
517 1861 614 1935 seno,
640 1840 743 1935 idest,
769 1848 971 1939 aggregata
999 1842 1109 1920 simut
1143 1843 1239 1917 intra
1269 1844 1373 1920 illum
1406 1846 1528 1922 lecum

356 1980 541 2057 capacem,
567 1980 783 2053 concavum,
809 1962 905 2035 scrin
937 1964 1031 2035 nnn
1055 1966 1197 2037 ciascun
1220 1966 1259 2037 di
1285 1965 1396 2056 color,
1422 1963 1525 2058 idest,

355 2078 393 2169 in
418 2082 553 2175 colore,
579 2082 628 2155 dn
653 2082 1146 2177 concertationumque
1170 2082 1307 2159 scilicet
1331 2085 1434 2159 color
1459 2082 1529 2163 mi-

356 2200 479 2283 rabilis
505 2200 629 2276 berbae
655 2207 692 2277 et
717 2200 852 2279 llorum
879 2202 1112 2277 existentium
1143 2203 1204 2297 ibi,
1229 2212 1311 2279 erat
1341 2204 1461 2280 maior
1490 2210 1530 2279 et

244 2412 248 2421 Ι
355 2320 590 2397 excellentior
621 2322 793 2398 omnibus
824 2323 1006 2399 coloribus
1038 2322 1296 2419 predictarum
1331 2344 1526 2418 rerum,a

354 2442 472 2536 simili,
485 2462 581 2515 nome
595 2444 623 2515 n
636 2462 759 2517 mernor
775 2436 796 2515 c*
810 2446 904 2517 mmo
916 2446 981 2518 dni
996 2464 1061 2519 sno
1077 2447 1260 2536 mappinre
1268 2471 1285 2538 ,·
1299 2445 1386 2539 quia
1405 2444 1524 2519 maius

354 2562 482 2637 lumen
509 2560 665 2637 offuscat
688 2563 821 2639 minus.
839 2562 958 2659 Aliqui
984 2570 1108 2640 tamen
1134 2565 1274 2659 volunt,
1300 2566 1399 2661 quod
1428 2586 1524 2660 prm-

353 2680 450 2757 dicta
486 2681 665 2757 vocabula
698 2690 882 2777 ponantur
915 2683 1073 2759 ablativa
1107 2683 1447 2779 inconsequentia.
1481 2685 1526 2759 Et

355 2800 475 2875 subdit
500 2807 618 2897 poeta,
645 2801 744 2897 quod
770 2804 867 2879 ultra
897 2802 1003 2879 istam
1035 2803 1317 2899 pulcritudinem
1343 2807 1523 2900 colorum,

354 2921 403 2995 ibi
429 2929 511 2997 erat
536 2922 709 2998 mirabilis
729 2924 890 2998 suavitas
907 2924 1087 3020 odorum3
1110 2924 1209 3001 unde
1224 2924 1327 3001 dicit:
1345 2948 1417 3001 amn
1434 2948 1524 3001 ouen

348 3062 422 3134 pur
446 3048 577 3116 natnrn
608 3045 657 3117 tui
680 3045 825 3137 diptnto,
858 3044 962 3138 quasi
992 3044 1111 3121 dicat:
1138 3066 1213 3119 non
1242 3047 1364 3120 solum
1390 3053 1523 3121 natura

353 3168 527 3256 posuerat
551 3162 600 3237 ibi
626 3170 680 3239 tot
705 3169 743 3238 et
767 3174 842 3241 tam
870 3164 991 3241 varios
1016 3166 1160 3241 colores
1179 3164 1226 3240 ad
1246 3165 1523 3248 delectationem

353 3282 465 3377 visus,
491 3304 551 3355 mn
585 3287 620 3357 ui
649 3289 765 3379 sacen,
797 3284 873 3380 ipsa
904 3291 1048 3379 natura,
1073 3306 1158 3376 uno,
1183 3286 1331 3380 scilieet,
1357 3286 1523 3382 odorem,

352 3405 543 3495 monacile,
576 3403 669 3499 ideo,
703 3425 775 3481 non
802 3411 919 3501 potest
957 3405 1123 3500 describi,
1156 3408 1347 3499 monum
1376 3414 1526 3503 prepter

353 3522 651 3601 commixtionem
690 3530 743 3599 tot
774 3524 944 3620 odorum,
976 3528 1014 3601 di
1045 3516 1184 3601 soanttci
1215 3530 1254 3601 di
1284 3530 1376 3607 nnn
1406 3530 1524 3619 odori,

352 3641 455 3736 idest,
481 3642 679 3741 fragrantia
708 3644 910 3721 multorum
936 3644 1208 3740 odorumque
1236 3646 1283 3722 ad
1312 3646 1525 3726 delectatio-

352 3782 437 3839 nem
464 3763 649 3839 odoratus.
676 3765 720 3839 Et
745 3764 803 3841 bic
834 3772 921 3841 nota
953 3766 1052 3861 quod
1084 3766 1258 3861 quicquid
1288 3772 1396 3863 poeta
1422 3766 1524 3865 ongo

352 3882 397 3976 de
422 3883 490 3959 isto
515 3884 596 3960 loco
621 3886 870 3964 amoenissimo
889 3892 944 3963 est
966 3906 1099 3964 verum
1125 3886 1296 3965 historice
1321 3894 1359 3965 et
1383 3889 1523 3985 allego-

353 4004 451 4079 rice:
478 4004 597 4100 prime
623 4005 709 4100 quia
735 4005 791 4081 isti
822 4027 929 4103 reges
954 4013 991 4081 et
1016 4006 1195 4103 principes
1221 4009 1355 4087 babent
1387 4010 1521 4105 palatia

352 4124 436 4219 elta,
469 4124 657 4220 adornata,
687 4124 782 4221 picta
797 4118 834 4219 (⁴)
867 4125 975 4201 variis
1010 4126 1161 4223 liguris3
1196 4128 1384 4205 abundant
1413 4148 1521 4224 auro,

352 4250 518 4341 argento,
549 4244 717 4341 gemmis,
750 4244 969 4340 margaritis,
996 4250 1033 4319 et
1067 4246 1246 4342 lapidibus
1275 4247 1452 4343 pretiosis,
1485 4254 1523 4325 et

353 4369 509 4461 [duntur
535 4363 696 4439 vestibus
721 4363 831 4439 variis
856 4370 894 4439 et
918 4364 1006 4440 cibis
1023 4365 1216 4459 splendidis
1231 4367 1332 4444 mille
1352 4369 1519 4453 colorum

352 4490 389 4581 et
413 4484 594 4581 odorum3
619 4484 783 4561 similiter
815 4484 950 4561 babent
977 4484 1122 4581 jocalia,
1157 4508 1257 4581 vasa,
1290 4494 1460 4565 aromata
1485 4494 1524 4563 et·

350 4604 475 4699 omnia
499 4624 637 4703 genera
668 4605 965 4702 pigmentorum
997 4604 1062 4681 sed
1090 4605 1288 4702 allegorice
1318 4628 1384 4703 per
1414 4608 1520 4690 utam

352 4723 570 4823 viriditatem
596 4725 729 4812 tiorum
756 4732 792 4800 et
817 4725 1036 4801 suavitatem
1068 4725 1226 4808 odorum
1250 4735 1359 4823 poete
1378 4728 1442 4810 dat
1463 4727 1520 4807 in.-

349 4842 460 4941 telligi
489 4844 704 4921 viriditatem
730 4842 941 4926 florentium
961 4864 1130 4939 operum,
1156 4851 1195 4921 et
1222 4845 1375 4930 odorem
1409 4847 1516 4924 boue

414 5102 440 5163 (¹)
457 5102 487 5153 Ε.
504 5102 622 5167 pictaque
638 5104 722 5154 variis
