4542 6842
807 968 945 1024 murus
968 968 1140 1023 ocrnvus.
1487 957 1559 1025 235

388 1134 455 1212 per
469 1114 669 1189 Henricum
684 1115 739 1187 Vl.
757 1114 828 1189 Iste
844 1114 1005 1189 Malleus
1024 1114 1150 1190 babuit
1167 1114 1331 1209 quinque
1347 1115 1450 1211 lilios,
1465 1136 1560 1211 quo-

387 1254 473 1309 rum
499 1234 640 1329 primus
666 1234 732 1307 init
757 1234 952 1329 Galeatins,
974 1234 1038 1329 qui
1064 1234 1238 1309 successit
1261 1236 1356 1329 patri
1380 1236 1417 1309 in
1443 1235 1562 1311 domi-

388 1355 459 1450 nio,
485 1360 521 1431 et
546 1354 622 1429 Azo
647 1353 741 1428 filius
766 1354 846 1430 eius
872 1355 989 1429 tenuit
1013 1354 1217 1429 dominium
1250 1365 1330 1450 post
1363 1376 1462 1431 eum.
1494 1357 1562 1431 Se·

387 1476 530 1551 cundus
555 1476 623 1551 init
647 1476 829 1552 lohannes
854 1475 1148 1570 archiepiscopus
1173 1475 1373 1571 Mediolani,
1394 1477 1451 1551 vir
1473 1478 1560 1553 satis

388 1598 554 1694 simplex,
580 1598 644 1673 sed
670 1597 827 1671 multum
856 1598 1055 1693 regebatur
1083 1596 1233 1670 consilio
1258 1617 1412 1670 suorum
1438 1597 1558 1672 consi·

389 1719 591 1795 liariorum.
617 1719 662 1792 Et
687 1718 753 1791 luit
769 1711 804 1809 (¹)
824 1738 993 1791 summus
1011 1736 1099 1791 cum
1116 1716 1279 1791 Luobino
1298 1717 1405 1791 tertio
1421 1719 1558 1813 genito,

390 1846 428 1915 et
443 1839 616 1915 defuncto
633 1838 796 1913 Lucbino
813 1836 887 1931 (qui
905 1837 972 1912 init
984 1836 1208 1932 justissimus
1223 1840 1411 1933 tyrannus)
1426 1837 1562 1912 loban-

391 1980 457 2037 nes
481 1962 579 2035 solus
606 1948 919 2054 repperiretur:
945 1957 1011 2031 luit
1037 1956 1325 2053 potentissimus;
1352 1979 1438 2031 narn
1466 1959 1562 2035 ultra

392 2088 509 2155 terras
534 2077 774 2172 Lombardiae,
800 2098 891 2172 quas
918 2084 1087 2153 tenuerat
1114 2077 1312 2171 anbinus,
1338 2077 1466 2152 babuit
1490 2078 1563 2154 Bo-

391 2198 538 2273 noniam
566 2204 603 2271 ct
627 2194 783 2271 tannim
809 2218 894 2273 cum
920 2198 1020 2271 omni
1033 2197 1286 2292 jurisdictione
1303 2220 1381 2271 sua.
1400 2198 1563 2285 Quartus

390 2318 457 2393 luit
483 2319 626 2392 Marcus
653 2316 757 2391 miles
782 2316 1055 2392 strenuissimus
1076 2336 1280 2391 armorum.
1298 2317 1455 2405 Quintus
1479 2316 1563 2392 Ste-

390 2439 544 2535 phanus,
571 2438 633 2533 qui
659 2437 748 2512 dum
773 2436 984 2533 propinaret
1009 2438 1183 2531 poculum
1209 2437 1364 2530 Bavaro,
1390 2442 1428 2511 et
1454 2436 1563 2513 vellet

391 2558 439 2633 illi
473 2558 563 2633 dare
597 2576 794 2651 uenenum,
828 2562 870 2631 ut
904 2557 1113 2637 ordinatum
1147 2564 1228 2631 erat
1259 2578 1345 2631 cum
1378 2556 1563 2653 iratribus,

391 2680 556 2755 Bararus
582 2678 828 2773 praesentienS,
845 2676 951 2751 dixit:
971 2676 1060 2751 Bibe
1085 2676 1167 2770 tibt3
1187 2676 1251 2771 qui
1270 2683 1420 2751 coactus
1436 2677 1563 2753 bibere

392 2806 563 2877 mortuus
588 2807 652 2874 est.
679 2798 744 2873 llic
765 2799 970 2892 Stephanus
990 2796 1057 2870 init
1073 2803 1178 2891 pater
1194 2796 1417 2871 Barnabovis
1433 2804 1471 2871 et
1487 2796 1561 2871 Ga·

393 2920 503 3016 leutii,
529 2921 592 3014 qui
618 2921 692 2995 duo
717 2919 844 2995 diebus
870 2918 1002 2993 nostris
1026 2917 1075 2993 ita
1105 2918 1269 2992 lacerant
1292 2916 1561 2992 lumbardiam.

393 3082 442 3095 --
459 3034 546 3115 cosi.
573 3042 637 3116 Hic
664 3040 792 3115 ultimo
809 3046 917 3135 poeta
934 3038 1085 3133 imponit
1108 3036 1218 3113 finem
1237 3038 1397 3112 sermoni
1414 3038 1506 3132 Nini,
1526 3046 1564 3113 et

394 3167 660 3237 excusateum
686 3160 782 3235 circa
809 3178 854 3235 ea
879 3178 963 3252 quae
988 3157 1078 3232 dixit
1102 3157 1149 3233 de
1179 3177 1297 3231 uxore
1326 3164 1363 3233 et
1392 3157 1563 3252 beminis,

394 3288 431 3359 et
456 3282 541 3357 dicit
566 3280 664 3376 quod
687 3300 736 3354 ex
763 3279 859 3353 bono
876 3280 966 3371 zelo,
986 3298 1058 3351 nou
1084 3298 1128 3352 ex
1155 3276 1333 3373 zelotypia
1358 3298 1469 3370 qnam
1497 3278 1565 3353 ba·

394 3404 499 3479 beret
523 3403 569 3477 de
594 3420 713 3476 uxore
738 3420 817 3493 sua,
836 3420 947 3493 quam
966 3388 1002 3490 (³)
1021 3398 1126 3472 virus
1144 3397 1259 3471 calide
1279 3403 1490 3490 amaverat3
1507 3396 1564 3469 di-

394 3524 443 3598 cit
475 3543 589 3620 ergo:
629 3514 705 3595 Gosi
742 3523 854 3610 duco,
880 3519 939 3593 ille
970 3518 1095 3611 Ninon,
1121 3520 1260 3608 siponto
1290 3519 1383 3589 delta
1412 3501 1595 3608 stampe,

393 3642 497 3738 most,
523 3642 773 3737 impressione,
801 3641 858 3715 vel
890 3638 1006 3735 signo,
1032 3640 1069 3711 dt
1099 3640 1179 3731 puel
1209 3639 1315 3711 drido
1345 3640 1435 3726 zelo,
1461 3636 1565 3729 idest,

390 3765 491 3859 justo
529 3767 567 3838 et
604 3763 756 3835 honesto
787 3778 917 3833 amore
950 3757 1237 3853 coniugatione
1269 3760 1565 3845 monumnenta,

396 3883 499 3977 idest,
525 3883 587 3977 qui
614 3903 720 3957 amor
745 3880 929 3977 legitimus
955 3884 1169 3974 temperate,
1200 3881 1229 3951 it
1255 3900 1338 3951 core
1373 3898 1565 3969 ovoampa,

397 4005 501 4098 idest,
526 4004 683 4078 incendit
708 4002 874 4076 animum
907 4000 991 4073 boni
1025 3998 1104 4093 viri,
1131 3998 1181 4074 ita
1207 3987 1356 4093 quodt⁴)
1387 4019 1460 4072 non
1496 3997 1568 4069 im-

398 4144 525 4201 mense
542 4124 601 4199 vel
619 4122 821 4197 inordinate
837 4127 950 4214 amat,
968 4119 1016 4194 ita
1035 4119 1134 4214 quod
1151 4118 1258 4193 cadat
1273 4117 1310 4191 in
1326 4116 1565 4214 zelotypiam,

398 4252 437 4321 et
461 4246 512 4320 sic
538 4244 619 4318 vide
645 4241 830 4338 quomodo
855 4248 963 4335 poeta
984 4239 1147 4333 loquitur
1168 4239 1326 4313 obscure
1350 4238 1386 4309 in
1414 4236 1567 4313 materia

400 4386 484 4461 qnae
509 4362 555 4439 de
580 4383 621 4439 se
645 4368 700 4437 est
726 4366 867 4436 tantum
895 4360 1005 4435 clara.

477 4488 532 4559 Gli
556 4486 660 4557 occdi.
687 4483 758 4557 lsta
782 4488 838 4557 est
863 4480 969 4556 tertia
986 4500 1071 4574 pars
1090 4478 1272 4575 generalis
1297 4479 1334 4552 in
1359 4499 1432 4573 qua
1460 4484 1567 4573 poeta

401 4613 590 4681 revertens
614 4604 661 4679 ad
687 4602 879 4677 materiam
897 4599 1065 4696 superius
1083 4599 1289 4673 inchoatam
1310 4598 1480 4673 describit
1498 4620 1568 4694 pu·
1625 4688 1629 4701 Ι

398 4746 510 4823 gnam
536 4725 753 4821 angelorum
780 4728 818 4797 et
841 4720 1037 4815 serpentis3
1062 4726 1100 4794 et
1130 4718 1301 4793 describit
1324 4718 1439 4793 alium
1463 4716 1569 4813 spiri-

400 4852 478 4919 tum
506 4844 685 4919 illustrem
715 4841 933 4916 modernum
969 4858 1055 4915 cum
1088 4838 1407 4914 commendatione
1435 4838 1570 4913 domus

460 5030 487 5093 (¹)
504 5031 534 5082 E.
551 5044 566 5080 c
584 5034 638 5089 117,
655 5030 705 5081 init
720 5031 840 5081 domiuus
856 5043 916 5079 cum
933 5028 1059 5078 Lucbino.
1132 5026 1160 5089 (¹)
1178 5031 1232 5087 lu,
1250 5029 1381 5077 remansit.

461 5106 489 5172 (⁸)
505 5108 536 5159 E.
552 5120 632 5171 quam
648 5106 737 5158 Ninus.
1133 5103 1160 5164 (η
1176 5104 1206 5154 Ε.
1223 5103 1293 5168 qood
1309 5104 1444 5153 immense,
