4542 6842
698 939 769 1006 252
884 993 886 1000 .
1060 950 1265 1006 counnrrnt
1287 950 1508 1005 nunarmnn

695 1096 824 1191 giae,·a
849 1114 924 1189 quo
948 1094 1056 1169 Troia
1081 1095 1314 1170 denominata
1340 1098 1407 1187 est,
1424 1093 1593 1189 apparuit
1617 1092 1685 1167 sibi
1710 1112 1865 1188 conspe-

695 1221 776 1289 ctus
800 1214 945 1309 aquilae,
964 1237 1076 1310 quam
1094 1216 1233 1311 aceepit
1249 1236 1317 1311 pru
1334 1214 1432 1289 bonu
1447 1214 1623 1311 auguri03
1642 1220 1680 1289 et
1699 1214 1864 1290 breviter

695 1334 812 1409 lautus
829 1334 946 1410 victur
961 1337 1056 1433 cepit
1080 1336 1332 1433 Ganymedem
1353 1334 1468 1409 lilium
1496 1333 1603 1430 regis,
1621 1355 1736 1429 quem
1761 1332 1867 1409 duxit

695 1452 904 1529 incretam
937 1462 973 1537 el
1003 1456 1086 1531 lecit
1116 1456 1330 1551 pincernam
1363 1474 1486 1529 sunm.
1513 1454 1566 1527 Ad
1593 1454 1736 1543 literam
1762 1474 1865 1552 ergo,

695 1572 780 1648 dicit
805 1582 934 1670 poeta:
961 1584 994 1649 et
1016 1598 1109 1649 esser
1129 1580 1178 1650 mi
1192 1596 1322 1669 parea,
1339 1574 1475 1650 scilieet
1498 1574 1535 1648 in
1556 1567 1651 1649 ualle
1668 1575 1725 1649 vel
1750 1575 1864 1671 sylva,

602 1728 604 1732 ·
694 1684 732 1769 ld
762 1698 849 1769 dove
877 1700 891 1769 i
922 1700 1011 1788 suoi,
1043 1697 1180 1772 scilicet
1212 1676 1315 1790 socii,
1342 1698 1427 1787 soro
1458 1694 1688 1787 admonuit,
1717 1694 1863 1789 scilicet,

694 1815 792 1910 apud
823 1816 983 1912 Troiam,
1017 1820 1065 1891 da
1094 1820 1292 1891 Gauiuwde.
1318 1814 1401 1890 Scio
1425 1814 1525 1910 quod
1554 1814 1614 1889 alii
1644 1815 1715 1889 alia
1739 1814 1865 1889 dicunt

600 2008 601 2011 ,
693 1934 740 2010 de
765 1936 833 2010 istu
858 1936 965 2031 lactu,
990 1936 1054 2012 sed
1067 1930 1104 2030 (¹)
1131 1937 1225 2012 dicta
1251 1936 1445 2027 sufficiant,
1469 1939 1610 2027 quando
1631 1940 1673 2031 su
1697 1929 1803 2028 raptu
1827 1937 1867 2009 at

693 2078 827 2130 sommo
852 2062 1059 2149 cumauro,
1084 2056 1230 2150 scilicet,
1257 2057 1295 2130 in
1319 2056 1455 2131 uoelum
1482 2057 1576 2132 inter
1605 2057 1710 2131 Deos.
1737 2056 1782 2129 Et
1805 2054 1865 2129 hic

694 2184 780 2252 nula
804 2183 942 2253 attente
967 2184 1148 2272 quantum
1175 2186 1281 2272 poeta
1309 2183 1433 2251 noster
1458 2176 1562 2251 scivit
1580 2176 1756 2273 figmenta
1773 2175 1865 2250 alin-

694 2318 778 2369 rum
796 2303 989 2391 poetarum
1007 2288 1188 2388 ducerel²l
1208 2297 1255 2371 ad
1271 2317 1382 2371 suum
1401 2295 1640 2391 propositum.
1655 2296 1863 2371 Verennim

694 2437 766 2490 non
792 2423 913 2510 posset
932 2417 1085 2491 inveniri
1104 2417 1330 2511 comparatio
1349 2416 1465 2513 magis
1482 2416 1629 2513 propria
1647 2416 1732 2491 huic
1754 2416 1861 2491 iactu.

693 2535 821 2630 Aquila
848 2536 944 2611 enim
971 2537 1049 2611 avis
1074 2537 1173 2612 Jovis
1197 2537 1335 2632 optime
1364 2536 1499 2633 figurat
1525 2537 1687 2630 aquilam
1715 2537 1863 2611 missam

693 2658 836 2751 aDeo;
862 2656 1092 2754 Ganymedes
1118 2665 1244 2753 raptus
1269 2659 1316 2733 ab
1341 2658 1462 2752 aquila
1489 2657 1625 2753 figurat
1650 2658 1769 2753 ipsum
1795 2678 1865 2732 nu-

678 2776 804 2851 'bilem
831 2784 975 2872 poetam
1004 2786 1150 2873 raptum
1181 2780 1229 2853 ab
1253 2778 1377 2873 aquila
1409 2777 1554 2872 divina3
1585 2778 1686 2875 sylva
1715 2800 1864 2855 amoena

694 2902 732 2971 et
756 2897 878 2971 virens
903 2898 1000 2994 apud
1026 2905 1170 2973 munies
1186 2890 1223 2990 (³)
1248 2898 1365 2973 Truiae
1395 2896 1530 2995 figurat
1559 2898 1691 2972 vallem
1728 2900 1864 2973 herbu-

694 3038 772 3091 sam
803 3018 967 3093 floridam
983 3008 1020 3111 (⁴)
1048 3020 1193 3093 illorum
1225 3020 1419 3100 illustrium
1451 3019 1549 3114 apud
1578 3024 1741 3093 muntem
1773 3040 1864 3113 pur-

693 3139 848 3234 gatorii3
875 3139 1013 3215 nobiles
1038 3139 1125 3215 socii
1150 3139 1370 3235 Ganymedis
1395 3139 1556 3236 figurant
1574 3138 1718 3213 nubiles
1744 3139 1863 3213 socius

693 3258 827 3352 Daulis,
849 3258 914 3353 qui
932 3266 1190 3334 remanserunt
1214 3261 1292 3353 ipsu
1319 3268 1422 3354 rapto
1447 3259 1485 3332 in
1509 3259 1644 3352 altum,¹
1659 3258 1753 3333 sicut
1774 3258 1863 3333 socii
1934 3257 1937 3260 ’

691 3377 921 3475 Ganymedis,
949 3378 1009 3453 illo
1041 3385 1146 3474 rapto
1178 3379 1213 3453 in
1247 3379 1408 3472 coelum3
1442 3384 1479 3453 et
1510 3378 1604 3452 sicut
1632 3376 1863 3473 Ganymedes

692 3499 809 3574 iactus
834 3509 889 3576 est
914 3499 1071 3574 servitor
1095 3499 1205 3593 lovis,
1232 3499 1280 3573 ita
1305 3500 1439 3573 Dantes
1464 3498 1581 3573 lactus
1606 3504 1661 3573 est
1679 3518 1811 3573 servus
1823 3488 1862 3592 (ὓ)

692 3620 948 3715 omnipotentis
973 3619 1071 3696 Juvis
1096 3626 1235 3696 tractus
1257 3639 1355 3693 nunc
1372 3618 1419 3693 ad
1439 3618 1708 3714 purgatorium,
1726 3619 1790 3694 nbi
1807 3619 1863 3695 el·

692 3739 834 3815 ficietur
852 3746 949 3815 totus
966 3739 1119 3834 divinus,
1134 3750 1172 3815 et
1187 3739 1239 3814 sin
1255 3738 1444 3833 perveniet
1461 3739 1497 3812 in
1515 3739 1664 3813 coelum.
1678 3740 1721 3811 El
1738 3746 1863 3815 usten-

691 3859 743 3934 dit
767 3860 854 3955 quid
886 3860 1156 3959 imaginabatur
1190 3861 1228 3933 in
1260 3859 1402 3934 somnio
1432 3859 1579 3935 dicens:
1606 3864 1670 3953 [ru
1700 3881 1753 3932 nse
1771 3882 1863 3953 pm-

690 4006 781 4059 sava
793 4011 808 4079 ;
835 3985 870 4058 in
897 3985 957 4060 illu
982 3994 1087 4081 raptu
1117 3984 1260 4077 mentis,
1282 3987 1382 4078 surse
1407 3991 1539 4077 quala,
1565 3984 1699 4059 scilicet
1724 3986 1861 4082 aquila,

689 4110 780 4202 sede,
812 4105 903 4181 idest
933 4106 1025 4199 ierit,
1052 4105 1121 4199 vel,
1147 4108 1227 4179 sede
1249 4125 1320 4197 pur
1350 4106 1422 4196 qui,
1453 4104 1545 4183 idest
1582 4104 1619 4179 in
1656 4104 1723 4179 ista
1755 4106 1861 4202 valle,

688 4247 855 4319 persfusn,
880 4225 967 4319 quia
993 4226 1087 4301 torte
1111 4225 1221 4300 habet
1245 4245 1357 4298 suum
1382 4223 1509 4298 nidum
1536 4224 1617 4318 hic,
1641 4246 1661 4297 e
1682 4229 1781 4320 surse
1805 4229 1862 4301 di·

690 4351 824 4439 sdeyua
850 4350 887 4421 di
908 4355 1080 4439 portame
1104 4367 1186 4420 suso
1217 4349 1255 4419 iu
1276 4348 1364 4437 pede
1386 4347 1528 4419 d'altru
1557 4348 1646 4437 luco,
1673 4366 1785 4439 quam
1811 4346 1861 4421 ab

691 4467 782 4562 ist03
812 4467 876 4542 sed
908 4488 982 4542 non
1013 4466 1111 4541 stetit
1142 4465 1207 4540 diu
1240 4485 1439 4561 suspensus
1459 4465 1617 4540 animus
1647 4465 1738 4558 eius,
1774 4466 1860 4561 quia

689 4588 812 4683 aquila
841 4610 913 4663 non
938 4588 1035 4663 stetit
1059 4588 1121 4662 diu
1148 4608 1341 4681 suspensa3
1360 4586 1459 4663 unde
1483 4586 1586 4662 dicit:
1606 4589 1670 4679 poi
1685 4590 1734 4661 nti
1746 4608 1862 4680 parea

689 4712 749 4782 clu
770 4703 832 4801 piri
856 4715 987 4800 remla,
1017 4706 1163 4801 scilicet,
1195 4707 1253 4781 illa
1282 4706 1416 4800 aquila,
1450 4728 1499 4779 un
1523 4727 1616 4799 puro
1646 4708 1861 4782 discordasse

752 4922 778 4983 (¹)
794 4922 824 4971 Ε.
840 4922 884 4971 sed
901 4922 958 4972 lirun
973 4922 1048 4973 dicta.
1268 4920 1297 4983 (¹)
1313 4927 1367 4983 117,
1384 4923 1513 4973 adducere
1529 4922 1561 4973 ad
1577 4936 1655 4975 suurn
1671 4925 1842 4989 propositum.

752 4998 780 5061 (¹)
795 5002 849 5057 117,
866 5004 981 5049 montem
998 5000 1092 5050 Troiae.
1268 5000 1296 5062 (¹)
1311 5000 1343 5051 Ε,
1357 5007 1384 5052 01
1400 5000 1529 5053 florium,

752 5078 779 5141 (¹)
796 5079 849 5134 117,
866 5076 976 5127 sarritur
991 5076 1183 5141 omnipotentis.
