4542 6842
763 952 837 1037 tls
1125 964 1330 1035 conunruu
1355 966 1575 1038 runcalulrn

764 1378 929 1457 caurus
952 1376 1194 1471 monemus,
1224 1392 1261 1458 es
1291 1397 1351 1476 plo
1381 1378 1847 1461 sanctemonialem
1877 1378 1938 1461 set

839 1500 931 1569 teuto
948 1500 1111 1569 mecam
1125 1497 1274 1587 Hispano
1291 1494 1445 1587 coapata
1466 1489 1666 1572 drame
1687 1504 1762 1571 uem
1778 1504 1884 1589 potu
1905 1503 1939 1573 a

841 1614 977 1699 supinis
997 1632 1107 1699 repunt
1120 1614 1315 1697 fruendorum,
1333 1617 1389 1699 qui
1401 1612 1503 1681 oculto
1524 1604 1608 1683 dtett
1628 1613 1668 1683 dt
1688 1616 1787 1700 sumis
1807 1614 1937 1683 rilem

839 1746 949 1811 repunt
971 1745 1010 1792 ao
1031 1728 1126 1793 mium
1156 1726 1196 1793 dd
1220 1726 1313 1792 modo
1341 1726 1539 1794 liberationis
1567 1730 1764 1811 anundum
1795 1730 1826 1796 at
1854 1729 1939 1796 cittii

840 1840 1005 1905 descusaua
1026 1843 1073 1903 est
1093 1844 1184 1904 mons
1197 1844 1334 1922 propter
1354 1838 1568 1906 interm
1589 1838 1688 1907 &otii
1707 1841 1853 1907 dom.

783 2042 813 2115 ὕ
882 2112 887 2121 .

729 2202 738 2221 '
841 2122 1031 2293 Contra
1049 2212 1191 2311 mipltor
1207 2210 1317 2312 teter,
1331 2224 1428 2294 dotti
1444 2224 1518 2293 licut
1528 2228 1661 2314 pumtu'.
1680 2210 1878 2316 Postquam
1896 2220 1936 2295 ltl

760 2340 976 2443 praecedentl
1002 2330 1162 2438 capitulo
1188 2337 1296 2437 poeta
1316 2340 1443 2416 noster
1463 2339 1631 2416 tractarit
1652 2339 1689 2416 et
1709 2342 1935 2418 determinas

760 2465 810 2540 vit
832 2465 879 2539 de
896 2460 1057 2561 generali
1075 2474 1185 2558 poena
1202 2468 1239 2535 et
1257 2453 1476 2557 purgatione
1493 2468 1706 2557 ditiorum,
1726 2479 1825 2538 nunc
1840 2470 1934 2538 cun*

758 2589 956 2679 sequenter
981 2584 1018 2656 in
1040 2579 1212 2678 praesenti
1228 2581 1296 2655 llll
1313 2581 1473 2676 capitulo
1490 2580 1597 2657 docet
1615 2581 1731 2658 vitare
1747 2590 1785 2658 et
1803 2584 1934 2681 lugere

758 2705 854 2780 istud
879 2722 1079 2779 commune
1105 2702 1245 2775 malum
1272 2700 1425 2775 humani
1449 2700 1596 2797 generis
1618 2702 1752 2798 duplici
1774 2704 1842 2799 vie,
1859 2704 1932 2779 sci-

757 2825 853 2918 licet,
879 2820 1142 2898 considerando
1160 2821 1275 2896 bonos
1292 2820 1444 2896 ellectus
1461 2821 1638 2919 largitatis
1658 2829 1696 2898 et
1712 2825 1930 2899 voluntariae

758 2944 992 3040 paupertatis,
1019 2949 1056 3017 et
1080 2941 1233 3016 ellectus
1258 2961 1391 3037 pravos
1416 2941 1579 3016 avaritie
1597 2951 1635 3018 et
1654 2942 1867 3041 cupiditatis.
1886 2946 1930 3019 Et

758 3065 854 3139 istud
879 3063 1080 3159 capitulum
1107 3061 1245 3155 inquo
1274 3067 1384 3136 autor
1413 3060 1591 3136 hostiliter
1621 3062 1777 3159 insurgit
1801 3070 1929 3139 eontra

757 3182 949 3259 avaritiam
976 3182 1113 3256 infestis
1139 3180 1264 3275 armis,
1282 3179 1428 3255 videtur
1444 3180 1679 3256 dividendum
1705 3182 1741 3255 in
1768 3190 1930 3276 quatuor

757 3310 880 3400 partes
896 3301 1108 3400 generalem
1125 3302 1162 3375 in
1180 3302 1299 3396 prima
1316 3322 1476 3396 quarum
1499 3309 1606 3397 poeta
1623 3302 1825 3377 detestatur
1840 3323 1930 3377 ava-

757 3424 877 3500 ritiam
904 3431 941 3499 et
965 3421 1201 3498 commendat
1226 3421 1493 3497 liberalitatem.
1513 3422 1553 3495 ln
1576 3423 1736 3497 secunda
1762 3422 1931 3497 introdu-

755 3546 804 3620 cit
830 3566 947 3618 unum
975 3543 1134 3619 nobilem
1161 3541 1331 3638 spiritum
1360 3563 1516 3617 avarum
1544 3548 1581 3619 et
1605 3542 1806 3639 principem
1833 3542 1930 3616 mul-

755 3670 879 3739 torum
901 3684 1115 3757 avarorum,
1133 3662 1198 3757 qui
1216 3668 1382 3737 recenset
1400 3682 1533 3759 magna
1553 3663 1650 3737 mala
1668 3662 1931 3737 committenda

755 3804 822 3879 per
847 3804 1077 3860 successores
1101 3804 1201 3878 suos,
1227 3782 1437 3878 impellente
1461 3782 1627 3878 avaritia,
1648 3783 1716 3857 ibi:
1743 3787 1927 3858 Ounimu.

754 3907 794 3979 ln
820 3906 926 3980 tertia
951 3904 1069 3978 dictus
1095 3902 1242 3998 spiritus
1267 3902 1486 3977 transcurrit
1502 3903 1670 3978 enormia
1688 3910 1836 3998 peccatu
1857 3906 1930 3978 mi-

754 4046 924 4132 serorum
949 4044 1151 4099 avarorum
1179 4022 1272 4097 mira
1297 4021 1488 4128 brevitate,
1514 4023 1582 4097 ibi:
1603 4016 1664 4097 oid
1684 4027 1778 4097 cd’io
1795 4026 1928 4099 cneum

752 4146 792 4220 ln
819 4150 952 4240 quarta
978 4149 1015 4219 et
1037 4143 1166 4217 ultima
1183 4141 1354 4217 describit
1371 4142 1557 4236 quoddam
1576 4143 1744 4220 mirabile
1759 4143 1929 4219 accidens

644 4298 647 4303 ·
753 4264 853 4360 quod
878 4263 1028 4339 emersit
1052 4262 1113 4356 ibi,
1140 4261 1209 4335 ibi:
1236 4264 1305 4335 Not
1329 4282 1488 4335 manum.
1515 4261 1569 4337 dd
1594 4263 1756 4358 primum
1776 4264 1928 4339 veniens

753 4384 844 4479 dico,
871 4385 970 4479 quod
995 4388 1103 4479 poeta
1129 4389 1254 4457 noster
1278 4381 1482 4458 detestatur
1504 4383 1696 4458 avaritiam
1718 4405 1803 4459 cum
1822 4405 1929 4459 com·

753 4504 986 4581 mendatione
1012 4502 1208 4600 largitatis3
1234 4500 1298 4577 sed
1324 4502 1444 4597 primo
1469 4504 1655 4599 praemittit
1682 4503 1929 4579 continuatio·

752 4647 850 4720 nem,
876 4632 913 4700 et
939 4625 1017 4698 vult
1042 4623 1206 4698 breviter
1230 4621 1364 4715 dicere,
1390 4621 1490 4718 quod
1520 4623 1668 4698 recessit
1692 4625 1740 4698 ab
1765 4623 1826 4698 illo
1851 4623 1927 4719 spi·

752 4746 823 4819 ritu
852 4744 1022 4840 quamvis
1047 4764 1121 4819 non
1147 4747 1353 4836 contentus,
1371 4742 1457 4837 quia
1475 4742 1668 4819 ellectabat
1684 4743 1805 4819 adhuc
1823 4743 1927 4839 loqui

750 4886 838 4941 cum
852 4858 890 4957 (⁴)
916 4884 973 4959 eo,
999 4864 1062 4939 sed
1095 4884 1170 4938 non
1201 4861 1329 4957 potuit.
1360 4862 1451 4936 llicit
1481 4883 1590 4960 ergo:
1632 4866 1746 4954 Velm,
1776 4863 1925 4957 scilicet,

813 5122 841 5187 (¹)
856 5122 887 5174 B.
903 5136 964 5173 curn
980 5124 1027 5175 lllo
1042 5124 1136 5189 aliqua,
1153 5138 1206 5175 non
1221 5130 1307 5174 tumen
1324 5123 1416 5187 poluit.
