4542 6842
800 978 941 1035 esurus
963 980 1144 1049 Quunrus.
1495 970 1564 1037 139

390 1130 428 1200 in
451 1131 597 1218 urania,
615 1124 715 1220 quia,
732 1127 878 1216 t'nltru,
897 1125 1034 1201 scilicet
1053 1126 1173 1200 oratio
1189 1117 1226 1217 (¹)
1248 1126 1381 1221 iniusti,
1407 1130 1468 1201 cte
1493 1132 1564 1221 vat,

391 1246 490 1342 nihii,
508 1249 615 1319 cte'n
640 1249 705 1319 ciet
724 1267 797 1319 non
818 1242 839 1320 ἐ
857 1249 983 1319 nnita?
1004 1246 1107 1337 idest,
1125 1267 1199 1320 non
1221 1246 1419 1322 exauditur
1436 1268 1458 1323 a
1476 1250 1564 1324 Deo.

392 1368 518 1443 utute
544 1372 670 1465 repete
694 1367 783 1441 ittud
809 1366 908 1460 quod
933 1367 1057 1441 notavi
1083 1388 1194 1461 supra
1219 1367 1249 1439 11
1274 1374 1311 1442 et
1336 1368 1382 1442 111
1407 1369 1566 1464 capituto

391 1488 438 1563 de
463 1488 538 1561 istis
564 1488 627 1581 qui
653 1487 824 1561 videntur
849 1494 948 1561 stare
972 1487 1051 1561 sine
1076 1507 1196 1580 poeua.
1211 1492 1305 1560 -Ε
1326 1478 1398 1579 yut
1416 1488 1481 1564 iiic
1509 1492 1566 1564 ut-

393 1608 482 1683 timo
499 1614 606 1703 poeta
623 1606 799 1683 ciaudeus
816 1606 1018 1700 capitutum
1036 1606 1209 1681 describit
1227 1628 1413 1682 recessum
1432 1630 1563 1685 eurum

392 1730 522 1805 aleco
546 1728 626 1822 istu,
652 1726 797 1802 diceus:
824 1749 843 1798 e
866 1716 929 1817 ρίὰ
952 1729 980 1799 n
1000 1734 1118 1821 poeta,
1145 1726 1279 1803 scilieet
1304 1728 1487 1827 Virgilius,
1505 1733 1566 1835 'in-

392 1852 503 1923 nanzi
527 1852 575 1921 mi
598 1851 726 1937 sativa,
747 1845 884 1921 scilicet
899 1867 966 1941 per
985 1857 1162 1940 mentem,
1180 1848 1265 1939 quia
1288 1849 1480 1927 videbatur
1497 1850 1565 1924 sibi

393 1969 500 2043 nimis
517 1968 658 2043 stetisse
682 1988 769 2042 curu
795 1966 869 2041 istis
894 1967 1026 2063 pigris,
1047 1966 1130 2041 ideo
1155 1966 1376 2043 admouebat
1393 1990 1467 2043 nou
1485 1990 1566 2045 esse

391 2089 620 2186 perdendum
644 2094 789 2182 tempus
804 2078 854 2181 (¹),
871 2110 891 2160 e
906 2090 1026 2161 dicen:
1043 2091 1164 2161 vienne
1180 2092 1287 2179 omui,
1306 2090 1393 2183 quia
1421 2098 1565 2186 tempus

391 2218 457 2287 est.
483 2210 568 2285 ideo
592 2209 763 2285 describit
784 2208 906 2283 statim
933 2215 1089 2305 tempus,
1107 2214 1146 2283 et
1163 2208 1307 2285 videtur
1327 2210 1490 2289 breviter
1510 2213 1567 2287 di-

391 2350 488 2425 cere,
515 2329 614 2424 quod
634 2331 713 2426 jaru
743 2335 799 2404 est
828 2330 921 2403 hora
957 2328 1157 2403 meridiana
1187 2329 1224 2403 iu
1254 2330 1315 2405 illo
1345 2332 1566 2429 hemisperio
1612 2350 1616 2358 ·

391 2472 524 2527 eorum
550 2450 723 2543 inferiori,
749 2456 788 2525 et
813 2450 850 2524 in
877 2458 1001 2524 nostru
1012 2451 1090 2545 iarn
1110 2472 1184 2525 uox
1204 2450 1367 2528 dilatavit
1386 2474 1427 2529 se
1446 2476 1564 2550 usque

392 2574 439 2649 ad
453 2565 491 2667 (³)
519 2572 757 2647 occidentem.
784 2569 876 2645 Dicit
904 2591 1019 2667 erge:
1050 2574 1129 2645 vedi
1152 2569 1235 2645 cn'e'
1269 2582 1364 2647 tocco
1389 2578 1565 2649 tnntdtnn

391 2696 455 2768 dut
486 2696 571 2782 sete,
597 2692 699 2785 idest,
724 2691 885 2767 circulus
911 2691 1136 2765 meridianus
1168 2699 1223 2765 est
1254 2698 1373 2767 tactus
1407 2714 1430 2769 a
1463 2696 1563 2789 s0u3

392 2814 497 2909 quasi
522 2814 640 2889 dicat:
670 2820 726 2887 est
757 2812 938 2888 meridies.
964 2811 1057 2900 Quid
1092 2811 1138 2885 sit
1170 2812 1393 2888 meridianus
1424 2815 1562 2890 dictum

392 2940 448 3010 est
471 2933 578 3029 piene
602 2932 647 3006 iil
672 2932 831 3028 capitulo
855 2932 953 3008 circa
983 2932 1215 3028 principium,
1247 2936 1319 3041 cite,
1350 2934 1451 3030 idest,
1477 2936 1564 3030 quia

392 3056 452 3130 vei
476 3062 513 3129 et
537 3054 648 3149 quod,
674 3056 710 3127 ta
734 3060 838 3145 nette,
863 3052 1064 3149 precedens
1092 3052 1141 3127 ab
1173 3054 1327 3149 oriente,
1352 3077 1459 3149 cupre
1482 3062 1567 3132 Mn·

391 3196 510 3266 rocco,
536 3175 628 3250 idest
645 3173 920 3266 Mauritaniam,
946 3192 1031 3267 quae
1055 3180 1110 3247 est
1135 3173 1239 3269 regio
1265 3174 1396 3249 Airicae
1425 3177 1461 3251 iu
1493 3176 1566 3251 flue

391 3295 597 3385 occidentis,
622 3301 659 3369 et
683 3294 831 3390 punitur
856 3314 923 3389 pro
950 3302 1055 3388 parte
1075 3292 1301 3388 occidentali,
1320 3300 1376 3371 cot
1386 3290 1457 3391 pit,
1477 3298 1564 3391 quia

385 3416 465 3513 iam
491 3416 658 3511 pervenit
683 3414 720 3489 in
746 3414 985 3508 occidentem,
1011 3413 1061 3488 ita
1087 3414 1186 3508 quod
1212 3410 1274 3489 dat
1299 3416 1428 3509 pedem
1457 3417 1566 3510 necti,

390 3540 440 3612 dn
465 3540 502 3609 ta
525 3539 620 3626 nnnc,
646 3534 748 3628 idest,
774 3534 812 3607 iu
837 3540 1007 3608 extreme
1027 3534 1149 3608 littore
1170 3534 1340 3610 Marechi.
1359 3536 1460 3611 Unde
1477 3544 1566 3611 ueta

391 3656 489 3752 quod
515 3657 611 3732 sicut
638 3677 711 3730 uon
739 3654 778 3727 tit
803 3655 880 3729 dies
913 3653 1105 3749 aequaiiter
1138 3654 1320 3750 omuibus,
1350 3656 1437 3750 quia
1463 3658 1566 3753 prius

391 3777 432 3851 tit
456 3776 493 3850 iu
518 3777 660 3851 oriente
679 3796 791 3870 quarn
812 3775 848 3849 iu
867 3775 1031 3869 meridie,
1049 3786 1086 3853 et
1102 3776 1205 3870 prius
1222 3777 1259 3849 iu
1278 3776 1430 3852 meridie
1447 3800 1560 3873 quam

391 3896 428 3972 iu
453 3897 651 3990 occidente,
676 3896 726 3971 ita
752 3896 792 3971 ut
819 3918 891 3971 uox
917 3896 1083 3972 simititer
1109 3896 1365 3973 diversimode.

454 4131 482 4193 ρ)
498 4130 528 4181 R
545 4130 630 4181 oratio
645 4129 734 4189 turtsn,
749 4130 801 4179 ctio.
951 4126 981 4192 (Ἴ
998 4132 1053 4189 trr,
1069 4132 1187 4192 ίοωμιις
1205 4129 1272 4179 uude
1287 4129 1362 4179 dicit:
1379 4144 1392 4179 e
1408 4131 1487 4181 dicen.

454 4207 483 4272 ι’)
499 4208 529 4259 E.
545 4208 572 4259 tn
587 4208 756 4259 occidentem.
