4542 6842
727 990 797 1057 106
1083 1002 1289 1061 counnruu
1312 1004 1530 1060 runonronu

724 1154 799 1221 tem
825 1146 999 1223 Federici.
1025 1149 1170 1223 Mortuo
1196 1148 1374 1244 Conrado,
1401 1146 1608 1225 llanlredus
1627 1148 1801 1224 remansit
1825 1170 1877 1245 gu

722 1268 896 1343 hernator
922 1268 1038 1365 regni,
1063 1291 1139 1365 quo
1165 1277 1331 1364 tempore
1355 1268 1587 1345 Innocentius
1611 1290 1705 1365 papa
1729 1270 1775 1345 lV
1807 1288 1892 1344 cum

722 1408 857 1485 magno
883 1388 1049 1465 exercitu
1079 1390 1229 1465 intravit
1263 1411 1445 1487 regnum3
1471 1392 1536 1466 sed
1568 1412 1641 1465 nou
1671 1392 1790 1465 multo
1815 1396 1897 1487 post

722 1518 892 1585 mortuus
908 1517 963 1587 est
975 1512 1122 1608 Neapoli
1137 1518 1174 1586 et
1188 1512 1362 1607 sepultus.
1380 1511 1588 1587 Manlredus
1605 1519 1730 1587 autem
1745 1517 1895 1608 propter

720 1632 869 1728 longam
897 1630 1126 1708 uacationem
1144 1630 1319 1726 ecclesiae,
1340 1654 1425 1727 quae
1442 1632 1589 1707 duravit
1609 1632 1775 1728 pluribus
1799 1632 1894 1707 duo-

720 1752 791 1826 bus
817 1752 920 1827 annis
947 1752 1025 1826 sine
1050 1758 1207 1847 pastore,
1234 1752 1426 1849 occupavit
1450 1752 1592 1828 omnia:
1614 1760 1651 1829 et
1668 1772 1893 1849 magnopere

721 1872 860 1947 studuit
885 1874 1104 1948 contrahere
1130 1884 1167 1949 et
1191 1872 1413 1948 confirmare
1438 1874 1615 1949 amicitias
1637 1872 1797 1948 lidelium
1824 1872 1894 1947 im·

720 1994 813 2088 perii
837 1992 875 2066 in
900 1992 1028 2067 Tuscia
1055 1999 1091 2067 et
1115 1993 1345 2069 Lombardia.
1364 1994 1409 2071 Et
1426 1995 1552 2068 rolens
1569 1993 1690 2069 lacere
1707 2014 1746 2069 se
1764 2012 1890 2091 regem

719 2111 924 2189 conciliauit
957 2112 1024 2188 sihi
1054 2113 1197 2188 animos
1228 2114 1412 2188 baronum
1444 2112 1556 2211 regni.
1588 2112 1682 2187 Usus
1713 2121 1768 2189 est
1801 2132 1891 2211 ergo

719 2232 849 2310 iraude
882 2236 1054 2328 honesta;
1088 2256 1180 2309 namw
1206 2234 1416 2310 convocatis
1450 2236 1683 2331 magnatibus
1717 2234 1819 2309 linxit
1852 2254 1891 2309 se

719 2354 890 2431 habuisse
906 2376 973 2451 per
994 2356 1130 2451 literas,
1157 2356 1315 2449 qualiter
1333 2355 1522 2430 Conradus
1536 2346 1573 2448 (⁴)
1594 2376 1707 2450 nepos
1727 2354 1891 2429 inlirma-

717 2475 828 2550 batur
850 2474 898 2549 ad
923 2481 1095 2570 mortem,
1121 2475 1168 2551 de
1193 2495 1355 2568 quorum
1381 2474 1531 2550 consilio
1563 2474 1659 2548 misit
1691 2474 1828 2572 legatos
1854 2474 1890 2549 in

716 2594 951 2670 Germaniam
968 2596 1016 2671 ad
1033 2595 1296 2691 explorandam
1315 2595 1519 2670 veritatem.
1534 2594 1658 2692 Legati
1678 2594 1789 2692 igitur
1804 2615 1891 2690 pro-

716 2714 800 2793 iecti
825 2714 863 2791 in
892 2716 1139 2811 Germaniam,
1166 2718 1385 2791 invenerunt
1410 2716 1509 2811 quod
1542 2723 1661 2791 mater
1696 2715 1887 2792 Conradini

716 2836 867 2912 sollicita
892 2836 939 2913 de
963 2837 1082 2911 salute
1108 2835 1169 2910 lilii
1188 2837 1334 2911 tenebat
1351 2857 1438 2911 eum
1457 2857 1542 2911 cum
1560 2836 1639 2911 aliis
1662 2836 1786 2932 pueris
1803 2856 1890 2911 coe-

717 2957 833 3033 taneis
846 2957 883 3031 in
901 2957 1030 3033 eodem
1046 2956 1184 3031 habitu.
1202 2957 1291 3044 Quae
1312 2956 1436 3031 videns
1450 2978 1582 3053 magna
1603 2976 1762 3031 munera
1778 2955 1888 3031 missa

715 3100 738 3153 a
764 3078 961 3171 Manlredo,
989 3078 1120 3152 timens
1147 3098 1194 3151 ue
1219 3076 1314 3150 lilius
1343 3076 1484 3151 biberet
1508 3076 1555 3151 de
1584 3096 1629 3151 eo
1654 3076 1786 3172 poculo
1812 3096 1887 3171 quo

718 3205 834 3294 pater,
861 3196 1075 3273 subornavit
1103 3196 1218 3271 alium
1245 3198 1325 3272 loco
1351 3194 1493 3292 pupilli3
1520 3196 1580 3270 cui
1604 3196 1888 3271 ambassiatores

714 3316 896 3394 dederunt
921 3338 1106 3394 venenum
1133 3318 1169 3391 in
1196 3317 1422 3393 coniectione
1447 3316 1619 3411 quadam,
1637 3338 1682 3391 ex
1702 3339 1776 3412 quo
1794 3338 1887 3414 puer

716 3445 887 3513 mortuus
912 3445 977 3513 est.
1004 3437 1072 3535 lpsi
1098 3460 1189 3513 vero
1214 3439 1405 3513 credentes
1429 3457 1519 3513 vere
1544 3437 1767 3513 interfecisse
1793 3438 1889 3513 Gon-

715 3558 897 3655 radinum,
924 3559 1064 3634 reversi
1088 3558 1259 3634 Venetias
1284 3559 1451 3634 lecerunt
1476 3556 1555 3632 lieri
1581 3558 1696 3654 galeae
1720 3580 1797 3633 suae
1823 3579 1889 3633 ve·

712 3681 791 3755 lum
817 3686 855 3755 et
880 3686 1014 3755 caetera
1040 3679 1285 3755 instrumenta
1310 3678 1427 3775 nigra,
1455 3684 1492 3755 et
1516 3678 1582 3773 ipsi
1607 3685 1888 3774 assumpserunt

714 3802 932 3876 vestimenta
957 3800 1074 3899 nigra,
1101 3808 1139 3876 et
1168 3800 1372 3875 secundum
1398 3798 1564 3875 ordinem
1595 3799 1721 3873 datum
1749 3800 1888 3875 retule-

713 3927 801 3995 runt
822 3928 980 3995 mortem
998 3920 1114 4016 pueri.
1132 3919 1339 3995 hlanlredus
1356 3926 1543 4015 assumpta
1561 3925 1663 3993 veste
1684 3919 1788 4016 nigra
1806 3927 1885 4016 post

714 4063 890 4139 magnum
928 4042 1126 4137 planctum,
1162 4062 1249 4115 cum
1281 4041 1408 4115 lavore
1438 4041 1646 4116 amicorum
1679 4047 1716 4116 et
1750 4061 1885 4137 magno

713 4182 893 4237 consensu
918 4162 1028 4236 totius
1046 4159 1286 4235 multitudinis
1305 4160 1421 4235 lactus
1438 4167 1493 4235 est
1511 4181 1577 4235 rex
1595 4160 1631 4233 in
1653 4158 1771 4234 Sicilia
1788 4160 1884 4255 apud

713 4275 872 4357 Mentem
897 4283 1060 4376 limiam,
1083 4303 1181 4357 anno
1196 4272 1232 4375 l‘l
1261 4280 1391 4356 Christi
1418 4280 1611 4355 millesimo
1634 4279 1885 4355 ducentesimo

712 4401 1018 4499 quinquagesimo
1035 4402 1173 4497 quinto.
1188 4400 1274 4476 Post
1291 4406 1448 4475 mortem
1467 4399 1666 4474 iunocentii
1683 4407 1721 4475 et
1737 4401 1883 4496 longam

711 4522 940 4598 vacationem
967 4522 1106 4599 electus
1132 4528 1188 4597 est
1218 4542 1311 4618 papa
1342 4520 1548 4596 Alexander
1564 4521 1609 4595 lV
1633 4521 1681 4596 de
1710 4521 1885 4617 Anagnia,

710 4642 774 4737 qui
799 4642 892 4717 sedit
916 4642 1020 4717 anuis
1037 4648 1189 4738 septem.
1209 4642 1253 4715 llt
1270 4641 1396 4716 videns
1416 4640 1645 4716 llanlredum
1667 4640 1773 4739 regni
1793 4640 1883 4715 solio

708 4763 902 4838 florentem
933 4762 1074 4858 absque
1104 4762 1303 4837 autoritate
1328 4761 1524 4856 apostolica
1546 4760 1882 4844 excommunicavit

708 4902 796 4957 eum
819 4887 1093 4977 contumacem3
1125 4889 1253 4957 contra
1285 4902 1398 4976 quem
1432 4881 1527 4955 misit
1562 4903 1678 4955 unum
1704 4882 1881 4977 legatum,

773 5148 802 5214 (¹)
817 5148 842 5201 S.
858 5148 1103 5203 autumnalem.
1230 5150 1257 5213 (¹)
1274 5148 1304 5201 Ε.
1321 5163 1390 5201 anno
1406 5148 1509 5200 llomlnl
1524 5148 1606 5199 nostrl
1622 5146 1684 5197 lesu
1699 5144 1802 5197 Christi.
