4542 6842
841 977 980 1035 cnutus
1004 979 1149 1036 l’ltlllUS.
1540 974 1585 1040 17

410 1127 515 1201 Nunc
527 1130 647 1220 poeta,
661 1132 804 1200 ostensa
828 1127 1040 1202 amoenitate
1059 1127 1156 1202 aeris
1172 1133 1210 1202 et
1226 1129 1473 1223 pulcritudine
1489 1132 1585 1226 cccli,

409 1245 580 1320 describit
606 1246 855 1321 venerabilem
882 1267 1008 1322 senem
1035 1248 1226 1322 custodem
1252 1248 1332 1323 loci.
1364 1250 1430 1325 Hic
1458 1259 1586 1326 autem

409 1372 491 1440 erat
516 1366 605 1440 Cato
627 1366 814 1440 Uticensis.
833 1367 877 1440 Et
899 1367 987 1461 quia
1003 1367 1062 1442 hic
1079 1367 1226 1443 videtur
1243 1389 1351 1444 error
1369 1370 1457 1443 satis
1477 1390 1587 1444 enor·
1607 1418 1610 1426 ·

411 1485 492 1579 nris,
519 1490 683 1581 rogote,
710 1487 836 1580 lector,
865 1493 906 1560 ut
934 1487 1032 1562 vires
1061 1487 1174 1560 animi
1204 1510 1337 1583 parurn
1368 1490 1517 1587 colligas
1541 1490 1588 1565 ad

410 1605 715 1690 considerandum
738 1605 826 1699 quid
842 1611 949 1700 poeta
965 1613 1090 1681 noster
1107 1607 1272 1682 intendat
1289 1602 1325 1699 (¹)
1345 1609 1415 1683 sub
1431 1609 1498 1683 ista
1517 1609 1587 1682 mi-

412 1725 516 1800 rabili
542 1746 638 1799 nova
663 1724 819 1820 fictione,
847 1746 931 1820 quae
956 1727 1102 1801 videtur
1118 1746 1250 1822 sapere
1268 1728 1457 1822 haeresim3
1478 1729 1587 1804 nimis

412 1847 510 1922 enirn
536 1845 682 1921 videtur
706 1847 909 1920 absurdum
935 1847 1034 1940 quod
1054 1853 1167 1942 ponat
1190 1848 1367 1922 Catonem
1394 1849 1586 1925 custodem

357 2045 359 2052 ,
411 1965 626 2062 purgatorii,
653 1985 765 2059 quern
791 1965 976 2040 debuisset
1000 1986 1139 2061 ponere
1158 1966 1195 2040 in
1219 1967 1374 2062 interno,
1394 1974 1476 2042 tum
1498 1969 1585 2063 quia

412 2088 480 2162 fuit
504 2107 668 2183 paganus
687 2085 849 2191 infidelis,
868 2092 948 2160 tum
966 2086 1053 2180 quia
1072 2087 1252 2162 interiecit
1269 2108 1309 2161 se
1328 2088 1469 2183 ipsum3
1488 2089 1586 2164 unde

411 2207 569 2282 debebat
586 2206 716 2281 medus
735 2207 862 2302 reponi
878 2207 974 2281 inter
990 2206 1170 2282 violentos
1189 2214 1317 2282 contra
1341 2229 1382 2284 se
1406 2209 1512 2304 ipsos.
1531 2209 1586 2282 dd

412 2330 481 2404 hoc
506 2328 632 2402 dicunt
656 2319 894 2422 aliqui'quod
919 2333 1027 2423 poeta
1052 2335 1202 2424 propter
1232 2329 1438 2404 mirabilem
1468 2330 1586 2404 virtu·

408 2455 487 2525 *tem
513 2448 658 2524 Catonis
683 2447 907 2543 imaginatur
933 2447 1032 2541 quod
1050 2448 1150 2523 Deus
1171 2449 1403 2545 inspiraverit
1428 2448 1494 2522 sibi
1520 2469 1586 2524 ve-

412 2589 494 2643 ram
520 2566 765 2663 cognitionem
793 2565 896 2662 fidei3
922 2567 986 2643 sed
1011 2567 1107 2642 istud
1133 2569 1221 2642 nihil
1239 2570 1348 2664 valet,
1366 2572 1449 2660 outo
1474 2569 1533 2642 ult
1557 2576 1588 2642 te

410 2691 590 2780 invenero,
614 2689 662 2760 idi
686 2694 717 2760 te
732 2689 912 2778 judicato.
949 2688 1048 2762 Licet
1077 2689 1176 2762 enim
1210 2688 1379 2784 possibile
1410 2689 1455 2762 sit
1487 2688 1587 2783 quod

412 2808 636 2904 suspendens
661 2828 701 2882 se
726 2809 859 2903 laqueo
888 2810 1023 2883 habeat
1051 2809 1308 2884 contritionem
1340 2816 1377 2884 et
1409 2809 1584 2902 salvetur,

412 2937 537 3004 umen
562 2949 636 3002 uon
657 2948 852 3023 possumus
870 2948 938 3003 nec
954 2928 1134 3004 debemus
1146 2928 1315 3023 judicare
1331 2928 1399 3002 nisi
1416 2928 1463 3003 de
1480 2928 1587 3002 dam-

412 3051 559 3125 natione
584 3049 675 3125 cius.
701 3048 786 3123 ldeo
811 3047 840 3122 si
866 3055 973 3145 poeta
992 3049 1151 3124 habebat
1168 3056 1376 3144 respectum
1393 3049 1441 3123 ad
1463 3048 1587 3124 excel-

412 3169 559 3244 lentiam
587 3168 730 3244 virtutis
754 3168 913 3262 Catonis,
938 3168 1143 3244 sufficiebat
1172 3188 1311 3264 ponere
1339 3168 1459 3263 ipsum
1491 3169 1587 3244 inter

412 3290 511 3364 viros
532 3289 690 3364 illustres
715 3309 801 3362 curn
828 3289 990 3382 Socrate,
1009 3288 1159 3383 Seneca,
1177 3295 1216 3364 et
1230 3288 1309 3363 aliis
1325 3289 1468 3385 magnis
1485 3288 1583 3382 viris,

412 3431 505 3506 quos
530 3409 630 3504 pouit
654 3408 733 3482 sine
758 3429 866 3504 poena
892 3407 928 3481 in
954 3409 1036 3482 loco
1055 3409 1240 3482 luminoso
1265 3413 1302 3484 et
1327 3408 1495 3482 herboso.
1517 3407 1586 3483 dlii

412 3532 548 3625 dicunt,
567 3537 604 3604 et
623 3529 871 3604 communiter
890 3549 1031 3622 omnes,
1053 3529 1152 3624 quod
1169 3530 1258 3604 Cato
1275 3528 1335 3604 hic
1351 3529 1499 3624 ponitur
1519 3549 1587 3624 pro

411 3649 621 3744 honestate;
652 3669 720 3724 nec
745 3649 840 3722 istud
875 3650 983 3742 valet,
1010 3649 1097 3744 quta
1131 3649 1358 3746 Augustinus
1389 3649 1509 3744 primo
1539 3648 1587 3723 de

412 3772 564 3848 Ciuitate
580 3769 645 3845 Dei
670 3769 769 3844 circa
785 3767 1014 3864 principium,
1035 3770 1096 3844 ubi
1114 3769 1265 3866 egregie
1281 3769 1440 3865 disputat
1458 3774 1586 3842 contra

410 3895 521 3970 istum
549 3893 725 3967 Catonem
751 3889 838 3985 quia
863 3910 903 3964 se
921 3891 1061 3983 occidit,
1079 3889 1181 3965 dicit:
1200 3892 1451 3964 pentocostes
1467 3892 1585 3981 turpio

407 4033 629 4110 necaveris,
641 4013 703 4084 sed
717 4012 904 4102 infirmitas
921 4013 1074 4084 advoco
1090 4031 1164 4084 oon
1181 4011 1384 4084 utrumn.
1399 4011 1585 4084 Praeterea

299 4163 301 4171 ⁴
412 4135 583 4210 honestas
607 4129 789 4228 figuratur
814 4131 934 4226 potius
954 4131 991 4204 in
1009 4130 1139 4205 llartia
1155 4149 1275 4204 uxore
1292 4129 1448 4224 Catonis,
1469 4135 1511 4202 ut
1530 4128 1586 4202 di-

413 4261 519 4330 cetur
544 4252 654 4349 paulo
670 4251 775 4325 inira.
795 4249 865 4325 Sed
883 4249 1026 4324 omissis
1043 4249 1261 4347 ambagibus
1278 4271 1345 4344 pro
1365 4234 1465 4324 vera
1478 4249 1586 4322 intel-

413 4373 561 4474 ligentia
578 4371 688 4446 huius
705 4390 834 4466 passus
850 4370 961 4444 debes
975 4361 1012 4463 (²)
1031 4389 1253 4463 memorare,
1272 4369 1369 4462 quod
1387 4375 1495 4464 poeta
1516 4387 1585 4442 no·

412 4503 488 4571 ster
505 4502 547 4570 ut
565 4492 765 4590 plurimum
784 4490 948 4584 loquitur
963 4490 1010 4564 de
1029 4491 1242 4586 purgatorio
1260 4489 1401 4563 morali.
1416 4487 1522 4576 Quod
1545 4492 1587 4561 ut

412 4617 512 4692 clane
535 4620 657 4710 pateat
672 4617 729 4686 est
746 4609 946 4686 notandum
962 4599 1020 4704 (³)²
1052 4611 1096 4683 ll.
1116 4610 1244 4684 Cicero
1262 4609 1299 4682 in
1317 4608 1475 4705 epistolis
1493 4628 1586 4703 quas

412 4736 536 4811 scribit
566 4736 607 4822 Q.
640 4731 806 4808 Ciceroni
837 4729 940 4804 lratri
970 4749 1051 4823 suo,
1083 4728 1159 4823 qui,
1185 4728 1288 4824 parvi
1320 4729 1496 4823 corporis,
1522 4726 1587 4802 sed

413 4856 536 4952 magni
561 4853 673 4929 animi
691 4851 768 4946 luit,
787 4852 930 4947 legatus
947 4847 1030 4922 tutti
1048 4847 1201 4923 Gaesaris
1222 4848 1259 4921 in
1281 4848 1406 4941 Gallia,
1425 4853 1466 4920 ut
1487 4853 1587 4942 patet

474 5045 502 5106 (¹)
518 5044 549 5094 E·
566 5041 702 5106 intelligat·
905 5037 932 5099 ι’)
949 5037 980 5088 Ε.
998 5036 1075 5087 debes
1091 5043 1183 5088 notare
1198 5040 1226 5087 et
1241 5048 1398 5086 memorare.

475 5123 502 5185 ι’)
518 5120 545 5172 S.
561 5133 576 5172 e
592 5120 624 5170 li.
639 5123 679 5170 cst
694 5117 846 5178 notandum,
862 5116 932 5181 quod
948 5115 986 5166 Μ.
1003 5113 1101 5164 Cicero.

548 5227 589 5270 ιιι.
1439 5217 1453 5260 ,
