4542 6842
712 933 782 1000 376
1071 943 1275 1000 cumarum
1298 943 1518 1000 nunanronu

711 1088 865 1164 dulciter
891 1088 1063 1164 adulatur
1088 1094 1214 1163 nostro
1246 1095 1364 1184 poetae
1394 1088 1600 1164 secundum
1630 1087 1730 1184 quod
1762 1087 1885 1163 luerat

711 1215 871 1306 rogatus.
886 1213 993 1282 -Et
1022 1212 1067 1282 io.
1095 1208 1161 1283 llic
1191 1215 1299 1305 poeta
1333 1210 1435 1306 ponit
1460 1222 1576 1285 'suam
1609 1208 1884 1304 responsionem

710 1328 805 1404 dicto
831 1329 991 1426 spiritui3
1017 1336 1055 1406 et
1080 1329 1200 1425 primo
1218 1331 1414 1425 respondet
1429 1331 1558 1426 prima
1575 1331 1672 1427 parti
1691 1329 1883 1426 petitionis,

710 1447 846 1526 scilicet
871 1450 970 1526 unde
995 1449 1134 1544 reniat3
1153 1457 1190 1526 et
1214 1451 1301 1526 dicit
1317 1451 1491 1547 breviter,
1509 1452 1610 1547 quud
1631 1453 1730 1527 venit
1747 1452 1794 1527 de
1809 1452 1884 1525 Tu‘-

710 1571 784 1644 scia
810 1569 855 1645 de
881 1571 976 1645 valle
1000 1569 1099 1644 Arni.
1127 1571 1172 1644 Et
1196 1570 1243 1646 ad
1268 1571 1544 1668 intelligentiam
1572 1571 1682 1647 buius
1707 1572 1821 1648 literae
1845 1576 1884 1646 et

711 1681 907 1786 sequentis,
934 1699 1078 1786 opertet
1102 1693 1205 1787 prius
1226 1691 1336 1787 seire,
1354 1692 1452 1786 qnod
1469 1699 1578 1788 poeta
1598 1693 1796 1790 saepissime
1815 1710 1884 1766 no·

713 1812 827 1886 minat
852 1832 951 1905 eum,
978 1817 1015 1886 et
1040 1811 1099 1886 bic
1123 1811 1329 1907 specialiter
1352 1812 1534 1907 describit,
1552 1813 1651 1907 quod
1674 1812 1796 1887 Arnus
1812 1812 1884 1886 tlu-

712 1932 794 2006 vius
820 1938 875 2006 est
899 1931 1051 2024 Tusciae,
1070 1932 1133 2026 qui
1151 1931 1271 2007 oritur
1287 1952 1335 2006 ex
1355 1931 1487 2007 dextro
1503 1934 1619 2008 latere
1642 1932 1821 2030 Apennini
1836 1930 1885 2006 de

714 2059 849 2146 monte,
868 2051 931 2147 qui
950 2053 1061 2149 vulgo
1081 2053 1214 2127 dicitur
1230 2051 1424 2127 Falterona
1436 2045 1485 2147 (¹),
1499 2072 1655 2128 currens
1672 2074 1803 2128 versus
1819 2071 1884 2128 ec·

713 2172 912 2247 sidentem:
939 2179 976 2247 et
1002 2193 1023 2246 a
1049 2172 1225 2268 principio
1251 2173 1388 2247 labitur
1416 2193 1483 2268 per
1509 2173 1708 2270 praecipitia
1733 2172 1883 2248 vallium

712 2312 799 2366 cum
825 2291 968 2368 medica
992 2312 1090 2386 aqua
1119 2313 1186 2388 per
1219 2292 1475 2387 Casentlnum3
1504 2292 1635 2369 deinde
1664 2293 1813 2368 adiutus
1835 2292 1884 2368 ab

710 2410 790 2486 aliis
814 2411 920 2506 aquis
937 2411 1054 2486 lactus
1070 2413 1364 2508 grandiusculus,
1380 2435 1404 2488 a
1429 2412 1581 2488 sinistris
1606 2414 1779 2508 relinquit
1794 2412 1886 2488 Are·

714 2533 820 2628 tium,
850 2533 980 2608 deinde
1012 2533 1153 2608 intrans
1181 2555 1315 2630 agrum
1347 2534 1580 2609 barentinum
1616 2535 1752 2610 labitur
1777 2536 1886 2631 juxta

715 2653 895 2748 llncisam,
928 2653 1130 2748 castellum,
1166 2653 1265 2728 unde
1303 2654 1414 2730 traxit
1446 2653 1626 2750 originem
1663 2655 1887 2730 clarissimus

715 2780 823 2869 poeta
839 2773 1037 2850 Petrarcba
1053 2774 1182 2849 diebus
1202 2773 1345 2849 nastris.
1364 2773 1502 2850 Deinde
1523 2775 1702 2851 transiens
1719 2796 1785 2871 per
1806 2797 1885 2852 rna·

715 2894 817 2968 dium
844 2893 1047 2987 Florentia,
1073 2895 1201 2968 llorem
1229 2893 1340 2968 totius
1369 2893 1521 2989 Tusciae,
1547 2893 1659 2970 intrat
1684 2896 1785 2970 Pisas
1817 2917 1886 2972 an·

717 3012 957 3108 tiqnisslmam
984 3013 1181 3109 civitatem,
1207 3033 1320 3108 quam
1352 3013 1476 3088 dividit
1505 3013 1542 3088 in
1568 3013 1660 3089 duas
1684 3024 1824 3110 partem
1850 3022 1888 3090 et

717 3154 791 3208 nnn
825 3132 934 3230 longe
962 3133 1011 3206 ab
1039 3153 1084 3207 ea
1116 3133 1212 3208 cadit
1245 3133 1283 3206 in
1315 3151 1420 3208 mare
1449 3134 1681 3229 tyrrhenum.
1712 3136 1818 3210 Nunc
1840 3135 1887 3210 ad

716 3255 873 3347 literam,
899 3253 983 3327 dicit
1010 3258 1136 3348 poeta:
1163 3259 1208 3326 Et
1229 3255 1281 3326 in:
1306 3255 1444 3349 supple,
1470 3253 1542 3328 dixi
1569 3255 1618 3329 illi
1643 3254 1799 3330 Guidnni
1823 3275 1889 3351 pe-

716 3375 824 3451 tenti:
857 3395 905 3448 un
935 3377 1099 3467 fiumtret,
1134 3372 1270 3448 scilicet
1299 3372 1442 3468 Arnus3
1471 3380 1509 3449 et
1539 3374 1635 3449 bene
1667 3373 1771 3469 dicit,
1801 3375 1890 3470 qnia

716 3495 837 3570 Arnus
862 3515 936 3568 non
961 3501 1016 3570 est
1042 3494 1177 3568 lluvins
1202 3515 1370 3590 magnus,
1397 3513 1465 3568 nec
1490 3493 1714 3591 navigabilis,
1739 3514 1809 3569 nec
1834 3494 1890 3591 pi·

716 3637 862 3692 scosus:
895 3623 950 3692 est
984 3621 1108 3691 tamen
1141 3615 1316 3709 lamnsus,
1347 3615 1434 3709 qula
1467 3614 1602 3690 labitur
1632 3636 1699 3712 per
1731 3616 1890 3692 famosas

717 3743 854 3832 terras;
880 3743 918 3811 et
943 3736 1029 3830 quia
1055 3736 1123 3812 riri
1154 3733 1283 3810 famosi
1308 3733 1489 3810 dederunt
1513 3734 1579 3808 sibi
1605 3734 1741 3810 lamam
1769 3736 1888 3832 ipsum

717 3856 974 3950 describentes,
1001 3856 1095 3930 sicut
1120 3857 1266 3950 Dantes,
1292 3855 1503 3947 Petrarcba,
1525 3854 1756 3952 Boncaccius,
1775 3865 1814 3931 et
1828 3857 1887 3933 alii

719 3976 910 4071 llerentinl,
929 3977 992 4070 qui
1013 3977 1224 4050 discurrunt
1249 3996 1316 4070 per
1340 3974 1522 4048 mundum
1549 3975 1728 4072 multum,
1746 3980 1806 4050 cte
1821 3999 1891 4052 nn-

718 4119 775 4171 sca
797 4100 835 4169 in
860 4099 1072 4191 Faltcronn3
1099 4117 1147 4171 ex
1171 4094 1302 4171 andem
1335 4102 1460 4170 monte
1491 4095 1653 4171 nascitur
1677 4097 1834 4192 Tiberis3
1859 4102 1892 4172 st

719 4221 858 4312 spuziu,
891 4217 993 4312 idest,
1020 4223 1190 4313 vagatur,
1216 4236 1282 4309 per
1311 4235 1434 4288 ncezzo
1463 4221 1637 4307 Tuscana,
1667 4219 1756 4311 quia
1785 4218 1892 4313 qnasi

720 4357 786 4435 per
813 4337 975 4412 medium
995 4337 1073 4410 lluit
1090 4334 1243 4429 Tuscia,
1265 4356 1350 4429 qua
1366 4342 1422 4410 est
1446 4327 1604 4432 lungae)
1625 4337 1690 4412 sed
1708 4345 1833 4414 arcta:
1855 4345 1894 4414 et

720 4457 835 4554 tangit
859 4457 939 4532 eins
964 4477 1128 4550 cursum,
1154 4455 1290 4551 dicens,
1320 4477 1339 4530 c
1369 4463 1467 4529 cento
1495 4459 1617 4548 manaa
1641 4459 1680 4531 dt
1695 4479 1807 4532 vcarro
1831 4462 1895 4534 nol

721 4580 833 4652 sazia.
860 4577 953 4651 Nam
978 4577 1187 4653 extenditur
1213 4575 1317 4671 quasi
1342 4595 1409 4672 per
1433 4583 1584 4652 eentum
1610 4576 1736 4674 viginti
1762 4578 1894 4654 millia-

725 4698 796 4773 ria:
822 4697 982 4794 intellige
1008 4703 1189 4792 quantum
1214 4696 1261 4770 ad
1286 4714 1439 4770 cursum
1465 4717 1585 4791 aquae.
1610 4697 1704 4771 Nam
1730 4699 1760 4772 si
1786 4704 1894 4775 eatur

720 4840 743 4892 a
768 4819 850 4892 loen
875 4836 952 4891 suae
977 4817 1125 4914 originis
1151 4837 1272 4911 usque
1295 4814 1344 4890 ad
1367 4835 1495 4890 casum
1515 4837 1627 4890 suum
1649 4837 1715 4914 per
1740 4827 1892 4914 terram,

785 5066 812 5130 (¹)
828 5065 858 5116 ll.
875 5065 1026 5119 Fricrronr.
1276 5065 1305 5129 (⁸)
1321 5071 1375 5129 lli,
1391 5066 1469 5143 langa
1484 5073 1512 5119 ct
1527 5074 1607 5120 arcta.
