4542 6842
823 986 960 1040 CANTUS
986 987 1128 1041 PRIMUS.
1484 1015 1492 1026 ·
1514 978 1560 1043 47

391 1152 488 1206 nuno
515 1131 660 1205 tandem
697 1130 981 1226 recognoscebat
1010 1151 1178 1204 errorem
1200 1152 1386 1205 suum-
1403 1135 1562 1220 Quando.

362 1303 365 1310 -
390 1253 454 1326 Hic
479 1259 586 1346 poeta
611 1251 766 1326 ostendit
792 1250 948 1344 qualiter
974 1251 1146 1345 Virgilius
1158 1251 1265 1346 iuxta
1283 1252 1439 1326 lormom
1459 1273 1565 1326 man-

389 1372 561 1447 datorum
580 1371 724 1446 Catonis
750 1370 879 1444 laverit
892 1366 929 1462 (¹)
947 1371 1013 1444 sibi
1040 1372 1191 1446 taciem:
1210 1381 1248 1446 et
1265 1371 1350 1466 quia
1377 1372 1483 1447 litera
1506 1378 1563 1447 est

391 1478 505 1587 lertio,
532 1493 610 1566 vult
635 1491 758 1567 dicere
784 1491 1056 1582 sententialiter,
1088 1491 1187 1585 quod
1219 1512 1305 1566 oum
1339 1492 1564 1599 pervenisset

390 1614 437 1689 ad
463 1620 672 1688 extremum
699 1613 783 1687 litus
816 1613 910 1687 illius
935 1613 1073 1705 insulae,
1099 1612 1271 1707 Virgilius
1296 1612 1343 1686 de
1372 1613 1452 1686 loco
1476 1614 1564 1687 lter-

368 1711 479 1810 'boso
505 1754 591 1807 cum
620 1733 788 1810 manibus
813 1733 957 1828 collegit
981 1732 1027 1806 de
1054 1753 1139 1805 rore
1164 1731 1227 1826 qui
1248 1739 1328 1806 erat
1347 1733 1485 1804 multus
1502 1731 1563 1824 ibi,

391 1859 428 1928 et
453 1853 615 1927 suaviter
641 1851 727 1927 lavit
752 1851 818 1925 sibi
846 1851 976 1924 visum.
1003 1852 1108 1925 Nune
1136 1851 1266 1926 ordina
1290 1859 1329 1925 et
1353 1872 1496 1946 expone
1521 1851 1564 1924 li-

392 1981 510 2048 teram
537 1972 599 2064 sio,
626 1991 709 2065 quae
735 1977 790 2044 est
815 1971 1063 2045 communiter
1089 1973 1186 2046 male
1212 1971 1412 2046 intellecta:
1437 1975 1465 2045 it
1494 1973 1565 2044 ovio

390 2102 555 2184 moostro,
582 2092 717 2166 scilicet
741 2091 913 2187 Virgilius
938 2092 1067 2166 doetus
1098 2114 1119 2166 a
1150 2093 1299 2184 Catone,
1327 2113 1413 2183 pose
1442 2113 1566 2164 souve-

390 2221 499 2286 roente
524 2215 626 2286 ambo
651 2215 682 2285 le
708 2216 804 2285 mont
828 2221 960 2305 sparto,
987 2212 1087 2304 idest,
1113 2232 1292 2307 expansas
1316 2214 1362 2286 ad
1388 2213 1564 2307 colligen-

391 2334 481 2408 dum
509 2354 646 2426 rorem,
679 2333 742 2426 qui
776 2340 856 2407 erat
881 2333 928 2406 ibi
965 2353 1093 2407 reeens
1124 2333 1171 2406 de
1201 2353 1320 2426 mane,
1346 2338 1449 2405 insu
1473 2335 1565 2405 ter-

392 2455 494 2545 tetta,
521 2455 607 2548 quia
634 2461 714 2528 erat
740 2461 885 2549 tempus
910 2454 1019 2546 veris,
1046 2453 1127 2527 ideo
1160 2453 1271 2528 herba
1298 2461 1379 2528 erat
1404 2455 1563 2549 tenella;

392 2581 429 2650 et
455 2577 525 2650 hoc
551 2575 656 2649 lecit:
683 2579 825 2672 quando
850 2578 910 2647 not
932 2579 1066 2667 summo
1091 2577 1180 2648 dooe
1205 2578 1241 2647 lu
1266 2577 1419 2665 rupiuda
1442 2597 1565 2669 pugna

391 2699 447 2769 ool
469 2700 555 2784 sote,
581 2697 685 2789 quasi
718 2695 836 2770 dieat:
869 2702 1060 2790 postquam
1094 2695 1331 2789 pervenimus
1359 2696 1406 2769 ad
1439 2698 1564 2771 locum

392 2835 596 2890 concavum
626 2816 837 2909 herbosum,
861 2817 1092 2908 umbrosum,
1128 2814 1190 2887 ubi
1226 2834 1286 2887 ros
1319 2816 1479 2888 multum
1506 2835 1567 2890 re-

393 2935 485 3010 sistit
510 2935 574 3008 soli
600 2941 800 3031 antequam
831 2937 1068 3030 dissolvatur3
1095 2935 1192 3008 unde
1223 2935 1331 3008 dicit:
1363 2939 1451 3009 dove
1472 2957 1564 3029 poro

392 3061 424 3130 si
447 3061 593 3148 doado,
614 3057 717 3150 idest,
739 3057 922 3130 modicum
951 3057 1146 3131 resolvitur
1160 3048 1209 3149 (²),
1227 3059 1277 3129 od
1295 3077 1441 3148 orezzu,
1462 3057 1565 3151 idest,

392 3177 439 3252 ad
464 3178 650 3269 umbram,
676 3177 722 3251 ad
758 3176 920 3269 irisoum,
947 3177 1040 3250 siout
1070 3174 1238 3249 videmus
1267 3175 1314 3250 de
1346 3177 1442 3250 lacto
1467 3176 1567 3270 quod

393 3299 446 3373 sol
472 3307 527 3374 est
551 3300 647 3372 altus
670 3303 870 3390 antequam
898 3297 1056 3371 resolvat
1072 3286 1107 3388 (³)
1137 3317 1260 3370 rorem
1281 3296 1316 3368 in
1337 3297 1424 3370 locis
1441 3297 1566 3391 bassis,

393 3418 573 3513 oonoaviS‚
599 3417 754 3510 vallosis,
788 3417 849 3490 ubi
884 3417 920 3488 in
953 3415 1040 3490 loois
1073 3416 1166 3508 altis,
1201 3416 1419 3510 patentibus,
1445 3417 1566 3511 aridis,

392 3537 463 3612 cito
497 3538 582 3612 solis
613 3537 737 3612 radius
767 3537 915 3610 resolvit
946 3557 1082 3610 rorem.
1109 3538 1180 3611 Per
1211 3537 1281 3610 troo
1306 3545 1431 3611 autem
1458 3544 1568 3611 autor

391 3657 453 3732 dat
481 3656 632 3753 intelligi
664 3657 762 3750 quod
794 3677 854 3730 ros
888 3655 1019 3729 divinae
1054 3656 1182 3752 gratiae
1214 3656 1377 3731 abundat
1408 3657 1468 3751 ibt,
1505 3657 1567 3731 nbi

393 3777 559 3851 immines
572 3775 764 3850 humiliant
778 3775 888 3850 oorda
902 3797 968 3850 sua
983 3776 1076 3869 Deo;
1092 3783 1232 3850 ottone
1249 3778 1421 3851 lavantur
1434 3797 1565 3851 eorum

392 3902 539 3990 peccota
566 3897 778 3971 inveterata.
811 3897 854 3968 Et
883 3896 1004 3972 subdit
1036 3893 1222 3990 quomodo
1247 3897 1422 3971 obtulerit
1446 3918 1487 3973 se
1512 3898 1568 3971 la·

394 4016 555 4090 vandum
582 4015 631 4088 illi
656 4015 802 4090 dicens:
829 4019 910 4090 ood'
922 4020 957 4090 io
981 4019 1040 4090 olto
1062 4020 1115 4110 sui
1146 4025 1288 4090 oroorto
1317 4020 1355 4091 di
1386 4039 1452 4090 suo
1477 4025 1568 4107 orte,

395 4137 481 4230 quia
510 4135 682 4230 perpendi
718 4137 816 4230 qnod
848 4138 994 4212 volebat
1026 4137 1152 4212 lavare
1186 4137 1273 4211 mihi
1309 4139 1453 4211 vultum
1480 4156 1566 4212 cum

393 4256 455 4330 illo
487 4277 573 4330 rore
604 4257 809 4351 purissimo,
830 4261 934 4350 porri
963 4253 1024 4330 odr
1058 4259 1106 4330 lui
1138 4261 1169 4330 le
1197 4278 1332 4347 pauore
1363 4259 1567 4348 toprtmosa,

395 4376 544 4470 etipse,
571 4378 709 4471 supple,
735 4379 821 4451 lavit
850 4398 919 4451 me.
947 4379 991 4450 Et
1017 4384 1103 4452 nota
1134 4377 1234 4470 qood
1262 4377 1349 4451 dicit
1376 4398 1490 4473 genas
1515 4378 1570 4450 la·

395 4517 595 4593 crymosas‚
622 4495 709 4589 qnia
734 4497 892 4570 habebat
923 4499 1050 4572 oculos
1082 4497 1258 4592 turbidos,
1291 4498 1498 4571 maculosos
1522 4495 1569 4570 ad

396 4617 549 4692 modurn
575 4637 650 4710 quo
676 4617 829 4712 ebriosi;
856 4619 915 4692 vel
945 4618 1024 4692 vult
1054 4617 1189 4711 dicere,
1220 4618 1319 4712 quod
1345 4619 1571 4713 lacrymatus

395 4725 452 4811 e'st
475 4757 551 4832 prae
576 4737 703 4810 dolore
729 4743 765 4812 et
790 4737 944 4832 gaudio;
970 4757 1016 4810 err
1042 4738 1181 4832 dolore,
1205 4738 1291 4832 qnia
1318 4744 1393 4811 tam
1419 4737 1482 4811 diu
1507 4758 1569 4812 er-

396 4864 544 4933 raverat
569 4877 635 4952 per
660 4858 800 4953 sylvam
827 4878 913 4932 oum
941 4864 1041 4932 tanto
1058 4857 1279 4952 discrimine,
1297 4858 1399 4933 velut
1415 4857 1444 4931 si
1469 4858 1569 4932 dioe-

460 5106 486 5170 (¹)
507 5113 560 5168 tlt,
577 5108 709 5162 lavaverit.
833 5111 860 5173 (¹)
878 5109 909 5160 lt.
925 5110 1081 5161 dissolvitur.
1205 5110 1234 5172 (⁸)
1248 5110 1280 5160 li.
1296 5109 1387 5161 solvet.
