4542 6842
799 979 938 1035 caurus
962 980 1127 1047 oumrus.
1478 968 1546 1035 149

375 1145 450 1220 qun
475 1124 583 1200 nimis
597 1118 635 1217 (⁴)
662 1125 837 1219 temporis
861 1126 1073 1221 expendisti.
1088 1166 1138 1179 -
1154 1130 1186 1199 0
1202 1129 1333 1199 animo.
1355 1125 1420 1202 liic
1437 1132 1546 1221 poeta

375 1245 545 1321 describit
569 1246 774 1320 orationem
804 1246 960 1321 istorum
992 1246 1230 1341 venientium,
1263 1248 1327 1343 qui
1360 1254 1547 1342 captantes

375 1365 668 1442 benevolentiam
701 1365 837 1439 iaciunt
867 1366 1077 1460 petitionem
1103 1387 1226 1462 suam;
1253 1367 1351 1461 unde
1376 1368 1483 1443 dicit:
1510 1374 1548 1443 et

375 1487 446 1561 illae
468 1486 614 1581 animae,
633 1489 761 1559 venian
782 1489 1016 1579 pedandae
1039 1488 1158 1585 longe,
1180 1510 1202 1561 ο
1228 1493 1362 1581 anima,
1388 1496 1425 1563 et
1451 1490 1546 1565 bene

375 1607 511 1702 dicunt,
537 1607 624 1701 quia
648 1607 783 1681 Dentes
808 1628 895 1682 cum
912 1608 1038 1682 animo
1054 1608 1129 1684 ibet
1146 1629 1213 1704 per
1234 1610 1424 1705 regionem
1447 1630 1548 1685 mor·

377 1735 541 1823 tuorum,
566 1728 650 1803 licet
675 1728 802 1803 vivens
825 1728 947 1803 adbuc
971 1748 1058 1803 cum
1083 1750 1208 1823 carne,
1234 1732 1294 1803 cbe
1319 1733 1378 1803 vot
1397 1751 1465 1824 per
1493 1751 1547 1803 cs·

375 1870 435 1922 scr
459 1852 552 1939 licto,
577 1848 664 1944 quia
689 1847 835 1941 scilicet,
854 1848 970 1923 tendis
986 1848 1033 1923 ad
1050 1850 1187 1924 coelum
1205 1868 1271 1943 per
1288 1848 1547 1945 purgationem

378 1977 626 2066 peccatorum,
643 1990 711 2043 con
726 1972 835 2061 puelle
850 1970 1007 2041 ntembra
1024 1990 1091 2043 con
1110 1972 1141 2042 le
1159 1972 1242 2060 puni
1262 1974 1422 2061 nuscesti,
1448 1968 1547 2063 quod

377 2099 433 2165 est
458 2090 643 2186 singulare
667 2088 806 2163 donum
832 2089 908 2183 Dei,
934 2110 983 2162 no
1004 2110 1094 2181 poco
1118 2092 1146 2163 d
1165 2110 1274 2182 puoso
1300 2098 1415 2182 poeta,
1445 2090 1546 2185 idest,
1589 2170 1591 2176 Α

377 2228 569 2285 remorare
594 2208 791 2283 modicum.
817 2208 862 2281 Et
886 2207 1037 2283 adverte
1064 2208 1121 2283 bic
1143 2208 1242 2303 quod
1262 2209 1330 2283 ista
1352 2210 1456 2285 litera
1473 2230 1548 2283 non

377 2330 522 2405 videtur
553 2329 649 2404 bene
678 2348 823 2422 sonare,
849 2328 948 2423 quia,
974 2336 1016 2402 ut
1039 2330 1118 2424 jam
1150 2330 1288 2404 dictum
1322 2336 1388 2425 est,
1414 2331 1547 2405 animae

376 2450 454 2525 istae
480 2455 586 2523 erant
611 2433 860 2542 velocissime,
877 2455 915 2524 et
933 2470 1008 2523 uno
1026 2456 1214 2525 momento
1232 2450 1432 2546 attigissent
1449 2451 1547 2527 Dan-

377 2576 452 2645 tem
478 2568 727 2645 tardissimum
752 2568 935 2665 gravitate
952 2569 1127 2663 corporis.
1145 2569 1347 2646 Dicendum
1373 2570 1547 2667 breviter,

378 2690 478 2787 quod
502 2709 577 2764 non
602 2690 795 2784 oportebat
819 2689 918 2784 quod
943 2690 1078 2765 Dentes
1103 2697 1304 2765 arrestaret
1330 2712 1370 2765 se
1399 2698 1548 2786 propter

378 2816 585 2905 expectare,
602 2808 666 2885 sed
686 2807 773 2903 quia
798 2829 874 2883 non
898 2808 1090 2884 videbatur
1114 2809 1256 2907 dignari
1281 2810 1464 2885 ascultare
1485 2830 1549 2885 eos

378 2930 500 3006 eundo
529 2928 714 3003 continuo.
745 2927 848 3003 Unde
880 2928 1028 3003 dicunt:
1053 2932 1210 3022 puordu,
1241 2932 1269 3003 s’
1282 2933 1386 3003 moun
1419 2932 1456 3005 dt
1488 2932 1558 3023 noi,

377 3071 497 3143 manua
521 3052 660 3143 acdesti
685 3049 820 3123 scilicet
846 3049 1030 3125 viventem
1056 3050 1093 3123 in
1121 3048 1271 3144 mundo,
1297 3042 1326 3122 si
1355 3052 1415 3123 aba
1439 3052 1477 3123 di
1501 3053 1550 3125 lut

378 3174 418 3245 di
433 3164 469 3246 ld
485 3174 618 3243 novelle
634 3173 741 3263 porti.
768 3171 813 3243 Et
838 3170 925 3264 quia
951 3180 1069 3264 poeta,
1090 3170 1200 3265 juxta
1223 3178 1448 3266 preceptum
1467 3170 1551 3245 Vir-

378 3293 464 3393 gilii,
490 3314 565 3367 non
593 3312 634 3367 se
658 3292 874 3387 arrestabat,
904 3298 942 3367 et
972 3311 1048 3367 non
1078 3313 1119 3367 se
1154 3294 1366 3371 revolvebat
1397 3296 1444 3371 ad
1474 3314 1550 3390 eos,

378 3414 505 3491 dicunt
525 3412 753 3508 suppliciter:
772 3416 869 3487 Det!
888 3432 974 3507 quae
998 3420 1054 3488 est
1073 3412 1181 3488 dictio
1206 3412 1450 3510 deprecativa,
1464 3436 1552 3511 par-

378 3531 440 3610 cte*
455 3538 527 3626 oni,
543 3533 647 3629 idest,
660 3554 778 3629 quare
794 3555 868 3608 non
884 3554 1006 3609 cessas
1026 3534 1074 3607 ab
1090 3534 1213 3609 eundo
1226 3539 1242 3607 l
1257 3538 1322 3609 dcl
1334 3535 1465 3630 percle
1479 3559 1553 3613 oon
1665 3538 1673 3551 '

377 3658 403 3729 t
415 3655 574 3728 errasti?
599 3654 642 3727 et
666 3653 842 3747 videntes,
860 3654 959 3748 quod
983 3654 1118 3728 Dentes
1143 3674 1217 3727 non
1243 3654 1435 3731 'videbatur
1455 3657 1552 3732 llecti

380 3775 427 3851 ed
452 3794 581 3870 preces
605 3794 750 3867 eorum,
776 3780 819 3847 ut
843 3780 1015 3849 moveant
1040 3773 1159 3869 ipsum
1186 3774 1233 3848 ad
1262 3776 1554 3853 commiseratio·

381 3916 469 3971 nem
501 3900 655 3969 narrant
685 3914 816 3969 eorum
850 3892 1096 3969 miserabilem
1130 3902 1301 3989 mortem,
1334 3901 1372 3971 et
1403 3896 1551 3971 dicunt:

379 4020 443 4091 noi
462 4020 598 4111 firmato
620 4005 683 4107 pst
707 4018 781 4089 tutti
800 4036 868 4107 per
889 4017 1000 4109 sorzo
1024 4017 1143 4106 naortt,
1169 4014 1271 4110 idest,
1297 4016 1490 4113 interlecti,
1511 4024 1552 4095 et

383 4136 452 4211 viri
477 4135 640 4212 valentes
672 4134 866 4229 mundo‚e
898 4138 1077 4227 peccone
1099 4136 1209 4227 muno
1243 4138 1302 4209 olt'
1315 4139 1437 4211 utdmn
1470 4160 1553 4231 oro,

267 4227 278 4253 ⁶
381 4257 462 4332 sine
483 4255 694 4351 pcenitentia
711 4256 749 4328 in
766 4254 853 4348 vita,
870 4264 909 4333 et
926 4260 1050 4331 tamen
1069 4256 1277 4331 meruimus
1293 4258 1438 4333 veniam
1456 4259 1554 4355 apud

383 4376 524 4469 Deum5
550 4373 648 4449 unde
680 4374 789 4449 dicit:
824 4377 931 4467 quiid,
965 4375 1101 4451 scilicet
1131 4377 1167 4451 in
1201 4377 1348 4473 ultimis,
1379 4382 1468 4453 tome
1498 4382 1557 4455 dal

379 4503 462 4591 ciel,-
484 4499 588 4593 idest,
607 4498 726 4594 gratie
750 4498 828 4593 Dei,
850 4520 895 4571 ne
915 4502 990 4592 socc
1014 4503 1148 4573 accorti
1153 4526 1168 4595 ;
1186 4506 1222 4575 et
1240 4501 1335 4576 bene
1353 4501 1449 4596 dicit,
1467 4502 1554 4598 quia

384 4619 579 4716 singularis
601 4618 720 4715 gratia
745 4618 810 4693 Dei
835 4623 891 4693 est
916 4617 954 4692 in
980 4618 1124 4714 talibus,
1148 4641 1235 4695 cum
1261 4620 1357 4696 dicat
1381 4622 1556 4719 Augusti-

317 4804 322 4813 .
384 4760 479 4815 nus:
518 4743 599 4812 Huc
635 4741 939 4813 aemudmsiom
972 4742 1163 4813 corwudmr
1194 4748 1374 4834 peccator,
1408 4748 1446 4815 ut
1480 4764 1556 4817 mo-

383 4862 481 4932 riens
513 4858 735 4931 obliviscebar
767 4861 834 4950 sui,
868 4861 929 4951 put
961 4862 1044 4932 dum
1077 4862 1207 4934 oiocret
1239 4862 1361 4935 cottae
1395 4869 1446 4936 est
1477 4868 1553 4938 Del.

450 5110 479 5173 (¹)
495 5113 525 5164 li.
540 5112 661 5165 nimiam
