4542 6842
671 938 742 1005 2³8
1027 948 1232 1004 causarum
1255 946 1479 1003 ruaosroau

668 1098 723 1173 Dii
748 1098 902 1173 scientes
927 1098 1065 1171 bonum
1084 1104 1122 1173 et
1139 1098 1300 1191 malum,
1319 1118 1384 1171 era
1400 1096 1450 1170 du
1466 1098 1581 1188 paeda
1594 1102 1701 1188 porte
1717 1102 1842 1189 operto

667 1220 757 1291 onde
781 1221 818 1291 la
838 1220 1031 1310 pudokttu
1056 1219 1159 1309 valle,
1176 1224 1330 1311 semota,
1349 1222 1478 1291 cavata
1495 1214 1532 1288 in
1550 1222 1677 1291 monte
1702 1216 1739 1289 in
1765 1236 1840 1310 qua

668 1338 812 1412 stabant
836 1339 970 1413 animae
994 1338 1161 1413 virorum
1189 1336 1397 1431 illustrium,
1423 1356 1497 1409 non
1515 1336 1562 1407 da
1581 1338 1721 1428 liparo,
1739 1336 1843 1431 idest,

670 1458 757 1552 quia
783 1459 990 1535 nonhabet
1017 1465 1180 1534 montem
1211 1458 1431 1554 oppositum,
1458 1477 1533 1532 non
1561 1457 1709 1551 aliquod
1740 1459 1844 1533 clao-

670 1584 788 1652 strum
815 1579 873 1654 vel
905 1578 1160 1673 obstaculum3
1186 1580 1266 1653 vult
1294 1578 1429 1672 dicere,
1455 1577 1553 1672 quod
1586 1596 1737 1672 serpens
1767 1599 1843 1654 non

672 1696 842 1774 veniebat
858 1699 1016 1795 desuper
1033 1719 1100 1794 per
1118 1705 1295 1794 montem,
1313 1719 1381 1774 nec
1397 1698 1446 1773 ab
1462 1697 1587 1792 aliquo
1603 1698 1719 1773 latere
1735 1719 1844 1774 mon·

572 1807 583 1831 '
672 1820 729 1914 tis,
750 1819 813 1893 ubi
832 1826 936 1895 erant
953 1820 1029 1894 duo
1045 1820 1165 1916 angeli
1182 1819 1315 1894 armati
1332 1818 1561 1895 lucidissimis
1577 1818 1699 1915 spatis,
1718 1840 1844 1914 prom-

671 1940 721 2036 pti
747 1940 793 2014 ad
818 1939 1079 2034 defensionem,
1106 1940 1169 2015 sed
1199 1942 1319 2014 solum
1353 1938 1523 2014 veniebat
1551 1959 1683 2013 versus
1706 1938 1843 2013 ostium

672 2060 775 2134 vallis
808 2081 874 2155 per
908 2060 1002 2133 viam
1033 2061 1192 2155 planam,
1219 2060 1426 2135 herbosam.
1452 2060 1495 2133 lit
1525 2066 1612 2133 nota
1643 2059 1743 2153 quod
1775 2054 1845 2133 sub

672 2180 739 2254 ista
765 2180 892 2275 pulcra
919 2180 1063 2256 lictione
1082 2187 1191 2275 poeta
1208 2180 1343 2276 figurat
1364 2180 1553 2255 moraliter
1573 2180 1672 2273 quod
1693 2180 1847 2255 tentatio

671 2300 917 2398 principaliter
942 2300 1077 2375 invadit
1102 2300 1291 2375 hominem
1321 2301 1369 2375 ab
1394 2320 1438 2376 oa
1465 2308 1581 2395 parte,
1608 2322 1682 2394 qua
1707 2300 1847 2376 invenit

673 2440 759 2495 eum
800 2420 916 2517 magis
954 2419 1193 2494 immunitum
1229 2426 1267 2495 et
1304 2420 1528 2517 imparatum
1548 2414 1598 2515 (¹),
1631 2422 1718 2515 quia
1752 2420 1848 2495 scili-

673 2546 732 2615 cet
755 2540 921 2615 diabolus
946 2539 1136 2615 luxurioso
1162 2540 1319 2615 ostendit
1343 2542 1510 2636 pulcram
1535 2541 1736 2635 toeminam,
1762 2560 1848 2635 quae

673 2660 784 2734 habet
809 2680 981 2756 magnam
1007 2665 1224 2755 potestatem
1250 2659 1288 2732 in
1312 2659 1525 2754 bominem3
1550 2682 1666 2735 avaro
1691 2658 1850 2737 ostendit

675 2801 849 2876 magnam
875 2779 1081 2876 pecuniam,
1101 2802 1185 2874 quae
1208 2779 1333 2855 omnia
1358 2787 1477 2877 potest
1490 2772 1540 2873 (¹).
1563 2780 1738 2855 Veniebat
1755 2800 1848 2877 ergo

678 2901 824 2975 daemon
850 2920 948 2975 nunc
979 2906 1146 2974 armatus
1171 2900 1217 2976 ad
1250 2901 1464 2975 tentandum
1495 2900 1583 2975 istos
1610 2900 1750 2975 nobiles
1774 2900 1848 2995 spi·

680 3023 773 3097 ritus
792 3022 902 3095 variis
926 3020 1199 3097 delectabilibus
1214 3010 1264 3115 (⁸),
1290 3027 1379 3117 puta
1407 3042 1523 3096 unum
1546 3022 1705 3117 luxuria,
1732 3021 1847 3096 aliurn

678 3142 850 3239 potentia,
890 3142 1000 3215 alium
1034 3140 1175 3239 gloria3
1213 3141 1313 3216 unde
1348 3141 1455 3216 dicit:
1488 3144 1525 3215 lc
1562 3145 1659 3215 mula
1695 3142 1848 3233 almucia,

678 3262 780 3356 idest,
807 3260 982 3336 meretrix
1013 3261 1107 3355 trita,
1140 3282 1226 3355 quae
1253 3262 1392 3336 inducit
1420 3263 1608 3338 bominem
1642 3262 1688 3337 ad
1725 3261 1849 3336 omnia

677 3384 915 3476 malarouta
950 3388 1008 3457 tra
1039 3384 1162 3456 l’erbu
1193 3404 1212 3456 c
1240 3386 1254 3456 ι’
1281 3385 1378 3476 fiori,
1412 3383 1497 3478 quia
1536 3383 1688 3458 tentatio
1718 3381 1851 3480 ingerit

676 3522 717 3578 se
742 3501 874 3577 blande
898 3503 993 3577 inter
1018 3502 1165 3578 delicias
1190 3510 1227 3578 et
1252 3503 1511 3579 delectationes
1527 3504 1659 3599 varias,
1678 3506 1850 3597 oolpcndo

677 3626 728 3698 ud
756 3644 825 3696 ora
853 3626 904 3697 nd
926 3645 971 3697 or
1002 3626 1038 3697 la
1067 3630 1153 3697 usta
1183 3646 1203 3695 e
1232 3627 1261 3697 il
1291 3627 1410 3718 doaso,
1437 3630 1479 3698 ut
1514 3624 1640 3699 reddat
1667 3646 1707 3700 se
1731 3631 1849 3700 totam

678 3744 845 3840 pulcram
871 3748 907 3818 et
932 3743 1184 3839 appetibilem3
1211 3744 1294 3818 ideo
1318 3743 1419 3819 dicit:
1438 3746 1603 3818 leccoodo
1623 3766 1720 3817 coare
1743 3746 1852 3819 bestia

678 3866 738 3939 clte
770 3867 801 3937 rt
833 3866 940 3937 liscio
978 3864 1120 3939 Lissare
1154 3872 1209 3940 est
1241 3864 1431 3961 proprium
1468 3866 1668 3940 mulierum
1703 3866 1852 3961 quando

679 3984 804 4059 lucant
829 4004 869 4059 se
893 3991 930 4059 et
956 3992 1107 4058 comunt
1133 3992 1176 4059 ut
1200 3984 1318 4081 magis
1342 3985 1519 4081 placeant.
1533 3989 1643 4059 -ln
1661 3985 1726 4060 llic
1742 3992 1851 4081 poeta

679 4103 857 4199 descripta
883 4104 1117 4179 insultatione
1142 4104 1320 4199 serpentis
1340 4103 1520 4199 insidiosa,
1535 4105 1705 4180 describit
1725 4106 1852 4181 delen·

679 4220 819 4297 sionem
845 4224 1084 4319 angelorum,
1111 4223 1196 4298 dicit
1222 4243 1333 4321 ergo:
1351 4226 1392 4297 lo
1413 4227 1477 4299 nol
1500 4227 1583 4317 otili,
1601 4246 1620 4298 c
1640 4219 1730 4318 perd
1754 4228 1852 4300 dicer
1893 4213 1897 4221 ’

679 4346 741 4416 aot
767 4364 885 4435 porro,
916 4362 1012 4415 come
1042 4362 1177 4416 mosser
1213 4344 1382 4417 ductori
1412 4346 1585 4433 celestialt,
1615 4343 1719 4439 idest,
1757 4365 1854 4438 quo·

679 4446 790 4537 modo
815 4460 935 4558 angeli
960 4468 1194 4537 recesserunt
1218 4462 1265 4537 de
1288 4462 1369 4537 loco
1391 4461 1454 4535 ubi
1475 4470 1580 4537 erant
1599 4463 1703 4559 positi
1721 4465 1766 4539 ad
1786 4486 1854 4539 cu·

680 4582 846 4676 stodiam,
864 4582 927 4676 qui
953 4582 1086 4657 merito
1112 4582 1361 4657 assimilantur
1379 4582 1519 4678 aribus,
1547 4583 1634 4677 quia
1660 4592 1746 4658 sunt
1766 4584 1853 4661 alati

681 4709 719 4777 et
743 4701 969 4797 velocissimi,
998 4709 1039 4776 ut
1064 4702 1195 4777 totiens
1220 4702 1356 4778 dictum
1383 4710 1450 4798 est,
1476 4710 1514 4778 et
1542 4704 1686 4779 dicetur
1717 4704 1754 4779 io
1784 4705 1855 4781 isto

681 4822 912 4918 Purgatorio,
939 4828 976 4896 et
1000 4824 1184 4918 praecipue
1200 4822 1397 4918 asturibus,
1416 4812 1550 4917 quial⁸t
1569 4830 1655 4897 suot
1670 4845 1759 4899 aree
1775 4825 1852 4901 ior-

743 5008 771 5071 (¹)
786 5008 811 5059 S.
829 5010 986 5073 imperitum.
1345 5010 1373 5074 (¹)
1391 5012 1420 5062 Ε.
1438 5017 1522 5075 potest
1538 5014 1682 5065 ostendere.
1699 5012 1833 5069 Veniebat.

745 5084 771 5146 (¹)
789 5089 834 5136 117
850 5098 864 5137 e
882 5086 913 5137 E.
929 5086 1149 5151 delectationibus,
1167 5092 1197 5138 ot
1212 5094 1282 5151 puta.
1346 5087 1373 5151 (⁸)
1389 5089 1420 5138 Ε.
1436 5088 1481 5152 qui
1497 5092 1564 5139 sunt.
