4542 6842
762 950 901 1015 marus
925 948 1127 1013 trossulus
1458 934 1529 1015 58⁷

357 1093 448 1169 dum
476 1100 556 1169 orat
582 1094 672 1175 ordo
690 1094 897 1191 minorum
919 1093 983 1172 scd
1008 1099 1089 1179 erat
1113 1092 1317 1174 monachus
1333 1094 1420 1166 c'um
1437 1110 1530 1189 pan-

358 1214 413 1291 nis
438 1214 570 1291 vilibus
602 1215 732 1313 grisis:
759 1222 797 1299 et
827 1236 872 1299 oo
904 1223 1084 1311 tempore,
1108 1213 1196 1295 dicit
1220 1213 1340 1310 lingo,
1369 1215 1532 1290 troou'ori

357 1340 475 1411 stretto
500 1340 587 1414 rullo
613 1340 710 1412 morri
733 1340 761 1417 il
781 1342 885 1432 freno
906 1340 963 1413 dol
979 1356 1139 1431 peomne
1159 1337 1217 1412 del
1238 1355 1364 1429 repro,
1382 1334 1531 1428 scilicet

358 1454 533 1551 Pronum,
559 1478 578 1531 o
602 1463 698 1536 toruo
719 1478 830 1553 possa
855 1460 893 1542 dr·
914 1478 1030 1537 nuovo
1056 1457 1224 1555 mquam,
1250 1455 1337 1550 quia
1361 1466 1443 1537 erat
1467 1476 1533 1553 po-

360 1574 534 1655 ouniosus
563 1580 599 1652 et
624 1576 724 1653 dives
748 1576 868 1673 nimis,
897 1599 916 1650 e
941 1569 972 1650 ri
1001 1577 1154 1651 d’omict
1172 1579 1300 1673 patrm
1325 1575 1394 1651 iste
1424 1576 1532 1673 Hugo

361 1694 522 1795 Ciapetta
547 1701 647 1773 recto
671 1696 756 1777 iecit
781 1697 875 1777 sieut
899 1694 1118 1793 Tarquinius
1149 1694 1305 1789 Priscus,
1330 1695 1395 1789 qui
1424 1702 1533 1779 uatus

361 1821 465 1912 patre
494 1823 702 1899 mercatore
718 1816 765 1894 de
782 1816 955 1896 Cornitho
971 1808 1021 1911 (¹),
1047 1836 1115 1889 sua
1139 1814 1367 1911 providentia
1384 1821 1421 1890 et
1436 1836 1533 1911 opus
1582 1808 1592 1831 '
1638 1804 1643 1814 '

360 1935 471 2011 lentio
496 1936 727 2034 pervenitad
745 1957 903 2033 reguum
924 1955 1133 2012 romanum.
1152 1934 1245 2009 Dicit
1266 1954 1377 2033 ergo:
1398 1938 1534 2016 oralia

360 2078 496 2134 corono
525 2059 673 2151 redona,
706 2056 809 2151 idest,
844 2056 998 2151 vacanti,
1025 2059 1062 2134 lu
1092 2063 1178 2131 osta
1206 2058 1244 2129 di
1276 2059 1345 2129 mio
1371 2060 1471 2151 fiplio
1491 2061 1544 2153 su⁴

356 2198 560 2269 promossu,
573 2177 718 2270 scilicet,
733 2178 934 2253 Robertus:
960 2178 1068 2272 Hugo
1085 2176 1197 2271 enim,
1217 2182 1257 2251 ut
1274 2176 1423 2271 quidam
1444 2178 1536 2263 scri*

360 2302 524 2393 pserunt,
551 2298 668 2373 noluit
693 2297 875 2393 coronari,
901 2302 944 2372 ut
969 2296 1151 2373 successio
1168 2317 1236 2371 sua
1254 2298 1335 2391 plus
1360 2298 1536 2375 extendo

361 2424 477 2492 retur.-
504 2416 704 2494 Audivcrat
729 2418 839 2513 enim,
861 2418 961 2511 quod
983 2417 1040 2492 sui
1065 2417 1255 2513 regnaturi
1282 2424 1389 2491 erant
1413 2418 1451 2492 iu
1476 2438 1537 2492 se—

361 2535 515 2632 ptimam
541 2538 829 2633 generationem.
856 2538 900 2612 Et
924 2537 1029 2613 dicit:
1056 2540 1119 2611 dal
1149 2539 1264 2628 prole,
1290 2538 1409 2631 primo
1437 2558 1546 2634 rego,-

230 2668 232 2673 ’
361 2658 555 2730 comitarier
579 2660 757 2738 dicontur
782 2660 813 2732 le
839 2665 979 2731 somate
1003 2678 1099 2750 orsa,
1126 2656 1213 2751 quia
1238 2656 1469 2753 inunguntur
1498 2664 1545 2735 ct·

362 2783 626 2854 consecrantur
658 2798 788 2873 reges3
823 2780 861 2851 di
891 2785 1021 2869 coslor,
1051 2776 1199 2871 scilicet,
1224 2777 1472 2873 Philipporum
1498 2783 1536 2853 ot

363 2894 859 2974 bucolicorum-neone.
886 2899 951 2976 Hic
976 2898 1082 2993 Hugo
1108 2878 1231 2991 incipit
1257 2917 1412 2971 narrare
1438 2898 1535 2973 mala

363 3035 518 3093 suorum
545 3016 639 3099 lacta
671 3038 737 3113 por
761 3016 966 3091 avaritiam.
1000 3018 1044 3091 Et
1067 3016 1188 3113 primo
1222 3017 1337 3112 tangit
1360 3038 1533 3114 magnam

363 3134 641 3229 occupationem
660 3128 696 3229 (¹)
723 3158 835 3233 quam
863 3138 1030 3215 lecerunt
1058 3158 1184 3212 avare.
1210 3137 1264 3212 Ad
1290 3138 1389 3231 quod
1418 3140 1538 3216 soien-

363 3254 452 3335 dum
479 3256 577 3347 quod
602 3257 819 3351 ludovicus,
837 3257 899 3354 qui
917 3266 1044 3354 postea
1061 3258 1129 3333 luit
1145 3248 1306 3351 sauctus
1327 3266 1365 3332 ot
1385 3260 1539 3335 Carolus

364 3374 478 3451 frater
496 3376 586 3471 eius,
605 3378 669 3473 qui
687 3377 755 3455 luit
774 3384 898 3473 postea
916 3400 981 3456 rex
1000 3379 1142 3475 Siciliae,
1161 3379 1425 3465 habueruntin
1443 3360 1538 3457 rixo-

364 3515 424 3571 res
446 3495 540 3572 'duas
567 3496 658 3571 lilias
682 3497 888 3594 Raymuprli
914 3498 1126 3595 Bereugorii
1156 3499 1203 3576 de
1231 3499 1378 3574 Tolos'a:
1406 3507 1445 3603 et
1468 3502 1539 3577 sub

364 3615 513 3691 nomine
530 3622 568 3690 et
584 3617 710 3693 colore
726 3618 867 3700 dotium
886 3623 1161 3713 usurpaverunt
1178 3611 1293 3693 totam
1311 3620 1547 3715 provinciam·
1599 3630 1602 3637 '
1627 3689 1630 3697 .

367 3735 657 3813 narbonensem:
683 3738 744 3813 ille
769 3740 866 3813 ultra
891 3740 1122 3832 Rhodanum,
1143 3739 1213 3815 iste
1238 3740 1341 3834 citra,
1367 3741 1461 3817 sicut
1485 3742 1547 3817 oi«

366 3862 472 3935 cetur
497 3858 639 3952 plenius
664 3859 824 3938 Paradisi
849 3860 1009 3957 capitulo
1027 3860 1083 3935 Vl.
1109 3860 1220 3937 Modo
1241 3860 1423 3953 usquead
1442 3861 1539 3947 istoc

365 3982 511 4071 tempus
537 3974 795 4053 descendentes
813 3979 976 4075 liugonis
993 3987 1099 4055 erant
1116 3980 1323 4075 aliqualiter
1343 3981 1459 4075 avari,
1474 3983 1540 4065 sed

367 4118 441 4178 nou
467 4097 516 4173 ita
542 4098 640 4193 quod
667 4106 888 4195 usurparent
911 4100 1073 4175 alienum
1099 4100 1243 4177 iniuste.
1269 4101 1360 4177 llicit
1385 4124 1476 4201 ergo
1501 4104 1540 4186 in

367 4217 490 4296 litera:
508 4223 613 4291 Poro
639 4221 753 4310 valeo,
779 4219 881 4315 idest,
907 4241 1040 4314 parum
1075 4228 1182 4296 orant
1212 4221 1376 4299 umentes
1401 4223 1539 4329 otric-

368 4338 475 4429 tuosi,
502 4358 561 4413 mc
589 4358 662 4431 pter
692 4360 764 4414 non
793 4343 897 4433 facea
929 4343 1033 4432 mole,
1059 4340 1206 4436 scilicet,
1231 4362 1298 4437 per
1332 4344 1541 4438 avaritiam,

367 4456 589 4551 violentiam,
616 4463 652 4532 et
686 4458 982 4553 fraudulentiam,
1015 4467 1147 4538 mortno
1176 4463 1237 4535 one
1268 4465 1306 4535 ra
1327 4480 1432 4553 pra„
1461 4465 1542 4544 ἆορ
1609 4462 1614 4468 ·
1682 4440 1704 4461 ·’
1763 4446 1774 4455 .,

364 4580 592 4671 pronomen,
618 4584 656 4653 et
682 4596 770 4656 vere
796 4598 954 4674 magna3
979 4600 1065 4655 uam
1094 4580 1231 4657 Plinius
1264 4602 1414 4658 summo
1437 4603 1543 4664 oom-
1691 4583 1701 4596 ·

370 4696 519 4778 mendac
534 4697 642 4773 istam
661 4697 906 4793 provinciam3
925 4702 964 4771 el
980 4720 1115 4791 conque
1132 4704 1204 4775 mro
1219 4723 1289 4777 noa
1308 4706 1392 4777 tolse
1409 4706 1446 4777 lo
1463 4724 1543 4780 ver,

367 4838 501 4913 popae,
532 4838 605 4891 non
632 4817 821 4916 intelligas,
848 4824 890 4893 ut
914 4819 1063 4915 quidam
1090 4822 1181 4903 ialso
1216 4831 1416 4920 exponunt,
1441 4825 1542 4919 quod

430 5006 457 5069 (¹)
474 5008 505 5059 E.
523 5006 556 5057 de
570 5004 703 5067 Corintho,
720 5021 766 5057 rou
784 5008 918 5070 prudentia
933 5011 960 5059 et
976 5009 1116 5071 opulentia.

432 5083 460 5147 (¹)
476 5085 505 5135 ll.
522 5085 718 5148 occupationem
734 5084 830 5145 rreum
845 5085 878 5145 pb
892 5086 930 5135 eis
945 5100 1030 5138 arare.
