4542 6842
711 958 781 1027 302
1068 972 1272 1027 counnruu
1297 972 1519 1027 runouuonu

709 1124 750 1189 ut
776 1124 1012 1190 removeatur
1037 1137 1059 1191 a
1086 1116 1190 1192 nobis
1215 1116 1302 1190 ittud
1327 1117 1426 1209 quod
1452 1118 1561 1191 habet
1591 1137 1657 1191 nos
1683 1115 1887 1191 excludere

708 1257 730 1309 a
757 1256 873 1331 regno
897 1235 975 1329 Dei,
1001 1236 1138 1311 scilicet
1164 1237 1303 1310 maium
1328 1236 1457 1331 culpae,
1481 1236 1572 1310 idest
1595 1243 1800 1331 peccatum.
1819 1235 1884 1308 Di-

707 1354 756 1430 cit
781 1376 894 1452 ergo:
924 1378 944 1429 e
980 1365 1017 1431 tu
1046 1358 1194 1449 deniqne
1220 1360 1399 1450 pmdonu,
1430 1356 1577 1449 scilicet,
1612 1356 1727 1449 nobis,
1759 1378 1778 1429 e
1809 1377 1883 1429 non

707 1479 874 1566 uuunder
897 1498 922 1549 u
946 1484 1067 1549 nostro
1093 1486 1227 1571 merto,
1260 1476 1407 1569 scilicet,
1433 1476 1532 1570 quod
1558 1476 1674 1549 simus
1706 1475 1882 1550 immeriti

709 1602 747 1673 et
784 1597 936 1694 indigni,
960 1619 1068 1699 *come
1103 1602 1165 1672 troi
1196 1601 1432 1691 padoniano
1469 1619 1493 1669 a
1537 1588 1699 1671 dascuno
1736 1600 1771 1671 to
1809 1600 1885 1671 mut

709 1720 874 1793 cir'ueem
898 1724 1050 1813 rosseto.
1084 1720 1129 1793 Et
1160 1719 1218 1793 iric
1248 1720 1367 1793 oritur
1398 1718 1587 1812 dubitatio,
1621 1718 1707 1813 quia
1738 1718 1883 1791 videtur

709 1840 808 1931 quod
827 1841 949 1935 homo,
967 1840 1029 1934 qui
1046 1861 1117 1914 non
1131 1840 1246 1935 parcit
1264 1839 1380 1933 alteri,
1398 1840 1521 1913 dicens
1538 1839 1643 1930 istam
1662 1839 1882 1931 orationem,

708 1960 847 2035 directe
872 1968 978 2056 roget
1003 1967 1130 2035 eontra
1157 1982 1209 2035 se.
1247 1960 1301 2036 dd
1332 1962 1401 2035 hoc
1429 1960 1603 2035 dixerunt
1631 1960 1755 2054 aliqui,
1782 1958 1881 2054 quod

709 2080 813 2155 litera
839 2081 947 2155 debet
972 2080 1116 2175 exponi,
1144 2082 1237 2155 sicut
1274 2102 1338 2155 nos
1370 2080 1599 2174 dimittimus,
1631 2080 1734 2174 idest,
1758 2080 1885 2155 dimit-

709 2205 789 2274 tere
815 2200 1015 2293 debenrus3
1042 2200 1105 2275 sed
1135 2199 1311 2295 quidquid
1340 2201 1495 2293 dicatur,
1530 2200 1787 2294 unusquisque
1817 2200 1885 2276 dez

708 2321 770 2395 bet
796 2326 833 2395 et
859 2328 976 2415 potest
1001 2322 1123 2395 dicere
1145 2321 1249 2395 istam
1274 2322 1477 2395 orationem
1497 2342 1734 2397 communem
1762 2321 1883 2395 omni-

709 2436 791 2535 bus
805 2441 843 2514 in
862 2463 938 2535 qua
953 2442 1116 2535 loquitur
1138 2442 1174 2515 in
1192 2462 1349 2537 persona
1367 2442 1555 2517 Ecclesiae:
1573 2436 1735 2534 nodedi:
1752 2444 1884 2515 dimitte

709 2562 809 2634 notu
833 2568 870 2635 et
895 2582 968 2635 non
990 2562 1453 2635 mini.-N0soa.1staost
1472 2567 1576 2635 serta
1601 2568 1639 2635 et
1664 2561 1793 2635 uttima
1819 2582 1885 2655 pe·

711 2681 809 2755 titio:
831 2703 928 2775 nam,
943 2681 1053 2776 petita
1067 2682 1174 2757 venia
1191 2688 1428 2776 peccatorum
1446 2680 1731 2776 praeteritorum,
1746 2682 1884 2776 petitur

628 2856 633 2869 .
711 2802 948 2897 praeservatio
973 2824 995 2875 a
1022 2803 1165 2876 suturis.
1183 2802 1237 2875 Ad
1258 2801 1357 2895 quod
1378 2808 1433 2877 est
1451 2801 1665 2895 notandum,
1682 2802 1782 2896 quod
1803 2809 1886 2877 ten-

712 2928 793 2996 tare
818 2921 913 2997 idem
941 2927 996 2997 est
1022 2922 1120 3016 quod
1155 2921 1313 3017 experiri
1348 2922 1406 2996 vet
1440 2922 1621 3016 probare,
1652 2928 1768 2996 tentat
1792 2943 1884 3018 ergo

712 3040 899 3115 hominem
927 3040 988 3136 qui
1006 3041 1053 3115 de
1071 3042 1150 3115 eius
1167 3042 1303 3116 virtute
1320 3040 1582 3135 experientiam
1610 3042 1732 3115 sumit.
1760 3041 1885 3115 Virtus

711 3169 836 3237 autem
864 3162 1021 3235 hominis
1038 3162 1199 3237 consistit
1217 3162 1255 3235 in
1270 3161 1426 3255 duobus,
1445 3162 1623 3256 videlicet,
1644 3162 1680 3235 in
1698 3163 1885 3257 operando

711 3282 863 3377 bonum,
881 3290 919 3357 et
941 3282 1156 3356 declinando
1180 3303 1203 3355 a
1229 3283 1338 3356 malo.
1359 3282 1481 3355 Primo
1508 3282 1618 3356 modo
1642 3284 1741 3357 Deus
1768 3290 1885 3358 tentat

712 3402 923 3497 hominem;
950 3403 1111 3477 secundo
1144 3404 1253 3476 modo
1288 3402 1405 3477 virtus
1437 3403 1593 3477 hominis
1624 3409 1788 3478 tentatur
1819 3424 1885 3499 per

712 3523 959 3597 inductionem
985 3523 1031 3596 ad
1049 3523 1188 3596 malum
1208 3543 1274 3618 per
1292 3529 1367 3596 tres
1384 3528 1606 3597 tentatores:
1627 3523 1746 3617 primo
1770 3530 1885 3597 tentat

712 3663 811 3736 caro,
838 3643 923 3737 quia
955 3643 1211 3737 unusquisque
1242 3648 1455 3717 tentatura
1484 3642 1776 3737 concupiscentia
1806 3664 1885 3736 sua,

714 3769 755 3837 ut
779 3763 865 3839 dicit
890 3764 1074 3859 apostotus
1099 3762 1147 3837 de
1172 3784 1234 3836 se:
1266 3762 1440 3855 secunde,
1467 3769 1581 3837 tentat
1613 3763 1773 3837 mundus
1798 3782 1884 3837 cum

713 3884 933 3959 vanitatibus
951 3882 1045 3957 suis:
1064 3883 1184 3978 tertio,
1198 3884 1365 3957 diabotus
1383 3889 1498 3957 tentat
1518 3882 1704 3956 hominem
1723 3882 1769 3956 de
1786 3881 1886 3977 uitio,

713 4002 760 4077 ad
786 4002 884 4098 quod
910 4004 1007 4078 videt
1032 4003 1219 4077 hominem
1245 4003 1385 4077 iacilius
1402 4002 1586 4095 inclinari3
1609 4009 1647 4075 et
1670 4001 1788 4098 magis
1804 4008 1887 4075 ten·

714 4132 766 4199 tat
792 4147 903 4220 quem
931 4124 1176 4200 robustiorem
1210 4124 1349 4199 invenit
1379 4130 1636 4219 pugnatorem,
1662 4143 1731 4197 nec
1755 4121 1887 4215 aliquis

715 4254 925 4321 sanctorum
965 4246 1152 4320 sufficeret
1189 4245 1443 4320 crudelitatem
1478 4244 1654 4317 daemonis
1692 4242 1887 4336 sustinere,

714 4366 782 4440 nisi
806 4387 966 4462 praesens
992 4366 1155 4441 Christus
1182 4366 1375 4460 repelleret
1404 4370 1441 4438 et
1470 4364 1647 4438 iroenaret
1671 4384 1804 4438 eorum
1830 4364 1888 4437 in·

626 4518 634 4527 ·
714 4507 856 4561 cursus
883 4486 975 4562 Dicit
1000 4506 1090 4582 ergo
1116 4494 1222 4581 poeta
1250 4486 1287 4558 in
1312 4485 1441 4560 litera:
1473 4506 1547 4557 non
1575 4492 1795 4577 spernentur
1821 4505 1888 4557 no·

713 4614 791 4679 stra
808 4602 918 4699 uentri,
935 4608 995 4680 rte
1018 4609 1056 4680 di
1081 4609 1213 4698 tenuior
1236 4608 1408 4697 s’udonu,
1434 4604 1538 4697 idest,
1560 4624 1643 4698 quae
1658 4596 1695 4696 (²)
1725 4612 1798 4678 tam
1820 4605 1888 4679 de·

672 4810 673 4813 x
714 4727 794 4800 hitis
820 4728 971 4803 iacititer
997 4727 1191 4802 inclinatur
1217 4735 1255 4802 et
1279 4723 1535 4820 comprimitur
1554 4725 1600 4799 ad
1622 4732 1775 4819 terram,
1793 4724 1889 4800 sicut

715 4847 818 4941 palea
845 4847 992 4941 quando
1018 4846 1108 4942 pluit
1132 4867 1244 4941 super
1270 4866 1376 4939 eam3
1403 4866 1468 4917 con
1499 4847 1522 4919 t’
1535 4848 1650 4919 antico
1676 4867 1886 4938 aoomsuro,

778 5097 805 5161 (¹)
823 5102 868 5147 117
884 5111 899 5148 e
915 5098 945 5149 E.
962 5099 1030 5149 uude
1046 5099 1122 5149 dicit:
1139 5098 1245 5147 dimitte.
1370 5094 1398 5158 (¹)
1414 5095 1445 5145 Ε.
1461 5109 1519 5162 que
1537 5100 1668 5160 tamquam
1684 5095 1784 5145 detritis.
