4542 6842
820 962 960 1020 murus
983 962 1150 1032 oumrus.
1498 952 1565 1020 151

392 1110 670 1206 intelligentiam
696 1108 808 1182 buius
832 1108 959 1204 literae,
977 1127 1062 1202 quae
1082 1114 1136 1183 est
1161 1108 1248 1183 satis
1271 1109 1368 1183 male
1386 1108 1568 1185 intellecta

391 1228 490 1323 apud
515 1234 712 1304 extraneos
726 1221 777 1322 (¹),
803 1229 888 1304 volo
914 1235 951 1303 te
980 1229 1086 1323 scire,
1111 1228 1212 1323 quud
1238 1229 1313 1303 Azo
1331 1228 1375 1303 lll
1402 1230 1569 1305 marcbio

391 1349 544 1424 ostensis
569 1346 688 1445 magis
712 1348 872 1423 famatus
893 1346 961 1421 luit
985 1349 1084 1444 apud
1101 1348 1299 1423 modernos
1316 1370 1429 1443 quam
1450 1350 1568 1425 Azoll

391 1469 452 1545 rel
475 1469 503 1563 l,
529 1489 603 1543 uon
628 1468 771 1543 ratione
796 1468 946 1543 maioris
970 1468 1116 1541 virtutis
1142 1467 1205 1541 sed
1229 1469 1401 1563 potentiae
1426 1476 1463 1544 et
1488 1490 1569 1543 ma-

392 1588 635 1687 gnificentiae:
676 1588 745 1663 luit
782 1588 879 1663 enim
916 1587 1087 1663 domiuus
1124 1586 1317 1683 Ferraria,
1349 1588 1496 1663 Mutinae
1530 1596 1568 1664 et

392 1710 508 1807 liegii,
533 1717 573 1784 et
597 1717 776 1806 cognatus
801 1708 899 1805 regis
923 1708 1074 1783 Roberti
1089 1698 1140 1801 ('),
1158 1708 1269 1803 coepit
1292 1726 1408 1805 grave
1428 1708 1567 1783 bellum

394 1836 524 1906 eontra
549 1830 713 1905 civitates
737 1830 882 1903 Parmae
907 1835 945 1903 et
976 1828 1162 1923 Bouomae,
1187 1849 1271 1922 quae
1304 1836 1392 1902 tunc
1425 1836 1569 1925 tempo-

393 1951 446 2025 ris
470 1957 575 2027 eraut
600 1950 771 2025 florenter
796 1956 835 2025 et
858 1954 1035 2044 potentes.
1053 1949 1172 2024 Causa
1190 1948 1275 2024 belli
1301 1948 1419 2024 lertur
1443 1950 1567 2045 luisse,

392 2071 493 2165 quod
514 2070 678 2146 marcbio
703 2070 893 2165 querebat
918 2070 1121 2145 dominium
1149 2072 1304 2165 Parmae,
1324 2090 1476 2167 sperans
1502 2092 1568 2167 per

391 2193 463 2267 boc
489 2192 641 2267 faciliter
665 2212 848 2286 occupare
873 2190 1094 2285 Bononiam,
1120 2201 1345 2286 quapropter
1365 2192 1569 2267 bononien-

391 2334 451 2389 ses
475 2332 563 2387 cum
583 2312 840 2409 parmensibus
860 2311 1027 2387 lecerunt
1050 2312 1384 2387 confederationem
1403 2314 1498 2387 inter
1515 2332 1567 2407 se,

298 2450 303 2459 ’
391 2440 434 2509 ul
458 2434 652 2509 obviarent
676 2430 867 2507 conatibus
892 2433 1034 2507 Azouis.
1061 2434 1151 2507 Pars
1181 2432 1328 2508 illorum
1358 2433 1405 2508 de
1435 2434 1567 2509 Sancto

392 2552 497 2631 vitali
522 2553 570 2629 de
593 2554 740 2647 Parma,
758 2573 843 2647 quae
867 2552 1011 2628 larebat
1037 2552 1148 2628 rebus
1173 2552 1315 2647 Azouis,
1339 2556 1491 2649 expulsa
1512 2562 1568 2629 eet

392 2696 480 2751 cum
506 2675 687 2770 episcopo,
718 2674 782 2768 qui
816 2679 896 2749 erat
926 2672 1114 2749 dedomo
1140 2674 1220 2768 illa;
1251 2680 1289 2749 et
1321 2675 1484 2751 marchio
1510 2675 1567 2759 in,-

391 2795 544 2892 dignaus
563 2784 601 2888 (³)
632 2794 836 2870 conabatur
869 2794 1049 2869 reducere
1083 2814 1179 2868 eam.
1214 2794 1329 2891 lgitur
1360 2814 1458 2870 anno
1491 2794 1567 2869 Ilo-

394 2915 481 2989 mini
498 2915 682 2991 llccxcv
707 2915 871 2989 marcbio
897 2922 1116 2989 convertens
1143 2920 1259 2989 totum
1283 2914 1461 3009 impetum
1483 2912 1566 2989 belli

393 3058 506 3132 supra
531 3036 745 3129 Bononiam,
772 3036 902 3110 invasit
926 3054 1010 3111 eam
1036 3056 1059 3109 a
1083 3034 1230 3110 duobus
1259 3035 1446 3112 lateribus.
1473 3036 1566 3109 Nam

393 3177 439 3233 ez
467 3178 540 3231 una
566 3162 673 3251 parte
697 3154 881 3251 colligavit
906 3176 946 3230 se
970 3176 1056 3229 cum
1074 3154 1310 3251 blagbiuardo
1328 3156 1476 3251 Pagano
1500 3154 1567 3229 do-

392 3277 493 3351 miuo
516 3276 713 3371 Fauentiae,
739 3283 776 3350 et
800 3276 879 3349 aliis
908 3276 1112 3372 ghibelliuis
1142 3275 1188 3350 de
1216 3276 1466 3371 Romandiola,
1494 3276 1565 3351 sci·

392 3395 476 3472 licet
514 3415 600 3470 cum
640 3396 829 3491 Scarpetta
866 3395 914 3469 de
949 3395 1140 3470 Ordelaffis
1177 3394 1224 3469 de
1260 3394 1429 3489 Forlivio,
1460 3397 1563 3491 Ugu-

390 3516 497 3592 cione
511 3504 548 3607 (ἢ
575 3516 622 3591 de
652 3516 784 3590 Fazola
817 3521 855 3589 et
886 3514 1141 3589 Lambertatiis
1175 3515 1346 3589 exulibus
1379 3514 1562 3590 Bononiae.

393 3636 663 3733 llagbinardus,
688 3634 885 3711 contractis
910 3636 1074 3731 undique
1098 3636 1339 3710 auxiliaribus
1365 3656 1451 3711 oum
1478 3638 1567 3712 sub-

391 3754 482 3830 sidio
507 3755 670 3851 equestri
694 3762 733 3830 et
757 3754 915 3851 pedestri
944 3754 1087 3850 Azouis,
1114 3756 1214 3831 veuit
1243 3761 1371 3829 contra
1400 3754 1566 3851 lmolam,

392 3896 505 3970 quam
532 3881 621 3949 tuuc
646 3875 820 3949 tenebant
843 3874 1097 3969 bononienses,
1120 3896 1280 3950 numero
1304 3881 1466 3969 quatuor
1483 3876 1567 3949 mil—

392 3995 460 4069 lia:
486 3995 551 4088 qui
576 3994 772 4070 exiverunt
788 3993 947 4088 obviam,
966 4000 1008 4068 ut
1031 3994 1250 4090 impedirent
1276 3996 1468 4069 transitum
1496 3996 1568 4071 du·
1618 4016 1620 4023 ’

392 4114 502 4189 minis
531 4116 712 4209 Saoterui,
737 4114 837 4210 quod
869 4122 957 4189 tuuc
987 4116 1216 4191 intumuerat
1243 4116 1362 4211 valde,
1388 4118 1482 4192 sicut
1511 4124 1568 4193 est

392 4234 440 4309 de
464 4254 571 4310 more
595 4234 692 4309 illius
716 4235 828 4329 llurii.
855 4234 926 4309 Sed
951 4234 1209 4331 blagbiuardus
1238 4235 1359 4310 audax
1391 4243 1429 4311 et
1453 4238 1567 4336 intre-

392 4354 499 4451 pidus
523 4376 735 4450 compresso
758 4356 898 4451 impetu
916 4376 1037 4449 aquae,
1054 4376 1140 4429 cum
1159 4355 1313 4430 lortibus
1337 4358 1453 4453 equiS,
1473 4358 1567 4433 sicut

392 4473 479 4549 olim
510 4476 633 4551 Caesar
664 4478 701 4550 iu
731 4478 887 4551 transitu
916 4476 1124 4570 Rubiconis,
1155 4477 1321 4551 transivit
1352 4478 1503 4573 llumen,
1530 4486 1568 4556 et

393 4597 635 4673 bononienses
659 4598 841 4674 convertit
864 4597 902 4669 iu
928 4595 1067 4693 lugam,
1088 4603 1127 4671 et
1152 4596 1305 4671 lmolam
1330 4600 1436 4695 cepit,
1462 4606 1567 4696 capta

391 4738 528 4817 magua
551 4726 658 4815 parte
680 4718 974 4794 bononiensium.
992 4718 1046 4791 Er
1072 4719 1189 4793 altera
1207 4725 1312 4814 parte
1329 4720 1495 4795 marchio
1512 4719 1569 4797 la-

392 4840 511 4915 ciebat
541 4840 753 4916 reaedificari
794 4861 912 4913 unum
949 4838 1141 4913 castellum
1179 4840 1328 4914 nomine
1366 4840 1567 4937 Bazanum,

456 5026 484 5087 (¹)
499 5026 531 5075 E.
545 5033 676 5078 externos.
863 5026 891 5088 (¹)
907 5025 937 5074 Ε.
953 5024 1079 5075 liobertit
1094 5038 1148 5089 quo
1165 5030 1283 5089 temporo
1299 5026 1385 5089 coepll.

455 5102 482 5166 (⁸)
500 5108 554 5166 llt,
570 5104 724 5169 indignatus.
865 5101 893 5167 θ)
907 5102 939 5153 ll.
954 5102 1110 5165 Uguiccione
1126 5102 1159 5152 dc
1174 5102 1277 5154 Fazola.
