<?xml version="1.0" encoding="UTF-8"?>
<!DOCTYPE html PUBLIC "-//W3C//DTD XHTML 1.0 Transitional//EN"
    "http://www.w3.org/TR/xhtml1/DTD/xhtml1-transitional.dtd">
<html xmlns="http://www.w3.org/1999/xhtml" xml:lang="en" lang="en">
 <head>
  <title>
</title>
<meta http-equiv="Content-Type" content="text/html;charset=utf-8" />
  <meta name='ocr-system' content='tesseract 3.04.00' />
  <meta name='ocr-capabilities' content='ocr_page ocr_carea ocr_par ocr_line ocrx_word'/>
</head>
<body>
  <div class='ocr_page' id='page_1' title='image "./comentumsuperda01unkngoog_0144.png"; bbox 0 0 4542 6842; ppageno 0'>
   <div class='ocr_carea' id='block_1_1' title="bbox 706 946 1520 1019">
    <p class='ocr_par' dir='ltr' id='par_1_1' title="bbox 706 946 1520 1019">
     <span class='ocr_line' id='line_1_1' title="bbox 706 946 1520 1019; baseline -0.006 -8"><span class='ocrx_word' id='word_1_1' title='bbox 706 946 775 1015; x_wconf 76' lang='lat'><strong>130</strong></span> <span class='ocrx_word' id='word_1_2' title='bbox 1063 955 1269 1011; x_wconf 80' lang='lat' dir='ltr'><strong>cousuruu</strong></span> <span class='ocrx_word' id='word_1_3' title='bbox 1294 955 1520 1019; x_wconf 65' lang='lat' dir='ltr'><strong>runutmnu,</strong></span> 
     </span>
    </p>
   </div>
   <div class='ocr_carea' id='block_1_2' title="bbox 702 1097 1895 4937">
    <p class='ocr_par' dir='ltr' id='par_1_2' title="bbox 702 1097 1895 4937">
     <span class='ocr_line' id='line_1_2' title="bbox 702 1097 1877 1199; baseline -0.009 -17"><span class='ocrx_word' id='word_1_4' title='bbox 702 1113 772 1199; x_wconf 90' lang='lat' dir='ltr'><strong>cta,</strong></span> <span class='ocrx_word' id='word_1_5' title='bbox 798 1106 934 1195; x_wconf 68' lang='lat' dir='ltr'><strong>neum,</strong></span> <span class='ocrx_word' id='word_1_6' title='bbox 961 1103 1065 1195; x_wconf 85' lang='lat' dir='ltr'><strong>idest,</strong></span> <span class='ocrx_word' id='word_1_7' title='bbox 1091 1102 1244 1177; x_wconf 80' lang='lat' dir='ltr'><strong>faciliter</strong></span> <span class='ocrx_word' id='word_1_8' title='bbox 1267 1118 1491 1199; x_wconf 81' lang='lat' dir='ltr'><strong>cognoscere</strong></span> <span class='ocrx_word' id='word_1_9' title='bbox 1515 1099 1664 1194; x_wconf 89' lang='lat' dir='ltr'><strong>poteris,</strong></span> <span class='ocrx_word' id='word_1_10' title='bbox 1689 1119 1799 1188; x_wconf 79' lang='lat' dir='ltr'><strong>conte,</strong></span> <span class='ocrx_word' id='word_1_11' title='bbox 1817 1097 1877 1172; x_wconf 91' lang='lat' dir='ltr'><strong>ille</strong></span> 
     </span>
     <span class='ocr_line' id='line_1_3' title="bbox 703 1221 1878 1319; baseline -0.007 -20"><span class='ocrx_word' id='word_1_12' title='bbox 703 1226 874 1299; x_wconf 80' lang='lat' dir='ltr'>zodiacus</span> <span class='ocrx_word' id='word_1_13' title='bbox 899 1232 937 1299; x_wconf 89' lang='lat' dir='ltr'><strong>et</strong></span> <span class='ocrx_word' id='word_1_14' title='bbox 961 1244 1029 1319; x_wconf 93' lang='lat' dir='ltr'><strong>per</strong></span> <span class='ocrx_word' id='word_1_15' title='bbox 1053 1244 1284 1317; x_wconf 88' lang='lat' dir='ltr'><strong>consequens</strong></span> <span class='ocrx_word' id='word_1_16' title='bbox 1308 1221 1376 1315; x_wconf 91' lang='lat' dir='ltr'><strong>sol,</strong></span> <span class='ocrx_word' id='word_1_17' title='bbox 1401 1241 1534 1294; x_wconf 81' lang='lat' dir='ltr'><strong>cmroen</strong></span> <span class='ocrx_word' id='word_1_18' title='bbox 1564 1222 1624 1292; x_wconf 82' lang='lat' dir='ltr'><strong>clre</strong></span> <span class='ocrx_word' id='word_1_19' title='bbox 1649 1222 1744 1293; x_wconf 86' lang='lat' dir='ltr'><strong>voda</strong></span> <span class='ocrx_word' id='word_1_20' title='bbox 1769 1241 1795 1292; x_wconf 89' lang='lat' dir='ltr'><strong>o</strong></span> <span class='ocrx_word' id='word_1_21' title='bbox 1818 1241 1878 1292; x_wconf 87' lang='lat' dir='ltr'><strong>co·</strong></span> 
     </span>
     <span class='ocr_line' id='line_1_4' title="bbox 702 1339 1876 1439; baseline -0.003 -22"><span class='ocrx_word' id='word_1_22' title='bbox 702 1348 782 1436; x_wconf 79' lang='lat' dir='ltr'><strong>stari,</strong></span> <span class='ocrx_word' id='word_1_23' title='bbox 799 1344 948 1439; x_wconf 88' lang='lat' dir='ltr'><strong>scilicet,</strong></span> <span class='ocrx_word' id='word_1_24' title='bbox 966 1344 1052 1418; x_wconf 89' lang='lat' dir='ltr'><strong>huic</strong></span> <span class='ocrx_word' id='word_1_25' title='bbox 1078 1342 1193 1418; x_wconf 92' lang='lat' dir='ltr'><strong>monti</strong></span> <span class='ocrx_word' id='word_1_26' title='bbox 1218 1341 1433 1439; x_wconf 84' lang='lat' dir='ltr'><strong>purgatorii,</strong></span> <span class='ocrx_word' id='word_1_27' title='bbox 1451 1344 1501 1415; x_wconf 88' lang='lat' dir='ltr'><strong>du</strong></span> <span class='ocrx_word' id='word_1_28' title='bbox 1520 1344 1603 1415; x_wconf 76' lang='lat' dir='ltr'><strong>tun</strong></span> <span class='ocrx_word' id='word_1_29' title='bbox 1621 1344 1752 1433; x_wconf 71' lang='lat' dir='ltr'><strong>planco,</strong></span> <span class='ocrx_word' id='word_1_30' title='bbox 1772 1339 1876 1434; x_wconf 86' lang='lat' dir='ltr'><strong>idest,</strong></span> 
     </span>
     <span class='ocr_line' id='line_1_5' title="bbox 703 1462 1877 1559; baseline -0.003 -20"><span class='ocrx_word' id='word_1_31' title='bbox 703 1463 751 1539; x_wconf 86' lang='lat' dir='ltr'><strong>ab</strong></span> <span class='ocrx_word' id='word_1_32' title='bbox 777 1486 851 1540; x_wconf 93' lang='lat' dir='ltr'><strong>uno</strong></span> <span class='ocrx_word' id='word_1_33' title='bbox 877 1465 1005 1559; x_wconf 90' lang='lat' dir='ltr'><strong>latere,</strong></span> <span class='ocrx_word' id='word_1_34' title='bbox 1030 1464 1167 1540; x_wconf 87' lang='lat' dir='ltr'><strong>scilicet</strong></span> <span class='ocrx_word' id='word_1_35' title='bbox 1198 1464 1340 1558; x_wconf 86' lang='lat' dir='ltr'><strong>dextro,</strong></span> <span class='ocrx_word' id='word_1_36' title='bbox 1367 1466 1510 1555; x_wconf 83' lang='lat' dir='ltr'><strong>quondo</strong></span> <span class='ocrx_word' id='word_1_37' title='bbox 1540 1484 1565 1533; x_wconf 90' lang='lat' dir='ltr'><strong>o</strong></span> <span class='ocrx_word' id='word_1_38' title='bbox 1596 1464 1699 1552; x_wconf 84' lang='lat' dir='ltr'><strong>colui,</strong></span> <span class='ocrx_word' id='word_1_39' title='bbox 1729 1462 1877 1554; x_wconf 90' lang='lat' dir='ltr'><strong>scillcet,</strong></span> 
     </span>
     <span class='ocr_line' id='line_1_6' title="bbox 704 1581 1878 1682; baseline -0.003 -23"><span class='ocrx_word' id='word_1_40' title='bbox 704 1585 821 1659; x_wconf 88' lang='lat' dir='ltr'><strong>monti</strong></span> <span class='ocrx_word' id='word_1_41' title='bbox 846 1584 946 1682; x_wconf 81' lang='lat' dir='ltr'><strong>Syon</strong></span> <span class='ocrx_word' id='word_1_42' title='bbox 971 1585 1080 1678; x_wconf 89' lang='lat' dir='ltr'><strong>vadit,</strong></span> <span class='ocrx_word' id='word_1_43' title='bbox 1104 1587 1155 1657; x_wconf 84' lang='lat' dir='ltr'><strong>da</strong></span> <span class='ocrx_word' id='word_1_44' title='bbox 1179 1586 1321 1674; x_wconf 73' lang='lat' dir='ltr'><strong>tutuo,</strong></span> <span class='ocrx_word' id='word_1_45' title='bbox 1347 1583 1495 1675; x_wconf 87' lang='lat' dir='ltr'><strong>scilicet,</strong></span> <span class='ocrx_word' id='word_1_46' title='bbox 1512 1585 1642 1674; x_wconf 75' lang='lat' dir='ltr'><strong>ficiaco,</strong></span> <span class='ocrx_word' id='word_1_47' title='bbox 1660 1581 1803 1675; x_wconf 89' lang='lat' dir='ltr'><strong>idest,a</strong></span> <span class='ocrx_word' id='word_1_48' title='bbox 1823 1583 1878 1656; x_wconf 63' lang='lat' dir='ltr'><strong>la*</strong></span> 
     </span>
     <span class='ocr_line' id='line_1_7' title="bbox 705 1702 1879 1799; baseline -0.007 -18"><span class='ocrx_word' id='word_1_49' title='bbox 705 1712 787 1781; x_wconf 87' lang='lat' dir='ltr'><strong>tere</strong></span> <span class='ocrx_word' id='word_1_50' title='bbox 811 1705 970 1799; x_wconf 88' lang='lat' dir='ltr'><strong>sinistro,</strong></span> <span class='ocrx_word' id='word_1_51' title='bbox 990 1704 1077 1798; x_wconf 89' lang='lat' dir='ltr'><strong>quia</strong></span> <span class='ocrx_word' id='word_1_52' title='bbox 1102 1704 1273 1779; x_wconf 79' lang='lat' dir='ltr'><strong>zodiacus</strong></span> <span class='ocrx_word' id='word_1_53' title='bbox 1297 1702 1531 1797; x_wconf 82' lang='lat' dir='ltr'><strong>amplectitur</strong></span> <span class='ocrx_word' id='word_1_54' title='bbox 1555 1702 1704 1796; x_wconf 88' lang='lat' dir='ltr'><strong>oblique</strong></span> <span class='ocrx_word' id='word_1_55' title='bbox 1729 1707 1879 1775; x_wconf 77' lang='lat' dir='ltr'><strong>utrum-</strong></span> 
     </span>
     <span class='ocr_line' id='line_1_8' title="bbox 705 1823 1878 1920; baseline -0.003 -21"><span class='ocrx_word' id='word_1_56' title='bbox 705 1846 780 1920; x_wconf 89' lang='lat' dir='ltr'><strong>que</strong></span> <span class='ocrx_word' id='word_1_57' title='bbox 804 1824 1086 1920; x_wconf 80' lang='lat' dir='ltr'><strong>ltemisperium3</strong></span> <span class='ocrx_word' id='word_1_58' title='bbox 1112 1832 1149 1898; x_wconf 92' lang='lat' dir='ltr'><strong>et</strong></span> <span class='ocrx_word' id='word_1_59' title='bbox 1174 1824 1281 1900; x_wconf 87' lang='lat' dir='ltr'><strong>dicit:</strong></span> <span class='ocrx_word' id='word_1_60' title='bbox 1308 1846 1346 1897; x_wconf 86' lang='lat' dir='ltr'><strong>so</strong></span> <span class='ocrx_word' id='word_1_61' title='bbox 1371 1825 1567 1897; x_wconf 79' lang='lat' dir='ltr'><strong>tinteltetto</strong></span> <span class='ocrx_word' id='word_1_62' title='bbox 1592 1830 1651 1897; x_wconf 83' lang='lat' dir='ltr'><strong>tuo</strong></span> <span class='ocrx_word' id='word_1_63' title='bbox 1676 1823 1739 1895; x_wconf 78' lang='lat' dir='ltr'><strong>ten</strong></span> <span class='ocrx_word' id='word_1_64' title='bbox 1756 1825 1878 1895; x_wconf 82' lang='lat' dir='ltr'><strong>citiore</strong></span> 
     </span>
     <span class='ocr_line' id='line_1_9' title="bbox 706 1942 1879 2039; baseline -0.002 -20"><span class='ocrx_word' id='word_1_65' title='bbox 706 1947 814 2036; x_wconf 85' lang='lat' dir='ltr'><strong>dudo,</strong></span> <span class='ocrx_word' id='word_1_66' title='bbox 844 1946 947 2036; x_wconf 91' lang='lat' dir='ltr'><strong>idest,</strong></span> <span class='ocrx_word' id='word_1_67' title='bbox 973 1945 1002 2017; x_wconf 94' lang='lat' dir='ltr'><strong>si</strong></span> <span class='ocrx_word' id='word_1_68' title='bbox 1032 1944 1127 2019; x_wconf 88' lang='lat' dir='ltr'><strong>bene</strong></span> <span class='ocrx_word' id='word_1_69' title='bbox 1162 1944 1309 2039; x_wconf 88' lang='lat' dir='ltr'><strong>respicis</strong></span> <span class='ocrx_word' id='word_1_70' title='bbox 1339 1965 1424 2018; x_wconf 92' lang='lat' dir='ltr'><strong>cum</strong></span> <span class='ocrx_word' id='word_1_71' title='bbox 1460 1943 1707 2039; x_wconf 87' lang='lat' dir='ltr'><strong>speculatione</strong></span> <span class='ocrx_word' id='word_1_72' title='bbox 1737 1942 1879 2017; x_wconf 82' lang='lat' dir='ltr'><strong>intelle·</strong></span> 
     </span>
     <span class='ocr_line' id='line_1_10' title="bbox 707 2064 1880 2159; baseline -0.002 -19"><span class='ocrx_word' id='word_1_73' title='bbox 707 2067 829 2141; x_wconf 90' lang='lat' dir='ltr'><strong>ctuali.</strong></span> <span class='ocrx_word' id='word_1_74' title='bbox 842 2106 893 2119; x_wconf 96' lang='lat'>—</span> <span class='ocrx_word' id='word_1_75' title='bbox 909 2070 1020 2138; x_wconf 81' lang='lat' dir='ltr'><strong>Certo</strong></span> <span class='ocrx_word' id='word_1_76' title='bbox 1047 2065 1112 2139; x_wconf 91' lang='lat' dir='ltr'><strong>llic</strong></span> <span class='ocrx_word' id='word_1_77' title='bbox 1136 2072 1245 2159; x_wconf 87' lang='lat' dir='ltr'><strong>poeta</strong></span> <span class='ocrx_word' id='word_1_78' title='bbox 1271 2070 1396 2138; x_wconf 90' lang='lat' dir='ltr'><strong>noster</strong></span> <span class='ocrx_word' id='word_1_79' title='bbox 1419 2064 1556 2138; x_wconf 88' lang='lat' dir='ltr'><strong>latetur</strong></span> <span class='ocrx_word' id='word_1_80' title='bbox 1576 2064 1724 2159; x_wconf 81' lang='lat' dir='ltr'><strong>Virgilio</strong></span> <span class='ocrx_word' id='word_1_81' title='bbox 1742 2083 1782 2139; x_wconf 88' lang='lat' dir='ltr'><strong>se</strong></span> <span class='ocrx_word' id='word_1_82' title='bbox 1800 2083 1880 2138; x_wconf 76' lang='lat' dir='ltr'><strong>me</strong></span> 
     </span>
     <span class='ocr_line' id='line_1_11' title="bbox 708 2183 1881 2280; baseline -0.003 -20"><span class='ocrx_word' id='word_1_83' title='bbox 708 2187 778 2261; x_wconf 89' lang='lat' dir='ltr'><strong>lius</strong></span> <span class='ocrx_word' id='word_1_84' title='bbox 814 2185 1016 2280; x_wconf 85' lang='lat' dir='ltr'><strong>intelligere</strong></span> <span class='ocrx_word' id='word_1_85' title='bbox 1051 2204 1150 2257; x_wconf 86' lang='lat' dir='ltr'><strong>nunc</strong></span> <span class='ocrx_word' id='word_1_86' title='bbox 1181 2184 1292 2257; x_wconf 91' lang='lat' dir='ltr'><strong>istum</strong></span> <span class='ocrx_word' id='word_1_87' title='bbox 1329 2191 1471 2259; x_wconf 90' lang='lat' dir='ltr'><strong>motum</strong></span> <span class='ocrx_word' id='word_1_88' title='bbox 1507 2183 1643 2259; x_wconf 87' lang='lat' dir='ltr'><strong>zodiaci</strong></span> <span class='ocrx_word' id='word_1_89' title='bbox 1677 2190 1715 2259; x_wconf 90' lang='lat' dir='ltr'><strong>et</strong></span> <span class='ocrx_word' id='word_1_90' title='bbox 1749 2183 1881 2259; x_wconf 85' lang='lat' dir='ltr'><strong>melius</strong></span> 
     </span>
     <span class='ocr_line' id='line_1_12' title="bbox 708 2298 1882 2401; baseline -0.003 -22"><span class='ocrx_word' id='word_1_91' title='bbox 708 2306 829 2400; x_wconf 91' lang='lat' dir='ltr'><strong>ipsum</strong></span> <span class='ocrx_word' id='word_1_92' title='bbox 855 2304 1028 2379; x_wconf 90' lang='lat' dir='ltr'><strong>declarat.</strong></span> <span class='ocrx_word' id='word_1_93' title='bbox 1055 2304 1148 2378; x_wconf 83' lang='lat' dir='ltr'><strong>llicit</strong></span> <span class='ocrx_word' id='word_1_94' title='bbox 1173 2324 1287 2400; x_wconf 87' lang='lat' dir='ltr'><strong>ergo:</strong></span> <span class='ocrx_word' id='word_1_95' title='bbox 1313 2307 1396 2377; x_wconf 77' lang='lat' dir='ltr'><strong>dtss’</strong></span> <span class='ocrx_word' id='word_1_96' title='bbox 1408 2308 1457 2396; x_wconf 87' lang='lat' dir='ltr'><strong>io,</strong></span> <span class='ocrx_word' id='word_1_97' title='bbox 1475 2298 1574 2395; x_wconf 66' lang='lat' dir='ltr'><strong>illidi</strong></span> <span class='ocrx_word' id='word_1_98' title='bbox 1594 2304 1755 2401; x_wconf 84' lang='lat' dir='ltr'><strong>Virgilio,</strong></span> <span class='ocrx_word' id='word_1_99' title='bbox 1782 2308 1882 2377; x_wconf 82' lang='lat' dir='ltr'><strong>llae-</strong></span> 
     </span>
     <span class='ocr_line' id='line_1_13' title="bbox 709 2424 1880 2520; baseline 0 -21"><span class='ocrx_word' id='word_1_100' title='bbox 709 2434 785 2501; x_wconf 85' lang='lat' dir='ltr'><strong>stro</strong></span> <span class='ocrx_word' id='word_1_101' title='bbox 810 2428 894 2516; x_wconf 80' lang='lat' dir='ltr'><strong>mio,</strong></span> <span class='ocrx_word' id='word_1_102' title='bbox 924 2424 987 2519; x_wconf 90' lang='lat' dir='ltr'><strong>qui</strong></span> <span class='ocrx_word' id='word_1_103' title='bbox 1018 2431 1092 2498; x_wconf 89' lang='lat' dir='ltr'><strong>tarn</strong></span> <span class='ocrx_word' id='word_1_104' title='bbox 1124 2424 1221 2499; x_wconf 88' lang='lat' dir='ltr'><strong>bene</strong></span> <span class='ocrx_word' id='word_1_105' title='bbox 1253 2424 1444 2499; x_wconf 86' lang='lat' dir='ltr'><strong>declarasti</strong></span> <span class='ocrx_word' id='word_1_106' title='bbox 1476 2426 1565 2499; x_wconf 85' lang='lat' dir='ltr'><strong>milri</strong></span> <span class='ocrx_word' id='word_1_107' title='bbox 1597 2426 1707 2500; x_wconf 92' lang='lat' dir='ltr'><strong>istum</strong></span> <span class='ocrx_word' id='word_1_108' title='bbox 1734 2446 1880 2520; x_wconf 86' lang='lat' dir='ltr'><strong>passum</strong></span> 
     </span>
     <span class='ocr_line' id='line_1_14' title="bbox 713 2545 1884 2641; baseline -0.002 -19"><span class='ocrx_word' id='word_1_109' title='bbox 713 2549 928 2640; x_wconf 86' lang='lat' dir='ltr'><strong>obscurum,</strong></span> <span class='ocrx_word' id='word_1_110' title='bbox 954 2552 991 2620; x_wconf 92' lang='lat' dir='ltr'><strong>et</strong></span> <span class='ocrx_word' id='word_1_111' title='bbox 1016 2545 1202 2620; x_wconf 83' lang='lat' dir='ltr'><strong>removisti</strong></span> <span class='ocrx_word' id='word_1_112' title='bbox 1228 2545 1506 2621; x_wconf 88' lang='lat' dir='ltr'><strong>admirationem</strong></span> <span class='ocrx_word' id='word_1_113' title='bbox 1536 2566 1671 2641; x_wconf 88' lang='lat' dir='ltr'><strong>meam,</strong></span> <span class='ocrx_word' id='word_1_114' title='bbox 1697 2554 1792 2621; x_wconf 85' lang='lat' dir='ltr'><strong>certo</strong></span> <span class='ocrx_word' id='word_1_115' title='bbox 1815 2568 1884 2620; x_wconf 84' lang='lat' dir='ltr'><strong>un-</strong></span> 
     </span>
     <span class='ocr_line' id='line_1_15' title="bbox 711 2665 1882 2761; baseline 0.001 -21"><span class='ocrx_word' id='word_1_116' title='bbox 711 2688 849 2760; x_wconf 85' lang='lat' dir='ltr'><strong>quoaco</strong></span> <span class='ocrx_word' id='word_1_117' title='bbox 874 2687 946 2739; x_wconf 66' lang='lat' dir='ltr'><strong>own</strong></span> <span class='ocrx_word' id='word_1_118' title='bbox 972 2668 1087 2737; x_wconf 82' lang='lat' dir='ltr'><strong>oid&#39;io</strong></span> <span class='ocrx_word' id='word_1_119' title='bbox 1112 2668 1248 2756; x_wconf 63' lang='lat' dir='ltr'><strong>odacro,</strong></span> <span class='ocrx_word' id='word_1_120' title='bbox 1266 2666 1371 2758; x_wconf 87' lang='lat' dir='ltr'><strong>quasi</strong></span> <span class='ocrx_word' id='word_1_121' title='bbox 1394 2665 1500 2759; x_wconf 88' lang='lat' dir='ltr'><strong>dicat,</strong></span> <span class='ocrx_word' id='word_1_122' title='bbox 1526 2666 1700 2761; x_wconf 89' lang='lat' dir='ltr'><strong>sciebam,</strong></span> <span class='ocrx_word' id='word_1_123' title='bbox 1720 2668 1783 2741; x_wconf 87' lang='lat' dir='ltr'><strong>sed</strong></span> <span class='ocrx_word' id='word_1_124' title='bbox 1809 2688 1882 2741; x_wconf 93' lang='lat' dir='ltr'><strong>non</strong></span> 
     </span>
     <span class='ocr_line' id='line_1_16' title="bbox 712 2777 1884 2881; baseline -0.001 -20"><span class='ocrx_word' id='word_1_125' title='bbox 712 2790 763 2863; x_wconf 90' lang='lat' dir='ltr'><strong>ita</strong></span> <span class='ocrx_word' id='word_1_126' title='bbox 788 2790 899 2881; x_wconf 90' lang='lat' dir='ltr'><strong>clare,</strong></span> <span class='ocrx_word' id='word_1_127' title='bbox 924 2808 1020 2859; x_wconf 79' lang='lat' dir='ltr'><strong>come</strong></span> <span class='ocrx_word' id='word_1_128' title='bbox 1044 2807 1089 2858; x_wconf 88' lang='lat' dir='ltr'><strong>or</strong></span> <span class='ocrx_word' id='word_1_129' title='bbox 1113 2789 1273 2859; x_wconf 81' lang='lat' dir='ltr'><strong>dtrccrrto</strong></span> <span class='ocrx_word' id='word_1_130' title='bbox 1294 2777 1331 2859; x_wconf 83' lang='lat' dir='ltr'><strong>td</strong></span> <span class='ocrx_word' id='word_1_131' title='bbox 1348 2790 1437 2861; x_wconf 87' lang='lat' dir='ltr'><strong>dove</strong></span> <span class='ocrx_word' id='word_1_132' title='bbox 1459 2789 1488 2861; x_wconf 85' lang='lat' dir='ltr'><strong>il</strong></span> <span class='ocrx_word' id='word_1_133' title='bbox 1510 2791 1579 2861; x_wconf 85' lang='lat' dir='ltr'><strong>mio</strong></span> <span class='ocrx_word' id='word_1_134' title='bbox 1599 2792 1749 2879; x_wconf 74' lang='lat' dir='ltr'><strong>inpepno</strong></span> <span class='ocrx_word' id='word_1_135' title='bbox 1768 2808 1884 2881; x_wconf 82' lang='lat' dir='ltr'><strong>pareo</strong></span> 
     </span>
     <span class='ocr_line' id='line_1_17' title="bbox 713 2906 1885 3000; baseline -0.001 -19"><span class='ocrx_word' id='word_1_136' title='bbox 713 2929 853 2997; x_wconf 84' lang='lat' dir='ltr'><strong>manco,</strong></span> <span class='ocrx_word' id='word_1_137' title='bbox 874 2906 977 3000; x_wconf 83' lang='lat' dir='ltr'><strong>idest,</strong></span> <span class='ocrx_word' id='word_1_138' title='bbox 1002 2906 1210 2999; x_wconf 87' lang='lat' dir='ltr'><strong>aliqualiter</strong></span> <span class='ocrx_word' id='word_1_139' title='bbox 1235 2906 1467 2982; x_wconf 82' lang='lat' dir='ltr'><strong>defectivum.</strong></span> <span class='ocrx_word' id='word_1_140' title='bbox 1485 2909 1529 2982; x_wconf 87' lang='lat' dir='ltr'><strong>Et</strong></span> <span class='ocrx_word' id='word_1_141' title='bbox 1553 2916 1655 2983; x_wconf 89' lang='lat' dir='ltr'><strong>certe</strong></span> <span class='ocrx_word' id='word_1_142' title='bbox 1680 2928 1812 2983; x_wconf 88' lang='lat' dir='ltr'><strong>verum</strong></span> <span class='ocrx_word' id='word_1_143' title='bbox 1830 2907 1885 2981; x_wconf 89' lang='lat' dir='ltr'><strong>di·</strong></span> 
     </span>
     <span class='ocr_line' id='line_1_18' title="bbox 713 3027 1885 3124; baseline -0.002 -21"><span class='ocrx_word' id='word_1_144' title='bbox 713 3028 774 3122; x_wconf 89' lang='lat' dir='ltr'><strong>cit,</strong></span> <span class='ocrx_word' id='word_1_145' title='bbox 799 3028 886 3121; x_wconf 89' lang='lat' dir='ltr'><strong>quia</strong></span> <span class='ocrx_word' id='word_1_146' title='bbox 913 3028 1008 3101; x_wconf 90' lang='lat' dir='ltr'><strong>bene</strong></span> <span class='ocrx_word' id='word_1_147' title='bbox 1031 3027 1143 3101; x_wconf 82' lang='lat' dir='ltr'><strong>debes</strong></span> <span class='ocrx_word' id='word_1_148' title='bbox 1168 3027 1373 3124; x_wconf 84' lang='lat' dir='ltr'><strong>imaginari,</strong></span> <span class='ocrx_word' id='word_1_149' title='bbox 1394 3028 1493 3122; x_wconf 93' lang='lat' dir='ltr'><strong>quod</strong></span> <span class='ocrx_word' id='word_1_150' title='bbox 1512 3036 1620 3123; x_wconf 88' lang='lat' dir='ltr'><strong>poeta</strong></span> <span class='ocrx_word' id='word_1_151' title='bbox 1641 3036 1766 3103; x_wconf 91' lang='lat' dir='ltr'><strong>noster</strong></span> <span class='ocrx_word' id='word_1_152' title='bbox 1786 3048 1885 3102; x_wconf 93' lang='lat' dir='ltr'><strong>nunc</strong></span> 
     </span>
     <span class='ocr_line' id='line_1_19' title="bbox 712 3147 1885 3243; baseline -0.002 -20"><span class='ocrx_word' id='word_1_153' title='bbox 712 3148 910 3223; x_wconf 88' lang='lat' dir='ltr'><strong>studiosius</strong></span> <span class='ocrx_word' id='word_1_154' title='bbox 934 3147 1099 3221; x_wconf 87' lang='lat' dir='ltr'><strong>discussit</strong></span> <span class='ocrx_word' id='word_1_155' title='bbox 1125 3148 1231 3223; x_wconf 90' lang='lat' dir='ltr'><strong>istam</strong></span> <span class='ocrx_word' id='word_1_156' title='bbox 1260 3148 1465 3243; x_wconf 86' lang='lat' dir='ltr'><strong>materiam,</strong></span> <span class='ocrx_word' id='word_1_157' title='bbox 1492 3156 1528 3224; x_wconf 91' lang='lat' dir='ltr'><strong>et</strong></span> <span class='ocrx_word' id='word_1_158' title='bbox 1552 3149 1687 3223; x_wconf 87' lang='lat' dir='ltr'><strong>clarius</strong></span> <span class='ocrx_word' id='word_1_159' title='bbox 1711 3148 1885 3223; x_wconf 84' lang='lat' dir='ltr'><strong>intellexit</strong></span> 
     </span>
     <span class='ocr_line' id='line_1_20' title="bbox 714 3267 1886 3363; baseline 0 -21"><span class='ocrx_word' id='word_1_160' title='bbox 714 3270 842 3344; x_wconf 81' lang='lat' dir='ltr'><strong>volens</strong></span> <span class='ocrx_word' id='word_1_161' title='bbox 866 3288 951 3341; x_wconf 91' lang='lat' dir='ltr'><strong>eam</strong></span> <span class='ocrx_word' id='word_1_162' title='bbox 978 3289 1077 3341; x_wconf 87' lang='lat' dir='ltr'><strong>nunc</strong></span> <span class='ocrx_word' id='word_1_163' title='bbox 1101 3267 1328 3361; x_wconf 59' lang='lat' dir='ltr'><strong>describere</strong></span> <span class='ocrx_word' id='word_1_164' title='bbox 1354 3275 1391 3342; x_wconf 87' lang='lat' dir='ltr'><strong>et</strong></span> <span class='ocrx_word' id='word_1_165' title='bbox 1417 3288 1504 3343; x_wconf 88' lang='lat' dir='ltr'><strong>ecce</strong></span> <span class='ocrx_word' id='word_1_166' title='bbox 1526 3268 1634 3363; x_wconf 89' lang='lat' dir='ltr'><strong>quid:</strong></span> <span class='ocrx_word' id='word_1_167' title='bbox 1653 3272 1750 3342; x_wconf 82' lang='lat' dir='ltr'><strong>cte’t</strong></span> <span class='ocrx_word' id='word_1_168' title='bbox 1765 3289 1886 3342; x_wconf 76' lang='lat' dir='ltr'><strong>ntem</strong></span> 
     </span>
     <span class='ocr_line' id='line_1_21' title="bbox 714 3388 1886 3483; baseline -0.002 -18"><span class='ocrx_word' id='word_1_169' title='bbox 714 3392 861 3480; x_wconf 74' lang='lat' dir='ltr'><strong>arcte,</strong></span> <span class='ocrx_word' id='word_1_170' title='bbox 887 3388 990 3480; x_wconf 87' lang='lat' dir='ltr'><strong>idest,</strong></span> <span class='ocrx_word' id='word_1_171' title='bbox 1016 3388 1179 3463; x_wconf 91' lang='lat' dir='ltr'><strong>circulus</strong></span> <span class='ocrx_word' id='word_1_172' title='bbox 1203 3389 1466 3482; x_wconf 72' lang='lat' dir='ltr'><strong>equinoctialis</strong></span> <span class='ocrx_word' id='word_1_173' title='bbox 1490 3388 1653 3465; x_wconf 83' lang='lat' dir='ltr'><strong>dividens</strong></span> <span class='ocrx_word' id='word_1_174' title='bbox 1678 3410 1823 3483; x_wconf 89' lang='lat' dir='ltr'><strong>speram</strong></span> <span class='ocrx_word' id='word_1_175' title='bbox 1850 3390 1886 3463; x_wconf 92' lang='lat' dir='ltr'><strong>in</strong></span> 
     </span>
     <span class='ocr_line' id='line_1_22' title="bbox 714 3509 1888 3607; baseline -0.002 -22"><span class='ocrx_word' id='word_1_176' title='bbox 714 3513 789 3585; x_wconf 93' lang='lat' dir='ltr'><strong>duo</strong></span> <span class='ocrx_word' id='word_1_177' title='bbox 820 3511 977 3607; x_wconf 74' lang='lat' dir='ltr'><strong>aqualia</strong></span> <span class='ocrx_word' id='word_1_178' title='bbox 1011 3511 1214 3586; x_wconf 88' lang='lat' dir='ltr'><strong>secuudum</strong></span> <span class='ocrx_word' id='word_1_179' title='bbox 1250 3531 1400 3585; x_wconf 89' lang='lat' dir='ltr'><strong>omnem</strong></span> <span class='ocrx_word' id='word_1_180' title='bbox 1428 3516 1569 3604; x_wconf 91' lang='lat' dir='ltr'><strong>partem</strong></span> <span class='ocrx_word' id='word_1_181' title='bbox 1602 3510 1671 3603; x_wconf 90' lang='lat' dir='ltr'><strong>sui,</strong></span> <span class='ocrx_word' id='word_1_182' title='bbox 1697 3509 1888 3603; x_wconf 71' lang='lat' dir='ltr'><strong>aequaliter</strong></span> 
     </span>
     <span class='ocr_line' id='line_1_23' title="bbox 716 3629 1889 3727; baseline -0.003 -21"><span class='ocrx_word' id='word_1_183' title='bbox 716 3632 851 3707; x_wconf 88' lang='lat' dir='ltr'><strong>distans</strong></span> <span class='ocrx_word' id='word_1_184' title='bbox 876 3634 924 3707; x_wconf 91' lang='lat' dir='ltr'><strong>ab</strong></span> <span class='ocrx_word' id='word_1_185' title='bbox 951 3640 1112 3726; x_wconf 90' lang='lat' dir='ltr'><strong>utroque</strong></span> <span class='ocrx_word' id='word_1_186' title='bbox 1136 3631 1231 3727; x_wconf 88' lang='lat' dir='ltr'><strong>polu,</strong></span> <span class='ocrx_word' id='word_1_187' title='bbox 1256 3635 1314 3705; x_wconf 84' lang='lat' dir='ltr'><strong>del</strong></span> <span class='ocrx_word' id='word_1_188' title='bbox 1337 3638 1430 3705; x_wconf 89' lang='lat' dir='ltr'><strong>moto</strong></span> <span class='ocrx_word' id='word_1_189' title='bbox 1454 3652 1621 3724; x_wconf 75' lang='lat' dir='ltr'><strong>superno,</strong></span> <span class='ocrx_word' id='word_1_190' title='bbox 1639 3629 1738 3704; x_wconf 89' lang='lat' dir='ltr'><strong>unde</strong></span> <span class='ocrx_word' id='word_1_191' title='bbox 1756 3630 1889 3704; x_wconf 91' lang='lat' dir='ltr'><strong>dicitur</strong></span> 
     </span>
     <span class='ocr_line' id='line_1_24' title="bbox 717 3750 1889 3848; baseline -0.004 -20"><span class='ocrx_word' id='word_1_192' title='bbox 717 3754 828 3829; x_wconf 89' lang='lat' dir='ltr'><strong>etiam</strong></span> <span class='ocrx_word' id='word_1_193' title='bbox 854 3754 1016 3828; x_wconf 90' lang='lat' dir='ltr'><strong>circulus</strong></span> <span class='ocrx_word' id='word_1_194' title='bbox 1041 3752 1148 3848; x_wconf 89' lang='lat' dir='ltr'><strong>primi</strong></span> <span class='ocrx_word' id='word_1_195' title='bbox 1174 3760 1310 3846; x_wconf 89' lang='lat' dir='ltr'><strong>motus,</strong></span> <span class='ocrx_word' id='word_1_196' title='bbox 1336 3755 1395 3825; x_wconf 82' lang='lat' dir='ltr'><strong>cte</strong></span> <span class='ocrx_word' id='word_1_197' title='bbox 1426 3754 1619 3825; x_wconf 81' lang='lat' dir='ltr'><strong>siciiamo</strong></span> <span class='ocrx_word' id='word_1_198' title='bbox 1639 3758 1799 3843; x_wconf 80' lang='lat' dir='ltr'><strong>aquator,</strong></span> <span class='ocrx_word' id='word_1_199' title='bbox 1819 3750 1889 3825; x_wconf 91' lang='lat' dir='ltr'><strong>diei</strong></span> 
     </span>
     <span class='ocr_line' id='line_1_25' title="bbox 718 3871 1890 3968; baseline -0.004 -19"><span class='ocrx_word' id='word_1_200' title='bbox 718 3882 757 3949; x_wconf 90' lang='lat' dir='ltr'><strong>et</strong></span> <span class='ocrx_word' id='word_1_201' title='bbox 781 3874 916 3949; x_wconf 89' lang='lat' dir='ltr'><strong>noctis:</strong></span> <span class='ocrx_word' id='word_1_202' title='bbox 942 3874 1198 3948; x_wconf 89' lang='lat' dir='ltr'><strong>diciturenim</strong></span> <span class='ocrx_word' id='word_1_203' title='bbox 1223 3874 1287 3966; x_wconf 88' lang='lat' dir='ltr'><strong>sic,</strong></span> <span class='ocrx_word' id='word_1_204' title='bbox 1307 3873 1394 3966; x_wconf 92' lang='lat' dir='ltr'><strong>quia</strong></span> <span class='ocrx_word' id='word_1_205' title='bbox 1419 3871 1567 3968; x_wconf 89' lang='lat' dir='ltr'><strong>quando</strong></span> <span class='ocrx_word' id='word_1_206' title='bbox 1592 3872 1646 3945; x_wconf 94' lang='lat' dir='ltr'><strong>sol</strong></span> <span class='ocrx_word' id='word_1_207' title='bbox 1671 3872 1800 3945; x_wconf 89' lang='lat' dir='ltr'><strong>transit</strong></span> <span class='ocrx_word' id='word_1_208' title='bbox 1824 3892 1890 3967; x_wconf 88' lang='lat' dir='ltr'><strong>per</strong></span> 
     </span>
     <span class='ocr_line' id='line_1_26' title="bbox 719 3991 1890 4089; baseline -0.003 -21"><span class='ocrx_word' id='word_1_209' title='bbox 719 3996 834 4089; x_wconf 91' lang='lat' dir='ltr'><strong>illum,</strong></span> <span class='ocrx_word' id='word_1_210' title='bbox 860 3994 959 4088; x_wconf 91' lang='lat' dir='ltr'><strong>quod</strong></span> <span class='ocrx_word' id='word_1_211' title='bbox 984 3994 1113 4069; x_wconf 87' lang='lat' dir='ltr'><strong>accidit</strong></span> <span class='ocrx_word' id='word_1_212' title='bbox 1130 3994 1185 4068; x_wconf 91' lang='lat' dir='ltr'><strong>bis</strong></span> <span class='ocrx_word' id='word_1_213' title='bbox 1202 3994 1239 4067; x_wconf 94' lang='lat' dir='ltr'><strong>in</strong></span> <span class='ocrx_word' id='word_1_214' title='bbox 1256 4015 1366 4087; x_wconf 91' lang='lat' dir='ltr'><strong>auno,</strong></span> <span class='ocrx_word' id='word_1_215' title='bbox 1387 3994 1525 4068; x_wconf 86' lang='lat' dir='ltr'><strong>scilicet</strong></span> <span class='ocrx_word' id='word_1_216' title='bbox 1541 3991 1577 4066; x_wconf 92' lang='lat' dir='ltr'><strong>in</strong></span> <span class='ocrx_word' id='word_1_217' title='bbox 1595 3991 1771 4088; x_wconf 90' lang='lat' dir='ltr'><strong>principio</strong></span> <span class='ocrx_word' id='word_1_218' title='bbox 1788 3992 1890 4065; x_wconf 81' lang='lat' dir='ltr'><strong>librae</strong></span> 
     </span>
     <span class='ocr_line' id='line_1_27' title="bbox 719 4112 1892 4210; baseline -0.003 -20"><span class='ocrx_word' id='word_1_219' title='bbox 719 4122 758 4190; x_wconf 89' lang='lat' dir='ltr'><strong>et</strong></span> <span class='ocrx_word' id='word_1_220' title='bbox 780 4116 917 4209; x_wconf 85' lang='lat' dir='ltr'><strong>arietis,</strong></span> <span class='ocrx_word' id='word_1_221' title='bbox 947 4121 1003 4190; x_wconf 91' lang='lat' dir='ltr'><strong>est</strong></span> <span class='ocrx_word' id='word_1_222' title='bbox 1032 4114 1293 4210; x_wconf 66' lang='lat' dir='ltr'><strong>aequinoctium</strong></span> <span class='ocrx_word' id='word_1_223' title='bbox 1325 4115 1363 4187; x_wconf 95' lang='lat' dir='ltr'><strong>in</strong></span> <span class='ocrx_word' id='word_1_224' title='bbox 1396 4116 1570 4189; x_wconf 89' lang='lat' dir='ltr'><strong>universa</strong></span> <span class='ocrx_word' id='word_1_225' title='bbox 1603 4120 1719 4189; x_wconf 86' lang='lat' dir='ltr'><strong>terra:</strong></span> <span class='ocrx_word' id='word_1_226' title='bbox 1746 4120 1783 4188; x_wconf 82' lang='lat' dir='ltr'><strong>et</strong></span> <span class='ocrx_word' id='word_1_227' title='bbox 1806 4112 1892 4187; x_wconf 89' lang='lat' dir='ltr'><strong>dicit</strong></span> 
     </span>
     <span class='ocr_line' id='line_1_28' title="bbox 722 4234 1891 4332; baseline -0.002 -23"><span class='ocrx_word' id='word_1_228' title='bbox 722 4234 876 4330; x_wconf 90' lang='lat' dir='ltr'><strong>medius,</strong></span> <span class='ocrx_word' id='word_1_229' title='bbox 893 4236 979 4329; x_wconf 93' lang='lat' dir='ltr'><strong>quia</strong></span> <span class='ocrx_word' id='word_1_230' title='bbox 1005 4235 1057 4310; x_wconf 90' lang='lat' dir='ltr'><strong>sic</strong></span> <span class='ocrx_word' id='word_1_231' title='bbox 1081 4242 1137 4309; x_wconf 88' lang='lat' dir='ltr'><strong>est</strong></span> <span class='ocrx_word' id='word_1_232' title='bbox 1162 4236 1199 4309; x_wconf 94' lang='lat' dir='ltr'><strong>in</strong></span> <span class='ocrx_word' id='word_1_233' title='bbox 1224 4255 1342 4332; x_wconf 90' lang='lat' dir='ltr'><strong>spera,</strong></span> <span class='ocrx_word' id='word_1_234' title='bbox 1367 4239 1405 4308; x_wconf 85' lang='lat' dir='ltr'><strong>tn</strong></span> <span class='ocrx_word' id='word_1_235' title='bbox 1430 4239 1557 4309; x_wconf 84' lang='lat' dir='ltr'><strong>alcuna</strong></span> <span class='ocrx_word' id='word_1_236' title='bbox 1581 4242 1669 4328; x_wconf 77' lang='lat' dir='ltr'><strong>orte,</strong></span> <span class='ocrx_word' id='word_1_237' title='bbox 1686 4234 1833 4327; x_wconf 87' lang='lat' dir='ltr'><strong>scilicet,</strong></span> <span class='ocrx_word' id='word_1_238' title='bbox 1855 4234 1891 4307; x_wconf 89' lang='lat' dir='ltr'><strong>in</strong></span> 
     </span>
     <span class='ocr_line' id='line_1_29' title="bbox 720 4355 1894 4453; baseline -0.002 -23"><span class='ocrx_word' id='word_1_239' title='bbox 720 4355 937 4453; x_wconf 81' lang='lat' dir='ltr'><strong>astrologia3</strong></span> <span class='ocrx_word' id='word_1_240' title='bbox 963 4364 1002 4431; x_wconf 88' lang='lat' dir='ltr'><strong>et</strong></span> <span class='ocrx_word' id='word_1_241' title='bbox 1025 4357 1134 4431; x_wconf 86' lang='lat' dir='ltr'><strong>dicit:</strong></span> <span class='ocrx_word' id='word_1_242' title='bbox 1160 4378 1179 4429; x_wconf 84' lang='lat' dir='ltr'><strong>e</strong></span> <span class='ocrx_word' id='word_1_243' title='bbox 1202 4359 1263 4429; x_wconf 82' lang='lat' dir='ltr'><strong>cde</strong></span> <span class='ocrx_word' id='word_1_244' title='bbox 1286 4378 1424 4449; x_wconf 82' lang='lat' dir='ltr'><strong>semprc</strong></span> <span class='ocrx_word' id='word_1_245' title='bbox 1447 4360 1567 4430; x_wconf 66' lang='lat' dir='ltr'><strong>maun</strong></span> <span class='ocrx_word' id='word_1_246' title='bbox 1596 4364 1655 4429; x_wconf 87' lang='lat' dir='ltr'><strong>tra</strong></span> <span class='ocrx_word' id='word_1_247' title='bbox 1675 4358 1700 4433; x_wconf 69' lang='lat' dir='ltr'><strong>ft</strong></span> <span class='ocrx_word' id='word_1_248' title='bbox 1730 4358 1801 4428; x_wconf 81' lang='lat' dir='ltr'><strong>sole</strong></span> <span class='ocrx_word' id='word_1_249' title='bbox 1834 4358 1894 4428; x_wconf 82' lang='lat' dir='ltr'><strong>c’l</strong></span> 
     </span>
     <span class='ocr_line' id='line_1_30' title="bbox 721 4476 1895 4572; baseline 0 -23"><span class='ocrx_word' id='word_1_250' title='bbox 721 4497 841 4549; x_wconf 74' lang='lat' dir='ltr'><strong>oemio.</strong></span> <span class='ocrx_word' id='word_1_251' title='bbox 867 4478 944 4551; x_wconf 91' lang='lat' dir='ltr'><strong>lloc</strong></span> <span class='ocrx_word' id='word_1_252' title='bbox 967 4498 1035 4571; x_wconf 94' lang='lat' dir='ltr'><strong>pro</strong></span> <span class='ocrx_word' id='word_1_253' title='bbox 1066 4483 1167 4551; x_wconf 89' lang='lat' dir='ltr'><strong>tanto</strong></span> <span class='ocrx_word' id='word_1_254' title='bbox 1197 4476 1293 4570; x_wconf 88' lang='lat' dir='ltr'><strong>dicit,</strong></span> <span class='ocrx_word' id='word_1_255' title='bbox 1320 4478 1408 4570; x_wconf 91' lang='lat' dir='ltr'><strong>quia</strong></span> <span class='ocrx_word' id='word_1_256' title='bbox 1438 4476 1585 4570; x_wconf 90' lang='lat' dir='ltr'><strong>quando</strong></span> <span class='ocrx_word' id='word_1_257' title='bbox 1615 4477 1669 4551; x_wconf 94' lang='lat' dir='ltr'><strong>sol</strong></span> <span class='ocrx_word' id='word_1_258' title='bbox 1700 4476 1798 4550; x_wconf 88' lang='lat' dir='ltr'><strong>vadit</strong></span> <span class='ocrx_word' id='word_1_259' title='bbox 1827 4498 1895 4572; x_wconf 89' lang='lat' dir='ltr'><strong>por</strong></span> 
     </span>
     <span class='ocr_line' id='line_1_31' title="bbox 721 4596 1893 4693; baseline 0 -22"><span class='ocrx_word' id='word_1_260' title='bbox 721 4598 827 4693; x_wconf 78' lang='lat' dir='ltr'><strong>signa</strong></span> <span class='ocrx_word' id='word_1_261' title='bbox 860 4596 1166 4691; x_wconf 86' lang='lat' dir='ltr'><strong>septentrionalia,</strong></span> <span class='ocrx_word' id='word_1_262' title='bbox 1192 4603 1282 4671; x_wconf 89' lang='lat' dir='ltr'><strong>tunc</strong></span> <span class='ocrx_word' id='word_1_263' title='bbox 1310 4597 1395 4671; x_wconf 88' lang='lat' dir='ltr'><strong>lacit</strong></span> <span class='ocrx_word' id='word_1_264' title='bbox 1427 4596 1530 4671; x_wconf 90' lang='lat' dir='ltr'><strong>nobis</strong></span> <span class='ocrx_word' id='word_1_265' title='bbox 1560 4603 1724 4671; x_wconf 74' lang='lat' dir='ltr'><strong>estatem</strong></span> <span class='ocrx_word' id='word_1_266' title='bbox 1752 4605 1790 4672; x_wconf 89' lang='lat' dir='ltr'><strong>et</strong></span> <span class='ocrx_word' id='word_1_267' title='bbox 1814 4597 1893 4673; x_wconf 82' lang='lat' dir='ltr'><strong>aliis</strong></span> 
     </span>
     <span class='ocr_line' id='line_1_32' title="bbox 723 4718 1894 4815; baseline 0.002 -24"><span class='ocrx_word' id='word_1_268' title='bbox 723 4718 909 4813; x_wconf 81' lang='lat' dir='ltr'><strong>hyemem,</strong></span> <span class='ocrx_word' id='word_1_269' title='bbox 926 4739 946 4791; x_wconf 91' lang='lat' dir='ltr'><strong>a</strong></span> <span class='ocrx_word' id='word_1_270' title='bbox 966 4718 1100 4810; x_wconf 87' lang='lat' dir='ltr'><strong>quibus</strong></span> <span class='ocrx_word' id='word_1_271' title='bbox 1124 4724 1180 4793; x_wconf 88' lang='lat' dir='ltr'><strong>est</strong></span> <span class='ocrx_word' id='word_1_272' title='bbox 1205 4719 1414 4815; x_wconf 83' lang='lat' dir='ltr'><strong>elongatus3</strong></span> <span class='ocrx_word' id='word_1_273' title='bbox 1439 4726 1477 4793; x_wconf 89' lang='lat' dir='ltr'><strong>et</strong></span> <span class='ocrx_word' id='word_1_274' title='bbox 1493 4739 1520 4809; x_wconf 90' lang='lat' dir='ltr'><strong>e</strong></span> <span class='ocrx_word' id='word_1_275' title='bbox 1544 4740 1724 4793; x_wconf 88' lang='lat' dir='ltr'><strong>converso</strong></span> <span class='ocrx_word' id='word_1_276' title='bbox 1746 4718 1894 4813; x_wconf 89' lang='lat' dir='ltr'><strong>quando</strong></span> 
     </span>
     <span class='ocr_line' id='line_1_33' title="bbox 723 4838 1895 4937; baseline 0.003 -27"><span class='ocrx_word' id='word_1_277' title='bbox 723 4838 822 4912; x_wconf 87' lang='lat' dir='ltr'><strong>vadit</strong></span> <span class='ocrx_word' id='word_1_278' title='bbox 838 4858 904 4932; x_wconf 90' lang='lat' dir='ltr'><strong>per</strong></span> <span class='ocrx_word' id='word_1_279' title='bbox 930 4838 1033 4935; x_wconf 82' lang='lat' dir='ltr'><strong>signa</strong></span> <span class='ocrx_word' id='word_1_280' title='bbox 1057 4838 1318 4931; x_wconf 86' lang='lat' dir='ltr'><strong>meridionalia,</strong></span> <span class='ocrx_word' id='word_1_281' title='bbox 1337 4840 1422 4914; x_wconf 88' lang='lat' dir='ltr'><strong>lacit</strong></span> <span class='ocrx_word' id='word_1_282' title='bbox 1444 4839 1547 4913; x_wconf 89' lang='lat' dir='ltr'><strong>nobis</strong></span> <span class='ocrx_word' id='word_1_283' title='bbox 1569 4841 1755 4937; x_wconf 84' lang='lat' dir='ltr'><strong>hyemem,</strong></span> <span class='ocrx_word' id='word_1_284' title='bbox 1772 4849 1809 4917; x_wconf 89' lang='lat' dir='ltr'><strong>et</strong></span> <span class='ocrx_word' id='word_1_285' title='bbox 1826 4838 1895 4913; x_wconf 85' lang='lat' dir='ltr'><strong>illis</strong></span> 
     </span>
    </p>
   </div>
   <div class='ocr_carea' id='block_1_3' title="bbox 788 5087 1163 5155">
    <p class='ocr_par' dir='ltr' id='par_1_3' title="bbox 788 5087 1163 5155">
     <span class='ocr_line' id='line_1_34' title="bbox 788 5087 1163 5155; baseline 0.011 -17"><span class='ocrx_word' id='word_1_286' title='bbox 788 5087 816 5149; x_wconf 72' lang='lat' dir='ltr'><strong>er</strong></span> <span class='ocrx_word' id='word_1_287' title='bbox 831 5088 864 5139; x_wconf 78' lang='lat' dir='ltr'><strong>u</strong></span> <span class='ocrx_word' id='word_1_288' title='bbox 878 5088 979 5140; x_wconf 67' lang='lat' dir='ltr'><strong>niueo</strong></span> <span class='ocrx_word' id='word_1_289' title='bbox 994 5089 1034 5140; x_wconf 81' lang='lat' dir='ltr'><strong>rur</strong></span> <span class='ocrx_word' id='word_1_290' title='bbox 1045 5090 1163 5155; x_wconf 69' lang='lat' dir='ltr'><strong>varmo.</strong></span> 
     </span>
    </p>
   </div>
   <div class='ocr_carea' id='block_1_4' title="bbox 0 0 2310 6836">
    <p class='ocr_par' dir='ltr' id='par_1_4' title="bbox 0 0 2310 6836">
     <span class='ocr_line' id='line_1_35' title="bbox 0 0 2310 6836; baseline 0 0"><span class='ocrx_word' id='word_1_291' title='bbox 0 0 2310 6836; x_wconf 95' lang='lat' dir='ltr'><strong> </strong></span> 
     </span>
    </p>
   </div>
  </div>
 </body>
</html>
