4542 6842
724 989 795 1060 362
964 1023 968 1030 ·
1084 1002 1288 1058 munurrnr
1314 1001 1534 1059 runcanonn

721 1149 896 1243 ferreum,
923 1156 964 1222 ut
990 1147 1121 1222 indicet
1146 1147 1279 1223 lortem
1300 1148 1524 1240 clausuram,
1543 1154 1584 1221 ut
1601 1147 1829 1242 nonpossint
1846 1145 1894 1220 de

723 1269 816 1344 sacili
843 1269 988 1364 aperire
1007 1269 1134 1343 oculos
1151 1265 1198 1342 ad
1215 1268 1337 1343 invide
1354 1266 1633 1364 respiciendum.
1652 1268 1696 1340 lit
1712 1267 1895 1362 specificat

722 1391 830 1464 istam
857 1396 1026 1462 suturam
1052 1389 1247 1463 oculorum
1274 1409 1340 1484 per
1371 1387 1685 1482 comparationem
1719 1389 1765 1462 ad
1797 1387 1897 1462 illam

724 1531 808 1606 qum
833 1509 873 1584 lit
897 1509 1012 1584 oculis
1035 1509 1271 1605 accipitrum,
1294 1509 1391 1584 unde
1407 1508 1513 1583 dicit:
1531 1531 1550 1580 c
1570 1501 1654 1600 cori,
1671 1505 1774 1602 idest,
1793 1507 1896 1581 iilum

678 1627 687 1644 '
724 1630 902 1725 ferreum,
933 1629 983 1704 ita
1010 1633 1110 1725 foro,
1135 1629 1247 1705 debes
1275 1630 1458 1725 supplere,
1483 1650 1505 1704 a
1539 1626 1658 1722 simili,
1683 1649 1779 1700 come
1802 1631 1834 1701 si
1854 1631 1897 1721 so

724 1753 924 1844 crpcrcier
940 1753 1131 1842 seiooppio,
1145 1757 1182 1825 et
1199 1770 1286 1825 ecce
1303 1769 1440 1844 quare:
1453 1743 1626 1841 peroccti
1638 1751 1733 1821 cteta
1749 1769 1821 1821 non
1838 1751 1895 1820 rii-

724 1891 838 1944 morc.
865 1871 910 1944 Et
935 1869 992 1944 hic
1018 1875 1102 1944 nota
1129 1877 1311 1964 quantum
1337 1869 1404 1944 ista
1435 1868 1662 1964 comparatio
1691 1867 1737 1942 sit
1768 1866 1897 1940 nobilis

724 1999 761 2066 et
786 1991 943 2088 propria.
970 1991 1072 2065 Sicut
1097 1989 1195 2066 enim
1222 1991 1395 2085 accipiter
1419 1990 1540 2065 audax
1567 2010 1613 2064 ex
1644 1989 1728 2063 odio
1758 1988 1898 2083 impetit

723 2116 760 2185 et
785 2112 923 2185 lacerat
946 2130 1033 2184 aves
1058 2109 1224 2206 pingues,
1247 2110 1341 2183 sicut
1367 2110 1519 2203 qualeas
1543 2116 1582 2184 et
1606 2107 1755 2201 similes,
1773 2107 1823 2180 ita
1839 2106 1896 2180 in·

722 2228 828 2304 vidus
862 2229 1082 2305 temerarius
1112 2251 1158 2304 er
1186 2229 1442 2305 malevolentia
1470 2228 1608 2304 invadit
1637 2249 1811 2324 personas
1843 2228 1899 2302 di·

723 2347 815 2422 vites
840 2353 878 2422 et
903 2349 1072 2444 pingues3
1100 2356 1138 2422 et
1165 2347 1195 2422 si
1222 2369 1295 2422 non
1321 2355 1440 2443 potest
1465 2368 1632 2441 manum,
1657 2347 1811 2442 imponit
1836 2367 1898 2420 ro·

723 2474 842 2542 strum
878 2487 990 2562 super
1025 2487 1101 2560 eor,
1132 2467 1269 2543 scilicet
1303 2467 1478 2564 linguam,
1514 2475 1551 2542 et
1585 2468 1725 2542 lacerat
1761 2468 1896 2542 lamam

724 2607 855 2663 eorum
883 2587 912 2662 si
938 2609 1012 2662 non
1037 2596 1157 2683 potest
1179 2586 1431 2662 substantiam.
1463 2589 1507 2662 Et
1524 2587 1618 2662 sicut
1634 2588 1807 2683 accipiter
1823 2589 1898 2684 syl-

725 2707 855 2782 vestris
881 2729 1072 2802 nunquam
1100 2708 1266 2803 quiescit,
1286 2708 1333 2784 de
1357 2729 1433 2803 quo
1458 2708 1543 2783 dicit
1559 2708 1727 2783 Ovidius:
1753 2711 1897 2782 Odimus
1948 2769 1951 2772 .

724 2831 1045 2921 accipitremque
1068 2849 1204 2921 semper
1229 2831 1313 2901 aicit
1335 2831 1373 2901 ia
1396 2831 1539 2921 armis,
1569 2828 1618 2902 ita
1651 2828 1795 2901 invidus
1820 2849 1893 2902 non

723 2954 918 3022 contentus
943 2955 1042 3024 sorte
1068 2969 1135 3024 sua
1162 2968 1308 3043 semper
1333 2949 1443 3023 habet
1474 2947 1641 3022 animum
1672 2947 1897 3042 inquietum,

725 3067 806 3142 idco
837 3069 975 3165 optime
1012 3069 1129 3164 inquit
1166 3069 1357 3142 Horatius:
1384 3071 1528 3142 incidas
1552 3071 1694 3142 cimas
1718 3071 1901 3142 macrescit

632 3263 634 3268 .
724 3189 827 3262 rebus
851 3193 976 3282 opimis
985 3215 1001 3284 ;
1027 3197 1064 3264 et
1088 3189 1192 3264 dicit:
1211 3192 1351 3262 Invidia
1369 3192 1468 3263 cccci
1483 3211 1556 3263 ana
1574 3193 1737 3263 invenere
1755 3193 1901 3281 tyranni

724 3311 837 3382 mccc
861 3315 1067 3382 tormcrrtam
1079 3335 1094 3402 ,·
1120 3309 1225 3403 quasi
1258 3308 1366 3403 dicat,
1393 3309 1493 3403 quod
1519 3309 1664 3405 tyranni
1695 3308 1742 3382 de
1766 3307 1897 3400 Sicilia,

724 3427 817 3502 sicut
842 3427 1006 3502 Phalaris
1023 3435 1061 3502 et
1080 3429 1286 3525 Dionysius,
1313 3429 1377 3524 qui
1401 3429 1670 3504 adinvenerunt
1679 3422 1718 3521 (¹)
1744 3429 1845 3502 varia
1861 3436 1900 3504 et

725 3569 820 3624 nora
845 3570 982 3646 genera
1004 3555 1289 3645 tormentorum,
1310 3570 1382 3624 non
1404 3549 1626 3624 invenerunt
1642 3549 1779 3643 aliquid
1797 3549 1900 3644 peius

724 3671 868 3745 invidia.
895 3673 938 3744 lit
964 3670 1058 3744 sicut
1083 3670 1180 3744 oculi
1206 3678 1368 3744 suuntur
1391 3671 1554 3765 accipitri
1571 3671 1737 3766 sylvestri
1766 3679 1807 3743 ut
1830 3669 1897 3744 do-

725 3790 951 3882 mesticatur,
976 3790 1026 3863 ita
1052 3789 1110 3864 hic
1135 3790 1258 3864 invido
1282 3791 1442 3887 maligno
1469 3798 1511 3864 ut
1536 3796 1780 3865 mansuescat.
1807 3791 1899 3862 Nota

725 3910 849 4002 etiam,
876 3909 975 4004 quod
1000 3911 1079 3982 haec
1105 3917 1161 3985 est
1189 3911 1390 4005 justissima
1419 3932 1528 4006 poena
1559 3911 1780 4002 invidorum,
1806 3929 1900 4004 quo-

726 4027 824 4104 niam
843 4027 975 4102 invidia
997 4029 1160 4103 maxime
1179 4037 1394 4104 causatura
1413 4031 1513 4104 visu:
1533 4030 1616 4106 ideo
1636 4031 1732 4106 bene
1756 4029 1900 4103 dicebat

726 4149 906 4243 Socrates,
924 4149 1021 4243 quod
1048 4149 1191 4224 invidus
1215 4150 1253 4222 in
1278 4151 1442 4245 qualibet
1464 4152 1613 4226 civitate
1630 4151 1738 4226 vellet
1763 4149 1900 4224 habere

726 4271 853 4346 oculos
874 4276 911 4343 et
930 4289 1042 4344 aures
1059 4276 1100 4344 ut
1117 4270 1270 4345 haberet
1294 4275 1348 4344 tot
1373 4277 1568 4365 tormenta,
1594 4277 1685 4366 quot
1706 4270 1846 4344 videret
1862 4275 1901 4342 et

726 4390 870 4466 audiret
896 4411 1067 4486 prospera
1094 4391 1307 4485 hominum,
1325 4391 1413 4484 quia
1438 4391 1582 4466 invidus
1608 4397 1662 4466 tot
1687 4391 1797 4465 babet
1822 4396 1901 4464 tor-

725 4517 835 4604 tores,
862 4519 953 4605 quot
977 4511 1176 4586 invidiosus
1201 4512 1373 4586 habuerit
1398 4510 1624 4586 laudatores.'
1645 4513 1743 4608 Ergo
1770 4511 1900 4586 voleus

726 4632 821 4706 bene
842 4629 991 4728 purgari
1008 4631 1077 4706 isto
1095 4631 1193 4725 vitio,
1207 4631 1316 4706 debet
1331 4631 1484 4705 omnino
1500 4631 1675 4706 claudere
1691 4631 1758 4704 sibi
1772 4631 1901 4704 oculos

727 4769 775 4826 ue
792 4750 960 4846 respiciat
972 4771 1153 4846 prospera
1171 4752 1363 4826 hominum
1380 4751 1427 4826 ad
1445 4751 1629 4844 invidiam,
1639 4752 1747 4846 juxta
1761 4769 1902 4844 praeco-

730 4877 832 4967 ptum
846 4870 989 4967 Domini
1003 4871 1040 4944 in
1052 4872 1268 4967 Evangelio:
1282 4875 1321 4944 Si
1331 4875 1451 4944 ocutus
1464 4880 1540 4945 mus
1552 4873 1770 4945 sccadcimt
1783 4877 1816 4943 tc
1831 4875 1899 4944 etc.

795 5127 822 5192 (¹)
839 5133 893 5190 ¹1⁷,
910 5129 1102 5184 adinvenerant.
