4542 6842
709 974 846 1030 usurus
871 974 1030 1031 nucruus
1055 974 1184 1031 nouus.
1460 964 1531 1031 517

359 1120 511 1215 bricam,
537 1126 574 1195 et
599 1120 831 1217 impudicam.
858 1120 902 1195 ut
928 1119 1021 1215 vide,
1048 1120 1148 1216 qnod
1179 1120 1247 1197 ists
1275 1120 1447 1198 sacerdos
1477 1120 1533 1194 in·

360 1240 486 1337 quitur
511 1243 663 1317 honeste
679 1248 716 1317 nt
733 1247 858 1316 caune:
877 1240 962 1316 dicu
979 1241 1077 1317 enim
1096 1242 1196 1337 quod
1216 1242 1333 1339 neptis
1350 1249 1405 1317 est
1422 1242 1531 1335 bonu,

360 1360 427 1435 nisi
451 1361 615 1437 imitetur
642 1361 852 1457 exemplum
879 1360 1035 1436 aliarum
1062 1361 1245 1438 dedomo
1269 1384 1348 1438 sua.
1369 1363 1441 1437 Per
1462 1363 1532 1437 hnc

360 1481 457 1556 enim
484 1481 546 1557 dat
562 1481 711 1579 intelligi
729 1487 849 1576 enum,
867 1481 966 1577 quud
989 1482 1164 1559 mulinrns
1181 1483 1330 1559 illorum
1349 1484 1397 1559 de
1416 1482 1533 1557 Flisnn

361 1603 513 1679 inerunt
539 1602 679 1679 nobiles
704 1602 937 1697 meretricem
964 1603 1095 1699 qualis,
1119 1604 1150 1678 si
1180 1604 1277 1680 inma
1303 1624 1377 1680 non
1401 1602 1534 1678 meuti-

362 1729 435 1818 tur,
453 1722 522 1797 fuit
540 1744 635 1797 uxor
655 1722 752 1798 Petri
770 1722 817 1797 de
834 1723 959 1797 Russis
976 1722 1023 1799 de
1039 1724 1186 1818 Parma,
1202 1723 1442 1799 strenuissimi
1464 1722 1534 1797 mi·

361 1844 441 1918 litis.
459 1843 552 1932 Quid
576 1842 695 1917 dicum
713 1841 759 1917 de
775 1842 927 1917 lsabella
945 1862 1066 1918 uxore
1081 1843 1218 1919 domini
1234 1843 1387 1919 Luchini
1404 1850 1533 1939 puten-

360 1962 487 2039 tissimi
513 1969 551 2036 nt
569 1960 760 2056 iustissimi
785 1962 929 2058 tyranni
955 1962 993 2037 in
1017 1963 1262 2039 anbnrdini
1282 1965 1326 2037 ut
1351 1962 1535 2038 nnnciudii

361 2084 560 2161 Adrianus:
578 2103 608 2154 e·
620 2088 740 2174 questa
759 2086 839 2156 solu
854 2076 926 2157 m’e‘
947 2086 986 2157 di
1010 2075 1214 2179 idrimnsn,
1234 2085 1363 2179 inqua
1383 2078 1535 2180 spernis

361 2204 517 2301 pnssim3
535 2201 622 2297 quia
633 2201 691 2303 illi
716 2201 763 2277 de
786 2203 897 2277 domn
915 2224 999 2279 msa
1015 2212 1101 2279 snm
1117 2204 1227 2280 dediti
1247 2205 1422 2298 ararium,
1441 2204 1535 2279 sicut
1553 2220 1562 2241 ·

362 2345 432 2423 ego
461 2323 524 2417 ini,
552 2328 631 2397 tum
659 2322 750 2418 ‘quin
778 2324 978 2420 jnnuensis,
1006 2330 1085 2399 tum
1116 2325 1203 2420 quia
1237 2326 1418 2401 sacerdus.
1450 2326 1535 2401 ideo

363 2465 454 2544 rogo
480 2451 527 2540 ie,
554 2445 814 2521 recommends
840 2466 902 2521 me
926 2446 993 2520 sibi
1018 2453 1055 2521 et
1081 2446 1185 2521 bunis
1210 2447 1382 2543 operibus
1408 2448 1493 2523 suis.
