4542 6842
722 1005 860 1061 claros
885 1005 1044 1062 oecracs
1069 1006 1214 1061 saxros.
1480 993 1570 1086 lle,

380 1157 506 1246 postea
531 1149 568 1223 in
595 1150 814 1245 quibusdam
842 1151 1044 1226 Othonibos
1069 1152 1267 1249 germanis,
1295 1157 1332 1226 et
1356 1152 1458 1248 papis
1490 1171 1554 1226 ro-

379 1270 514 1346 manis·
533 1269 618 1346 ldeo
644 1271 739 1346 bene
769 1271 992 1346 lastinianus
1024 1272 1224 1368 imperator
1253 1272 1321 1347 ait:
1350 1273 1481 1367 llagna
1516 1273 1554 1346 in

379 1389 588 1464 hominibus
614 1397 699 1465 sont
723 1390 818 1465 dona
844 1391 957 1467 lleia
988 1412 1147 1488 superna
1180 1392 1311 1468 collata
1344 1391 1551 1486 clementia,

379 1509 624 1584 sacerdotium
642 1516 679 1585 et
696 1509 904 1606 imperium.
919 1512 1010 1586 lllud
1023 1511 1173 1606 quidem
1187 1513 1317 1587 divinis
1330 1513 1551 1607 ministrans,

381 1631 451 1704 hoc
476 1636 602 1705 antem
630 1632 801 1706 hamanis
826 1632 1034 1728 praesidens,
1056 1653 1101 1707 ex
1129 1653 1205 1706 uno
1226 1633 1432 1727 eodemque
1451 1635 1552 1729 prin-

379 1751 473 1847 cipio
500 1759 658 1846 utraque
684 1753 880 1828 manantia.
907 1753 951 1827 Et
982 1753 1114 1846 subdit,
1141 1754 1240 1848 quod
1273 1774 1372 1828 nunc
1403 1762 1550 1830 contra·

381 1872 477 1946 nom
512 1873 641 1948 accidit
675 1873 871 1969 cupiditate
903 1881 940 1949 et
974 1874 1174 1948 ambitione
1208 1875 1372 1970 pastoris,
1406 1875 1549 1949 dicensi

379 1995 401 2065 t
413 2013 463 2065 an
492 1995 621 2067 tattro
654 1996 699 2066 lto
735 2001 866 2087 meam,
898 1995 1043 2089 scilicet,
1077 2015 1171 2090 papa
1208 1996 1482 2090 imperatorem,
1513 2001 1551 2070 et

378 2113 577 2208 imperator
602 2135 746 2210 papam,
765 2115 857 2189 sicut
875 2115 991 2210 patuit
1017 2115 1053 2188 in
1078 2115 1263 2189 Friderico
1281 2117 1310 2188 ll
1336 2116 1400 2208 qni
1426 2115 1549 2190 omnia

378 2233 578 2329 spiritualia
605 2235 792 2330 tyrannice
818 2235 1021 2332 usurpavit,
1047 2241 1084 2310 et
1109 2235 1287 2333 Gregorio
1312 2235 1362 2310 lx
1392 2237 1456 2329 qni
1488 2255 1552 2310 oc·

378 2353 525 2449 cupavit
551 2373 708 2450 regnum
736 2353 908 2430 Friderici
935 2376 980 2430 eo
993 2350 1032 2448 (¹)
1058 2357 1219 2450 absente,
1238 2362 1280 2428 ut
1305 2355 1426 2432 statim
1453 2355 1551 2429 dice·

378 2479 449 2547 tor.
485 2474 608 2549 Potest
637 2481 761 2548 tamen
795 2475 942 2572 intelligi
974 2477 1158 2571 praecipue
1189 2477 1235 2551 de
1261 2476 1456 2569 Bonilacio,
1484 2475 1546 2570 qui

377 2593 488 2670 cinxit
513 2593 579 2668 sibi
604 2613 743 2690 ensem,
771 2603 812 2668 ut
837 2597 953 2691 patuit
981 2617 1091 2692 supra
1117 2597 1277 2692 capitulo
1303 2597 1357 2669 Vl.
1384 2597 1470 2672 ldeo
1494 2595 1550 2669 di·

378 2715 444 2790 cit:
472 2721 504 2788 et
528 2709 549 2788 d
569 2719 691 2806 planta
716 2719 752 2789 la
776 2719 905 2810 spada
931 2716 1032 2810 idest,
1059 2722 1218 2812 potestas
1247 2717 1469 2812 temporetis,
1494 2717 1552 2789 col

374 2838 569 2927 perarate,
595 2835 697 2930 idest,
722 2855 809 2910 cum
836 2842 1014 2932 potestate
1040 2835 1228 2931 spirituali,
1255 2857 1339 2930 qnae
1365 2835 1549 2932 liguratur

377 2974 444 3049 per
469 2955 611 3052 virgam
639 2956 870 3051 pastoralem.
897 2957 973 3031 lloc
1000 2957 1096 3030 idem
1115 2955 1202 3030 vidit
1219 2955 1295 3051 ipse
1312 2963 1419 3051 poeta
1438 2957 1548 3051 paulo

377 3079 458 3170 post
492 3075 528 3148 in
558 3076 746 3151 Clemente
772 3077 801 3150 V
832 3082 959 3150 contra
990 3076 1188 3150 Henricum
1214 3075 1273 3169 Vl,
1303 3096 1389 3150 cum
1423 3083 1548 3150 lamen

377 3193 470 3268 duos
493 3195 631 3291 gladios
661 3197 832 3270 sufficere
863 3195 1016 3290 imperio
1047 3195 1244 3270 christiano
1275 3195 1461 3292 Evangelii
1493 3203 1549 3271 te·

377 3319 494 3388 stetur
517 3315 727 3390 auctoritas.
754 3317 839 3390 Ideo
865 3315 968 3390 dicit:
991 3337 1010 3388 e
1034 3319 1057 3388 ἴ
1069 3336 1117 3388 ao
1142 3338 1162 3388 e
1184 3317 1309 3389 tolno
1328 3319 1482 3408 insieme,
1501 3315 1550 3390 si·

379 3437 457 3510 mul
483 3437 646 3532 contusa,
670 3459 736 3530 per
761 3439 842 3510 otoo
864 3441 974 3530 sorra
999 3439 1073 3510 mol
1090 3439 1235 3510 cannaco
1254 3437 1314 3508 cte
1333 3440 1442 3527 coda,
1460 3435 1546 3531 quia

378 3575 452 3630 non
477 3563 595 3651 potest
621 3579 717 3632 unus
743 3567 818 3634 tam
845 3555 988 3632 diversa
1015 3557 1133 3631 officia
1167 3556 1262 3630 bene
1291 3575 1478 3632 exercere.
1505 3557 1549 3631 Et

377 3677 536 3772 assignat
562 3697 725 3772 causam,
760 3657 902 3753 dicens:
926 3670 1014 3770 perd
1043 3679 1103 3750 cie
1132 3680 1256 3769 morat,
1281 3675 1427 3770 scilicet,
1452 3678 1548 3752 ensis

376 3802 414 3870 et
439 3797 630 3892 pastoralis
655 3797 772 3893 virga,
798 3801 820 3871 l’
832 3819 880 3870 on
905 3801 1034 3870 t'altro
1058 3818 1130 3869 noo
1155 3805 1252 3888 ame,
1279 3817 1347 3872 nec
1373 3817 1549 3872 reveren·

378 3923 449 3991 tur.
475 3919 579 4006 Quod
605 3919 736 4014 probat
769 3939 836 4013 per
865 3919 1077 4012 exemplum
1111 3917 1159 3990 de
1191 3918 1372 4012 proximo,
1403 3918 1546 3993 dicens:

376 4057 413 4110 se
437 4057 509 4110 non
534 4041 583 4113 mi
606 4041 715 4130 credi,
742 4037 827 4133 quia
854 4037 979 4112 videar
1010 4036 1074 4111 tibi
1106 4039 1218 4110 homo
1248 4038 1409 4131 curialis,
1434 4057 1550 4112 noro⁴

378 4177 463 4232 rnm
489 4157 605 4252 fictor,
626 4179 701 4252 poa
726 4167 836 4232 nante
859 4179 883 4231 a
908 4163 944 4232 lc
960 4162 1075 4252 spipa,
1101 4157 1205 4252 idest,
1231 4157 1370 4255 respice
1390 4159 1436 4233 ad
1456 4155 1547 4233 elle·

377 4287 491 4372 dnm,
517 4281 665 4372 ct'opai
688 4279 774 4352 erdo
797 4281 829 4352 st
852 4301 996 4352 conosce
1015 4301 1085 4372 per
1106 4283 1141 4352 lo
1160 4299 1261 4352 sone.
1280 4277 1372 4352 Nam
1399 4284 1547 4374 propter

376 4399 593 4475 discordiam
620 4419 704 4495 quae
729 4399 795 4472 luit
821 4399 915 4474 inter
941 4419 1071 4495 papam
1089 4407 1126 4474 ot
1144 4399 1370 4473 Fridericom
1388 4397 1418 4471 ll
1440 4402 1555 4480 lom,

375 4521 512 4615 hordia,
538 4521 604 4595 lios
629 4519 751 4613 ltaliae,
779 4520 846 4593 init
871 4519 975 4614 quasi
1001 4520 1198 4594 destructa.
1528 4522 1532 4530 ’

450 4645 491 4714 ln
515 4645 571 4715 sol
590 4661 707 4733 paese.
725 4639 795 4714 ista
816 4645 871 4714 est
892 4647 1025 4733 quarta
1046 4647 1083 4713 et
1106 4639 1231 4714 ultima
1254 4659 1338 4735 pars
1356 4640 1464 4713 liuius
1482 4659 1548 4714 no-

374 4759 453 4836 bilis
467 4761 676 4858 capitatim
695 4781 767 4855 qna
785 4759 843 4834 hic
862 4759 989 4834 nobilis
1002 4761 1145 4834 Marcus
1158 4761 1204 4834 ad
1218 4760 1438 4835 dilatandam
1452 4761 1546 4834 hanc

376 4883 566 4959 materiam
582 4873 633 4976 (ἢ,
660 4903 726 4977 pro
752 4879 1029 4956 confirmatione
1051 4880 1134 4956 dicti
1154 4881 1211 4955 sui
1229 4881 1399 4957 describit
1426 4886 1549 4955 muta·

438 5130 465 5194 (¹)
483 5133 537 5192 ¹¹⁷,
554 5131 609 5194 ipso
625 5130 736 5182 rorante.
923 5131 951 5194 (⁸)
968 5136 1021 5190 tlt,
1038 5131 1160 5182 sutrtlan
1176 5133 1321 5182 natam
