4542 6842
713 937 782 1003 16⁰
1078 942 1282 997 connnrun
1306 941 1524 998 nunenronn

709 1094 768 1166 nn'
781 1111 913 1182 coqun-
934 1089 1037 1183 idest,
1063 1089 1209 1183 fluvius,
1227 1089 1277 1160 cb'
1291 1090 1338 1160 iro
1362 1106 1465 1159 nornc
1497 1087 1713 1176 t'Arcidono,
1740 1090 1777 1159 et
1802 1090 1885 1158 tan-

708 1214 762 1310 git
786 1211 967 1309 originem
992 1208 1086 1283 iliius
1111 1228 1232 1303 aquae,
1257 1207 1405 1281 diceus:
1432 1208 1492 1279 one
1516 1224 1625 1279 soora
1645 1208 1790 1278 iErmo
1816 1225 1886 1277 nc-

707 1355 764 1407 scc
787 1336 825 1405 io
850 1332 1043 1423 Apennino,
1069 1328 1124 1402 Ad
1151 1327 1250 1422 quod
1275 1332 1373 1418 nota,
1400 1325 1499 1419 quod
1530 1324 1630 1403 inter¹
1656 1324 1824 1401 Aretium
1849 1326 1886 1397 et

710 1452 932 1527 Florentiam
958 1449 996 1523 io
1026 1454 1192 1524 contrata
1225 1446 1406 1523 Casentiui
1438 1451 1493 1520 est
1525 1444 1697 1539 quaedam
1727 1443 1888 1519 devotis-

709 1574 801 1647 sima
839 1569 1013 1663 solitudo,
1051 1568 1114 1642 ubi
1154 1574 1209 1642 est
1247 1584 1397 1641 eremus
1431 1571 1556 1639 sancta
1595 1563 1883 1658 camaldulensis,

709 1714 823 1788 quam
848 1691 1013 1766 fundarit
1038 1689 1086 1763 ibi
1104 1688 1162 1763 vir
1182 1684 1517 1763 venerabilissimus
1530 1678 1568 1777 (¹)
1591 1685 1817 1759 Romuaidus
1837 1684 1885 1759 de

709 1815 896 1907 Ravenna,
921 1811 1107 1885 institutor
1131 1808 1227 1882 iilius
1251 1806 1388 1881 ordinis
1415 1804 1561 1898 nobilis3
1587 1803 1633 1879 de
1654 1825 1729 1898 quo
1747 1805 1827 1879 viro
1848 1810 1885 1879 ct

610 1946 613 1951 ’
710 1934 839 2008 ordine
851 1932 970 2006 dicam
984 1931 1091 2026 plene
1107 1928 1268 2005 Paradisi
1287 1926 1446 2022 capituto
1459 1924 1567 1999 xxn.
1586 1926 1671 1999 Ideo
1686 1924 1769 2000 vide
1787 1925 1885 2019 quod

710 2059 819 2149 poeta
845 2060 969 2126 noster
993 2052 1120 2126 volens
1152 2047 1389 2144 magnificare
1421 2047 1532 2121 istum
1566 2067 1721 2141 parvum
1754 2046 1886 2120 duvio-

709 2174 800 2261 ium‚
827 2172 873 2246 de
898 2170 1074 2245 industria
1093 2170 1175 2244 iecit
1200 2168 1424 2243 mentionem
1445 2166 1491 2241 dc
1513 2166 1580 2241 ista
1607 2167 1717 2241 nobili
1743 2187 1884 2261 eremo,

710 2314 795 2386 quae
822 2312 910 2366 vere
926 2291 1029 2365 locus
1046 2296 1101 2365 est
1118 2288 1400 2363 notabilissimus
1417 2279 1465 2380 (²).
1479 2329 1529 2341 —
1542 2279 1593 2360 ld
1614 2310 1687 2361 ooc.
1706 2286 1772 2362 Hic
1789 2289 1886 2361 Bon-

710 2418 836 2487 contos
862 2411 1050 2506 premissa
1074 2408 1318 2503 descriptione
1343 2406 1442 2481 iluvii
1468 2408 1626 2502 explicat
1649 2407 1771 2481 locum
1809 2428 1886 2481 suae

712 2532 852 2626 mortis,
883 2531 1029 2607 dicens:
1068 2534 1104 2602 io
1130 2534 1251 2625 forato
1285 2530 1377 2601 netto
1405 2530 1503 2620 polo,
1533 2528 1635 2621 idest,
1669 2528 1884 2603 vulneratus

710 2653 757 2757 ad
786 2661 956 2746 mortem,
979 2652 1171 2747 [appende
1193 2670 1215 2723 a
1241 2648 1422 2742 condictu,
1441 2669 1465 2720 o
1482 2651 1595 2741 pirric,
1621 2648 1761 2743 perdito
1787 2669 1885 2743 equo

710 2772 749 2846 in
780 2772 921 2868 proeiio,
957 2794 976 2844 c
1011 2773 1259 2861 canonicando
1275 2773 1302 2843 ’1
1330 2772 1455 2863 mono,
1481 2768 1617 2845 scilicet
1650 2768 1884 2864 Campaidini‚

712 2897 854 2982 armoni
870 2883 907 2965 td
918 2894 970 2965 'oe
984 2894 1011 2965 ’l
1032 2890 1180 2965 uocodoi
1193 2911 1256 2963 ruo
1273 2893 1411 2964 diventa
1428 2910 1534 2981 uano,
1551 2889 1644 2964 idest
1663 2889 1709 2964 ad
1727 2889 1883 2983 faucem,

713 3034 788 3109 qua
814 3012 1016 3088 Archianus
1041 3011 1152 3084 intrat
1178 3012 1214 3085 in
1241 3010 1394 3104 Arnum,
1421 3010 1507 3103 quia
1532 3010 1579 3083 ibi
1606 3009 1724 3105 perdit
1750 3030 1885 3084 nomen

713 3155 835 3209 suum.
862 3134 905 3206 nt
931 3131 1038 3206 dicit:
1066 3134 1171 3224 quim,
1197 3130 1299 3226 idest,
1326 3130 1362 3205 in
1388 3131 1494 3205 sauce
1510 3130 1594 3204 dicti
1615 3129 1784 3224 fluminis,
1797 3150 1885 3221 pcr-

712 3256 769 3327 det
793 3257 829 3327 to
855 3257 944 3326 uicto
968 3274 987 3325 e
1011 3255 1201 3344 luparolo
1226 3273 1245 3323 c
1270 3245 1346 3344 fini,
1372 3251 1518 3345 scilicet,
1544 3251 1669 3345 vitam,
1700 3254 1758 3324 net
1783 3271 1885 3323 nonne

712 3378 751 3449 di
783 3376 917 3463 Marto,
952 3371 1054 3467 idest,
1090 3372 1263 3445 invocans
1298 3371 1443 3445 beatam
1479 3370 1679 3466 Virginem,
1714 3390 1798 3464 quae
1830 3375 1886 3444 est

713 3502 832 3570 mater
860 3491 1128 3585 misericordiae,
1148 3492 1183 3564 in
1203 3512 1276 3586 qua
1294 3491 1475 3565 habebam
1495 3490 1738 3585 devotionem,
1756 3513 1775 3563 c
1794 3492 1887 3582 parim

711 3618 829 3706 ceddi,
855 3614 991 3688 scilicet
1016 3618 1197 3705 mortuus,
1225 3633 1243 3683 c
1267 3614 1398 3684 rimmo
1423 3614 1459 3683 to
1483 3613 1555 3683 mio
1573 3632 1682 3683 carnae
1701 3613 1792 3700 sota,
1814 3609 1885 3683 sci-

710 3738 795 3812 licet
808 3736 886 3809 sine
903 3734 1037 3809 anima.
1056 3732 1100 3805 nt
1117 3732 1239 3805 subdit
1255 3731 1460 3805 Boncontcs
1478 3731 1635 3825 qualiter
1652 3731 1689 3803 in
1709 3731 1777 3805 ista
1797 3750 1887 3805 con-

712 3857 860 3931 tritione
877 3855 1037 3929 salvatus
1054 3860 1109 3927 est
1126 3852 1272 3926 diceus:
1290 3855 1326 3924 io
1342 3844 1423 3924 dird
1438 3854 1467 3924 tt
1481 3872 1578 3943 vcro,
1595 3874 1614 3924 c
1630 3858 1666 3925 tn
1686 3854 1813 3925 tirtdri
1828 3856 1886 3923 tro

712 3980 727 4051 i
751 3980 833 4068 uiui,
858 3976 961 4069 idest,
989 3974 1126 4049 referas
1148 3974 1272 4047 hocin
1290 3973 1428 4046 mundo
1446 3992 1532 4046 cum
1554 3972 1679 4068 lingua
1704 3979 1741 4047 et
1766 3992 1885 4068 peona

713 4097 761 4171 ad
786 4094 1078 4171 exhortationem
1099 4093 1279 4188 omnium,
1299 4099 1340 4166 ut
1356 4113 1561 4186 numquam
1579 4091 1784 4186 desperent,
1803 4092 1886 4166 iicet

713 4218 850 4292 inerint
874 4222 1086 4311 peccatores
1112 4212 1302 4308 usquead
1333 4219 1504 4306 mortem,
1530 4219 1568 4285 et
1599 4212 1758 4287 babeant
1782 4232 1883 4307 spem

714 4337 751 4412 in
775 4336 1063 4430 Maria31'Anpct
1083 4336 1122 4407 di
1144 4336 1227 4424 Dio,
1245 4332 1347 4427 idest,
1365 4332 1676 4429 Angelus-bonus
1699 4334 1748 4405 mi
1770 4352 1884 4423 prese,

713 4460 837 4549 conci
859 4459 1054 4550 d’inscrno,
1071 4452 1233 4549 Angelus
1258 4452 1388 4547 maiuS,
1406 4454 1581 4544 ffltdaom
1609 4456 1639 4525 0
1664 4458 1699 4525 tn
1722 4454 1787 4525 dal
1809 4454 1885 4541 ciet,

712 4578 815 4671 idest,
842 4576 980 4673 Angeie
1004 4574 1085 4667 Dei,
1095 4570 1226 4666 perone*
1241 4575 1289 4645 mi
1302 4574 1422 4665 patui?
1439 4571 1586 4665 scilicet,
1600 4572 1689 4667 jure
1708 4592 1813 4647 meo:
1837 4576 1886 4644 tn

714 4706 745 4772 tc
767 4720 812 4771 ne
833 4700 930 4790 porti
953 4698 992 4771 dt
1014 4697 1123 4769 cosmi
1144 4698 1310 4784 detorto,
1328 4692 1430 4787 idest,
1448 4693 1623 4787 animam,
1641 4714 1725 4787 quae
1743 4699 1799 4767 est
1814 4692 1886 4765 im-

715 4818 890 4912 mortalis,
907 4816 995 4892 iacis
1020 4817 1171 4909 sairam,
1193 4820 1230 4888 ct
1250 4820 1373 4908 portas
1393 4814 1430 4886 iu
1449 4812 1533 4887 navi
1550 4812 1597 4887 ad
1617 4812 1884 4909 purgatorium.

779 5077 806 5137 (¹)
823 5077 876 5134 117,
892 5073 1076 5125 nobilissimus
1267 5068 1295 5133 (¹)
1311 5070 1541 5121 humilissimus.
