4542 6842
825 970 962 1026 clusus
986 969 1129 1024 paruus.
1517 955 1563 1022 43

389 1137 483 1211 quos
509 1117 775 1191 mundaverat:
798 1120 860 1205 lte,
881 1119 1046 1206 ostendite
1067 1138 1129 1190 uos
1148 1116 1395 1190 sacerdotibus.
1410 1155 1460 1169 -
1476 1120 1567 1203 Oue-

389 1243 454 1310 stn
481 1236 546 1310 Hie
572 1237 673 1328 cato,
704 1236 790 1329 quia
822 1237 1062 1310 maudaverat
1088 1257 1228 1310 uovrrm
1255 1242 1401 1330 poetam
1427 1235 1566 1330 reeiugi

385 1356 513 1451 junco,
531 1355 639 1432 decet
661 1355 724 1429 ubi
742 1355 976 1430 inveniantur
988 1356 1103 1452 junci,
1121 1363 1159 1430 et
1175 1355 1346 1430 describit
1362 1356 1484 1428 lucum
1504 1354 1565 1427 ubi

390 1475 601 1570 abuudaut;
627 1476 691 1551 sed
723 1477 767 1550 ad
799 1477 1070 1572 intelligentiam
1099 1476 1209 1548 lrrrius
1241 1476 1355 1550 literae
1384 1483 1440 1550 est
1470 1495 1566 1570 prae-

390 1595 592 1687 sciendum,
619 1596 717 1690 quod
740 1603 850 1691 pecte
877 1603 1000 1670 nester
1027 1595 1128 1691 lingit
1160 1594 1259 1688 quod
1289 1596 1325 1667 iu
1360 1595 1421 1669 illo
1446 1595 1565 1670 hemi·

389 1716 511 1812 sperio
536 1716 696 1791 interiori
722 1737 768 1790 ex
794 1717 958 1812 opposite
983 1717 1113 1791 inserui
1140 1723 1195 1792 est
1222 1739 1295 1791 uua
1322 1737 1435 1810 parva
1456 1716 1562 1810 plana

389 1837 508 1912 insula
541 1838 740 1932 circularis,
775 1839 811 1911 iu
846 1838 951 1912 cuius
985 1837 1105 1912 medio
1131 1845 1186 1912 est
1211 1859 1308 1910 uuus
1338 1857 1445 1910 meus
1468 1837 1566 1910 altis·

391 1958 507 2032 simus
535 1979 652 2052 usque
678 1959 723 2032 ad
750 1958 898 2051 caelum,
926 1958 988 2051 qui
1014 1957 1112 2032 circa
1139 1958 1301 2032 medium
1324 1965 1380 2032 est
1397 1966 1567 2032 muratus
1622 1967 1625 1971 ’

390 2084 428 2153 et
441 2077 558 2151 lactus
570 2078 616 2152 ad
630 2077 766 2173 gradus
779 2077 1032 2170 circulariter3
1050 2085 1087 2152 et
1104 2078 1198 2153 sicut
1214 2077 1395 2174 gradatim
1413 2079 1567 2154 descen-

389 2197 489 2271 ditur
513 2196 560 2270 ad
586 2203 752 2272 centrum
777 2197 920 2292 interni,
942 2197 990 2272 ita
1008 2197 1188 2293 gradatim
1211 2198 1420 2271 ascenditur
1437 2199 1483 2272 ad
1500 2219 1564 2272 ca-

390 2337 524 2392 cumen
551 2319 653 2392 istius
678 2317 999 2414 montiscontigui
1026 2317 1145 2392 coelo:
1172 2318 1265 2392 sicut
1284 2318 1313 2390 si
1332 2318 1413 2412 quis
1438 2320 1565 2394 voleus

390 2439 589 2514 escendere
620 2459 770 2514 arenam
798 2439 954 2513 Veronae
991 2439 1135 2533 incipiat
1168 2461 1191 2513 a
1226 2438 1337 2512 lunda
1370 2445 1407 2513 et
1441 2439 1565 2514 tendat

390 2559 436 2634 ad
461 2561 595 2632 altum:
623 2559 686 2632 sed
711 2560 749 2632 iu
774 2579 887 2634 arena
914 2560 987 2633 itur
1013 2561 1061 2633 ab
1087 2559 1193 2652 iutra,
1220 2560 1278 2633 laic
1303 2580 1394 2633 sero
1419 2560 1494 2632 itur
1518 2559 1566 2632 ab

390 2686 495 2754 extra
520 2679 556 2752 in
582 2679 737 2754 circuitu
764 2679 897 2753 mentis
919 2699 1115 2772 perunum
1136 2679 1233 2752 viam
1254 2678 1428 2772 excisam,
1449 2699 1562 2773 quam

392 2805 499 2894 poeta
525 2799 708 2872 ceruicem
728 2805 845 2892 vocat,
866 2805 908 2871 ut
933 2819 1030 2894 saepe
1047 2799 1182 2893 patebit
1203 2799 1238 2871 in
1257 2818 1442 2893 processu.
1460 2798 1564 2872 Nunc

392 2917 439 2992 ed
457 2919 610 2992 literam.
632 2919 722 2992 Dicit
741 2920 852 2992 Cato:
874 2927 992 3012 queste
1009 2922 1156 3008 isolettn,
1174 2917 1432 2992 circumcincta
1454 2918 1559 3012 mari,

392 3059 503 3133 quam
531 3045 638 3133 poeta
663 3039 809 3113 vocavit
833 3060 985 3133 parvam
1019 3061 1164 3134 speram
1198 3039 1295 3112 finali
1320 3039 1479 3134 capitulo
1505 3039 1564 3112 lu-

392 3158 497 3252 terni,
518 3167 627 3251 porta
652 3162 704 3232 de’
717 3162 856 3250 piuncli
878 3181 989 3251 sopra
1010 3163 1036 3232 ’l
1051 3163 1153 3232 cnolle
1170 3163 1263 3250 limo,
1283 3159 1374 3234 idest
1399 3158 1562 3248 humida,

391 3286 428 3354 ct
449 3280 577 3353 humili
604 3281 694 3372 selo,
721 3271 1101 3370 ineptiunculas
1120 3279 1155 3352 in
1173 3279 1254 3352 luce
1284 3279 1390 3351 basse
1409 3272 1445 3368 (¹)
1464 3278 1561 3350 circa
1691 3277 1694 3282 ’

389 3400 674 3493 extremitatem,
699 3401 787 3473 duee
812 3403 848 3473 ln
881 3401 970 3474 tntte
1002 3403 1146 3490 tonde,
1178 3399 1280 3491 idest,
1313 3397 1375 3470 ubi
1408 3419 1506 3491 aqua
1524 3389 1562 3488 (²)

390 3519 502 3592 meris
529 3520 727 3614 repercutit
753 3519 867 3614 ipsam
893 3521 1078 3614 contiuuo,
1104 3523 1259 3608 intorno,
1277 3519 1380 3610 idest,
1398 3518 1558 3592 circum-

389 3640 486 3714 circa
512 3640 629 3733 litora,
655 3643 705 3713 ud
728 3644 798 3712 imo
824 3643 874 3714 nd
896 3643 980 3730 imo,
1007 3639 1091 3732 quia
1119 3639 1156 3711 iu
1182 3640 1262 3713 loeo
1287 3638 1394 3711 besso
1419 3637 1563 3712 visitet

389 3760 487 3856 viget
512 3761 696 3834 humilitas
719 3762 832 3834 tutior
852 3767 979 3835 centra
998 3761 1156 3855 impetus
1173 3759 1429 3850 adversorum,
1446 3776 1559 3850 quam

388 3882 461 3956 alta
492 3881 672 3976 superbia.
705 3881 747 3954 Et
777 3881 897 3954 subdit
929 3880 1027 3974 quod
1057 3881 1157 3954 uulla
1189 3879 1259 3954 alie
1290 3880 1412 3974 planta
1443 3886 1566 3971 posset

389 4002 515 4076 rivere
549 4003 607 4077 vel
638 4003 774 4076 durare
801 4003 859 4096 ibi,
893 4003 1039 4076 diceus:
1073 4004 1156 4074 nult
1168 4003 1264 4074 alen
1293 4004 1429 4093 petente,
1456 3998 1558 4092 idest,

390 4123 516 4214 virtus,
537 4125 596 4194 cie
617 4126 750 4215 facesse
766 4125 953 4216 frondeo
979 4124 1176 4210 indurasse,
1193 4120 1296 4214 idest,
1315 4140 1399 4213 quae
1425 4120 1564 4193 laceret

390 4241 575 4315 hominem
598 4241 798 4336 superbum
818 4242 908 4317 llere
926 4241 1184 4336 prosperitatis,
1207 4241 1300 4314 sicut
1313 4239 1465 4335 justitia,
1483 4259 1565 4312 ma·

388 4360 618 4458 gnauimitas,
644 4361 827 4454 fortitude,
855 4365 890 4436 ei
909 4370 1013 4458 pente
1037 4383 1124 4434 aver
1149 4364 1233 4452 vita,
1251 4359 1397 4451 scilicet,
1415 4365 1565 4454 vegeta-

388 4482 514 4576 tivam,
539 4503 623 4575 quae
649 4489 703 4557 eet
729 4482 765 4556 in
791 4482 937 4577 plantis;
963 4488 1000 4556 et
1025 4501 1112 4556 ecce
1137 4501 1306 4555 causam:
1319 4472 1410 4570 perd
1435 4481 1567 4550 ct’nlte

385 4623 547 4696 percense
570 4623 643 4676 non
666 4604 831 4690 secmdn,
857 4601 959 4694 idest,
986 4622 1056 4676 non
1074 4592 1111 4692 (³)
1144 4600 1239 4676 cedit
1268 4599 1407 4694 impetu
1433 4598 1566 4672 adver·

388 4744 540 4818 sorum;
567 4729 602 4798 et
628 4743 717 4797 vere
743 4729 847 4817 poeta
875 4729 997 4796 uester
1028 4741 1099 4794 uon
1136 4727 1192 4794 est
1222 4720 1360 4793 tractus
1388 4718 1564 4810 adversis,

390 4843 464 4918 imo
490 4843 677 4918 humiliter
702 4852 739 4917 ct
772 4843 949 4935 patienter
975 4841 1143 4916 toleravit
1160 4831 1198 4932 (⁸)
1221 4840 1384 4931 erilium,
1403 4859 1563 4933 pauper·
1679 4931 1682 4935 ¹

451 5031 478 5090 (¹)
495 5029 525 5079 E.
543 5031 615 5080 basso
632 5031 694 5079 rint
709 5037 736 5079 el
753 5031 828 5094 riget.
999 5029 1026 5089 (¹)
1044 5028 1069 5078 S.
1086 5029 1155 5078 unda
1172 5029 1258 5077 masis.

452 5104 480 5168 (Ἴ
496 5105 526 5155 E.
543 5119 595 5156 non
612 5107 679 5156 cedit
695 5107 811 5169 impetui.
998 5105 1025 5168 (⁸)
1043 5105 1074 5155 Ε.
1092 5105 1212 5154 toleravit
1228 5104 1315 5154 animo
1331 5103 1393 5153 lorti
1409 5102 1527 5153 exilium.
