4542 6842
690 946 762 1015 anu
1053 952 1258 1011 cnuausuu
1282 951 1502 1007 ruaunmnu

689 1110 792 1179 terea
817 1098 1005 1196 quomode
1029 1099 1209 1176 Hercules
1230 1083 1325 1175 eum
1346 1095 1527 1199 unavnari
1550 1088 1756 1191 nepissetl⁴l
1782 1118 1865 1173 mu·

688 1244 800 1321 gnam
825 1221 992 1315 Troiam3
1013 1228 1080 1297 aut
1105 1213 1294 1314 quomodo
1312 1218 1483 1293 Priamus
1500 1216 1538 1291 in
1551 1222 1626 1291 tam
1647 1217 1752 1293 brevi
1771 1238 1866 1293 reae·

614 1366 619 1383 ¹
688 1344 869 1421 difieassel
906 1340 1066 1417 troium.
1104 1339 1213 1417 Tmia
1249 1360 1342 1437 erga
1380 1338 1449 1415 luit
1484 1337 1672 1433 pruvincia
1706 1336 1745 1411 in
1781 1338 1865 1412 Asia

690 1463 845 1557 minure,
863 1482 989 1558 parva,
1006 1460 1071 1537 sed
1088 1460 1225 1555 fertilis,
1241 1480 1403 1553 amoena,
1421 1460 1530 1554 plena
1545 1459 1729 1555 gentibus,
1745 1458 1865 1553 qualis

689 1583 799 1679 paulu
824 1587 910 1657 ante
935 1588 1017 1657 erat
1033 1580 1273 1677 Romandiela
1298 1580 1337 1655 iu
1360 1579 1463 1655 ltalia
1487 1600 1576 1655 cum
1594 1580 1730 1655 eratin
1752 1581 1864 1655 llere:

687 1724 786 1799 saepe
819 1709 944 1777 tamen
972 1701 1116 1797 capitur
1145 1701 1195 1777 ab
1225 1700 1430 1794 autoribus,
1461 1699 1551 1775 llion
1588 1721 1658 1795 pre
1688 1701 1796 1776 Troia
1827 1707 1867 1775 et

688 1822 797 1898 Troia
821 1841 889 1917 pro
914 1821 999 1915 lli0;
1017 1822 1075 1897 rel
1100 1826 1245 1916 oportet
1262 1826 1299 1897 te
1314 1820 1438 1896 dicere
1463 1820 1562 1915 quod
1587 1821 1677 1895 lliou
1697 1828 1736 1897 et
1756 1819 1865 1895 Troia

690 1941 801 2019 luerit
825 1962 901 2019 una
926 1947 963 2020 et
987 1940 1117 2017 eadem
1144 1940 1280 2017 civitas.
1307 1940 1397 2015 llion
1420 1940 1532 2015 etiam
1554 1940 1687 2016 evertit
1705 1939 1867 2016 crudeli-

691 2070 749 2137 ter
768 2060 928 2137 Fimbria
948 2060 1143 2154 Marianus,
1167 2082 1282 2155 quam
1307 2058 1498 2153 antiquam
1519 2060 1647 2135 Romae
1673 2066 1863 2156 parentem

691 2181 791 2257 caede
816 2187 853 2255 el
878 2179 1045 2257 incendio
1071 2180 1233 2255 funditus
1254 2179 1399 2273 delerit,
1417 2186 1461 2254 ut
1478 2178 1565 2254 dicit
1579 2179 1865 2276 Augustinuslll

691 2301 737 2378 de
770 2300 923 2377 civitate
956 2299 1033 2377 Dei.
1049 2340 1099 2355 -
1114 2303 1215 2388 Quat.
1245 2299 1311 2375 llic
1344 2305 1465 2395 poeta
1490 2299 1675 2396 percursis
1703 2298 1866 2374 breviter

692 2421 872 2517 exemplis
914 2419 1133 2497 notabilibus
1167 2420 1417 2514 quorumdam
1457 2420 1720 2515 superborum,
1761 2440 1868 2493 uom-

693 2542 843 2619 mendat
869 2542 1123 2638 magisterium
1151 2549 1190 2617 et
1213 2540 1410 2617 artificium
1427 2540 1609 2617 dictarum
1634 2539 1867 2637 figurarum

694 2664 792 2739 unde
817 2663 906 2759 petit
931 2684 1018 2738 eum
1050 2661 1317 2737 admiratione:
1351 2664 1507 2757 Ouelpa
1535 2669 1690 2735 maesto
1717 2664 1755 2735 di
1778 2683 1869 2754 pen-

693 2787 784 2859 netlo
809 2806 832 2857 o
857 2786 895 2857 di
918 2786 1005 2874 slt'le,
1031 2782 1135 2877 quasi
1156 2782 1272 2857 dicat:
1292 2782 1381 2870 Quis
1405 2782 1476 2857 luit
1499 2802 1681 2877 umquam
1705 2788 1780 2857 tam
1799 2802 1867 2857 er-

695 2907 830 2983 cellens
855 2904 970 2999 pictor
1005 2904 1064 2979 vel
1100 2903 1339 3000 designator?
1368 2902 1474 2997 quasi
1506 2902 1612 2997 dieat,
1647 2904 1783 2997 nullus,
1807 2907 1869 2977 ete

694 3022 1181 3116 emmerammenses,
1212 3021 1408 3119 figurase
1440 3025 1454 3096 ι’
1484 3026 1583 3097 tratti
1610 3023 1721 3097 elt’t'et
1750 3027 1869 3097 πεῖναν

691 3148 832 3240 [artem
857 3146 942 3235 omri
959 3146 1109 3235 'noeque
1133 3145 1258 3234 sottita
1282 3142 1378 3217 siem
1401 3142 1547 3238 Apellis,
1571 3142 1707 3235 Zeusis,
1732 3144 1871 3218 Phidiae

694 3273 732 3341 et
756 3263 929 3338 similium
957 3262 1151 3358 picturum,
1179 3263 1243 3357 qui
1268 3262 1452 3338 nescirent
1475 3262 1660 3359 attingere
1684 3264 1871 3339 excellen-

694 3385 783 3461 tiam
814 3392 924 3460 unta
949 3382 1050 3459 artis.
1075 3384 1182 3472 Quod
1206 3382 1413 3477 confirmat,
1438 3382 1586 3459 dicens:
1612 3387 1652 3457 Li
1677 3390 1783 3459 morti
1800 3406 1870 3478 pu·

693 3526 784 3581 reaa
809 3508 927 3598 morti,
953 3528 972 3579 e
995 3508 1010 3578 i
1034 3508 1104 3578 uiui
1122 3526 1266 3598 pareus
1290 3507 1383 3598 uitri5
1403 3504 1454 3582 ita
1474 3511 1580 3579 erant
1605 3506 1754 3602 proprii,
1774 3508 1870 3583 siem

694 3626 849 3715 asimili
874 3626 959 3701 dicit
983 3625 1132 3720 Plinius,
1149 3625 1249 3719 qued
1270 3645 1390 3719 equas
1415 3625 1523 3700 rivus
1548 3626 1626 3701 visa
1651 3644 1749 3720 equa
1773 3627 1868 3721 picta

694 3748 875 3825 hinnitum
902 3746 1021 3839 dedit3
1046 3752 1085 3821 et
1114 3746 1185 3824 hoc
1212 3745 1295 3821 dieu
1329 3745 1453 3821 notari
1477 3745 1613 3841 oculis3
1640 3746 1739 3822 uude
1762 3747 1871 3822 dicit:

694 3870 748 3943 cti
773 3870 850 3941 vide
874 3870 902 3940 tl
926 3886 1023 3959 veru,
1048 3865 1144 3941 sicut
1167 3864 1351 3962 Virgilius
1368 3886 1442 3939 non
1466 3868 1545 3939 vide
1569 3868 1648 3957 mei,
1674 3866 1765 3941 idest
1791 3886 1871 3942 me-

694 3989 776 4083 lius,
808 3990 846 4061 di
876 4008 942 4078 nae,
980 3985 1084 4081 quasi
1117 3986 1225 4080 (licut,
1250 3985 1388 4080 opums
1417 3984 1489 4059 ridi
1523 3986 1730 4081 veritatem,
1754 4006 1870 4083 quun·

694 4112 717 4183 t’
729 4111 764 4183 ie
797 4109 922 4198 calcat,
952 4104 1057 4201 idest,
1090 4112 1170 4181 totu
1200 4105 1318 4200 spatio
1346 4104 1430 4198 viae,
1459 4102 1574 4198 fincte
1600 4108 1740 4181 atinate
1772 4109 1871 4199 9i0i5

694 4228 798 4323 idest,
815 4228 932 4303 dunen
958 4226 1006 4301 ivi
1031 4246 1118 4303 cum
1138 4225 1219 4300 visu
1239 4225 1285 4301 ad
1304 4231 1443 4299 terram
1463 4224 1659 4321 respiciens
1678 4226 1757 4301 illas
1774 4226 1871 4323 ligu-

698 4368 768 4424 ras.
794 4349 838 4421 Et
859 4346 989 4423 ultimo
1008 4353 1116 4442 poeta
1136 4344 1246 4445 mune
1266 4344 1450 4421 exclamat
1467 4352 1596 4420 contra
1614 4344 1788 4420 duritiem
1805 4366 1872 4419 su-

696 4468 910 4565 perborum,
934 4466 1000 4560 qui
1026 4466 1156 4541 nolunt
1180 4464 1416 4541 considerare
1439 4464 1508 4541 ista
1527 4466 1698 4561 mempla
1717 4464 1765 4541 ad
1782 4485 1873 4560 pur·

696 4589 881 4688 gatiunem
912 4587 1106 4683 superbiae,
1136 4586 1285 4664 disens:
1321 4590 1353 4661 0
1383 4588 1531 4679 Mesoa
1559 4588 1595 4660 ‹l’
1602 4592 1694 4678 fles,
1718 4586 1823 4681 idest,
1847 4606 1872 4661 o

697 4708 822 4785 miseri
847 4707 1014 4787 homines
1047 4706 1094 4785 de
1125 4706 1284 4783 muliere
1308 4706 1395 4800 nati,
1429 4726 1475 4779 nr
1498 4706 1681 4800 supatite,
1707 4706 1872 4800 loquitar

697 4830 848 4923 ironice,
872 4828 978 4921 quasi
1002 4827 1099 4903 dicat
1123 4826 1318 4921 superbire
1339 4846 1415 4901 uun
1436 4826 1588 4921 dabatis,
1605 4848 1626 4900 e
1641 4830 1701 4901 sin
1718 4830 1775 4901 eol
1797 4830 1872 4901 uiso

761 5078 789 5143 θ)
804 5078 835 5129 R
850 5078 927 5145 wlff·
