4542 6842
689 974 760 1040 226
1047 984 1252 1040 contumuit
1277 982 1498 1038 nunenronn

688 1135 725 1205 et
750 1130 974 1224 eloquentes,
998 1150 1044 1205 ne
1070 1129 1207 1223 aliquid
1231 1148 1406 1224 asperum
1423 1126 1470 1201 de
1485 1146 1532 1201 eo
1552 1121 1860 1198 scriberentntia

586 1248 633 1307 s
687 1250 791 1325 litera
817 1250 938 1344 habet,
963 1252 1113 1324 oederm
1125 1276 1141 1344 ;
1167 1250 1217 1324 ita
1243 1248 1340 1343 quod
1368 1254 1456 1321 lunc
1486 1244 1672 1320 Sordellus
1696 1242 1799 1339 ponit
1823 1262 1864 1316 se

687 1369 851 1463 tertium,
869 1370 932 1444 sed
958 1370 1065 1443 nimis
1090 1376 1187 1446 esset
1211 1390 1347 1464 magna
1373 1369 1454 1441 laus
1478 1366 1525 1440 de
1551 1386 1592 1439 se
1612 1364 1701 1459 ipso.
1719 1364 1763 1436 Et
1780 1368 1863 1436 tan·

688 1489 741 1586 git
765 1490 983 1566 descensum
1010 1504 1144 1566 eorum
1161 1498 1199 1565 et
1214 1490 1378 1565 animam
1395 1509 1509 1561 unam
1534 1486 1682 1560 diceus:
1706 1487 1784 1558 solo
1809 1490 1863 1556 tre

686 1614 786 1703 possi
809 1614 915 1685 credo
934 1615 985 1685 clt’
998 1616 1034 1686 io
1058 1614 1248 1703 scendesse,
1264 1611 1311 1685 de
1328 1610 1389 1683 illo
1412 1608 1532 1705 gradu
1549 1606 1756 1698 altiusculo,
1772 1626 1792 1677 e
1806 1606 1864 1699 sui

690 1732 828 1823 disottm
846 1734 991 1828 scilicet,
1018 1734 1055 1807 iu
1082 1733 1186 1827 valle,
1212 1754 1232 1806 e
1255 1734 1329 1805 uidi
1355 1752 1404 1802 un
1433 1732 1493 1802 cle
1521 1730 1662 1800 mireve
1681 1746 1754 1818 pur
1778 1745 1833 1797 me
1845 1750 1861 1817 ,·

691 1850 759 1926 iste
783 1859 866 1927 erat
885 1854 999 1949 judex
1027 1855 1154 1947 Ninus,
1170 1853 1218 1927 de
1242 1872 1319 1946 quo
1343 1850 1464 1924 statim
1482 1847 1637 1941 dicetur,
1658 1844 1721 1939 qui
1748 1844 1862 1917 mira—

693 1971 803 2045 batur
822 1972 975 2048 Dantem
1004 1994 1077 2048 non
1104 1994 1172 2068 pro
1196 1994 1242 2048 eo
1268 1970 1367 2066 quod
1391 1976 1473 2045 erat
1493 1968 1610 2060 vivus,
1627 1964 1721 2039 sicul
1737 1962 1863 2037 crateri

693 2092 757 2185 qui
772 2084 809 2185 (¹)
835 2093 999 2167 nondum
1017 2093 1179 2169 sciebant
1196 2095 1276 2186 hoc,
1294 2090 1357 2167 sed
1374 2092 1461 2185 quia
1477 2087 1624 2163 volebat
1640 2104 1866 2182 cognoscere

693 2230 780 2284 eum
807 2210 968 2286 vicinum
987 2234 1119 2307 suum,
1138 2213 1220 2287 ideo
1236 2211 1338 2285 dicit:
1362 2232 1459 2283 come
1475 2228 1641 2281 conoscer
1657 2208 1706 2279 mi
1722 2208 1863 2278 oolmse.

691 2370 741 2383 -
759 2336 895 2425 Tempu.
921 2332 986 2406 Hic
1011 2340 1118 2429 poeta
1143 2330 1299 2408 ostendii
1315 2329 1501 2425 quomodo
1523 2326 1713 2402 devenerit
1738 2325 1776 2398 in
1800 2344 1867 2399 oo-

691 2450 891 2547 guitionem
919 2444 1021 2527 istius
1046 2452 1260 2528 admirantis
1286 2472 1337 2545 se,
1355 2470 1429 2524 nou
1445 2450 1613 2523 obstante
1629 2450 1721 2522 hora
1739 2444 1866 2539 tarda,

693 2570 792 2644 uude
816 2571 917 2646 dicit:
944 2582 1056 2664 tempo
1073 2593 1137 2645 eru
1153 2562 1228 2664 pid,
1246 2572 1381 2647 scilicet
1396 2570 1669 2665 crepusculum,
1687 2570 1748 2641 cle
1772 2570 1868 2640 laer

694 2695 933 2784 s'ooneruoa,
959 2693 1061 2787 idest,
1087 2692 1186 2786 quod
1212 2712 1278 2766 aer
1303 2690 1532 2766 efficiebatur
1550 2690 1665 2786 niger,
1685 2688 1867 2762 obscurus

696 2812 828 2885 umbra
854 2812 969 2886 noctis
994 2812 1243 2906 advenientis,
1270 2833 1328 2883 mu
1353 2832 1423 2883 non
1448 2804 1491 2901 si,
1518 2810 1619 2904 idest,
1640 2809 1704 2884 sed
1730 2828 1803 2881 non
1828 2807 1866 2880 in

696 2938 852 3026 tautum,
874 2936 933 3005 clm
957 2940 1016 3005 tra
1040 2935 1091 3024 pli
1114 2935 1211 3005 occdi
1233 2934 1313 3005 miei
1335 2954 1355 3005 e
1377 2934 1455 3004 suoi
1477 2951 1549 3003 non
1573 2931 1789 3003 meliorasse
1812 2920 1868 3001 eid

697 3052 756 3123 ete
775 3054 862 3143 pria
886 3074 1050 3144 sorano,
1072 3051 1149 3146 ipse
1167 3072 1244 3145 aer,
1262 3058 1462 3145 autequam
1487 3048 1748 3125 descenderem
1774 3046 1867 3121 inte-

699 3171 787 3265 rius,
813 3178 850 3245 et
875 3172 968 3266 ideo,
995 3169 1056 3246 adr
1081 3194 1134 3245 me
1162 3176 1195 3246 si
1220 3176 1306 3267 fece,
1331 3173 1391 3247 ille
1422 3172 1535 3244 Ninus
1565 3178 1756 3264 tamquam
1788 3169 1868 3245 avi-

696 3290 788 3385 dior,
814 3298 847 3364 et
868 3294 903 3363 io
929 3290 991 3365 odr
1015 3295 1064 3365 lui
1087 3296 1136 3367 mi
1157 3296 1218 3388 sci,
1235 3300 1274 3367 et
1300 3291 1506 3366 manifestat
1530 3312 1665 3365 nomen
1685 3290 1765 3365 eius
1781 3311 1869 3386 gra·

697 3411 817 3485 tulans
835 3432 912 3485 suae
929 3414 1149 3488 salvationis.
1170 3412 1223 3487 Ad
1244 3412 1350 3487 cuius
1367 3412 1614 3508 cognitionem
1635 3411 1746 3487 debes
1762 3412 1868 3504 scire,

696 3532 797 3626 quod
822 3532 889 3607 iste
914 3534 1028 3607 Ninus
1053 3534 1120 3607 tuit
1154 3534 1283 3608 nobilis
1314 3554 1452 3629 genere
1481 3542 1519 3607 et
1549 3540 1690 3628 potens,
1722 3532 1870 3629 pisanus

697 3652 850 3749 origiue,
869 3653 955 3747 quia
976 3653 1044 3728 luil
1060 3654 1106 3729 de
1121 3653 1242 3759 §cotis
1262 3655 1309 3729 de
1327 3654 1426 3747 Pisis,
1444 3660 1481 3728 et
1499 3652 1566 3726 suit
1577 3651 1693 3749 judex
1709 3652 1871 3725 Galluroe

699 3772 735 3846 iu
761 3774 937 3868 Sardinia,
962 3774 1009 3849 de
1035 3796 1110 3868 quo
1135 3775 1272 3849 dictum
1300 3781 1356 3849 est
1380 3773 1513 3848 lnlerni
1543 3773 1702 3869 capitulo
1726 3771 1870 3864 *xxm

700 3901 738 3968 et
763 3895 937 3989 expulsus
961 3895 1008 3969 de
1033 3894 1179 3969 civitate
1203 3896 1370 3970 Pisarum
1395 3895 1598 3990 proditioue
1613 3894 1755 3970 comitis
1771 3892 1871 3989 Ugo-

700 4013 775 4109 lini,
793 4021 835 4088 ut
855 4014 993 4089 dictum
1019 4021 1075 4090 est
1099 4014 1231 4090 lnierni
1261 4016 1420 4111 capitulo
1438 4015 1615 4090 xxxin*
1629 4007 1679 4109 (¹),
1699 4014 1763 4107 qui
1783 4032 1873 4088 con-

701 4134 878 4209 sederavit
902 4156 942 4209 se
967 4156 1053 4209 cum
1079 4134 1280 4210 florentinis
1304 4143 1342 4211 et
1362 4134 1513 4229 lucanis,
1529 4143 1567 4210 et
1591 4155 1769 4233 maguum
1790 4134 1872 4209 bel·

701 4254 779 4328 lum
806 4255 890 4330 lecit
915 4262 1105 4351 tamquam
1132 4262 1307 4331 strenuus
1331 4264 1459 4331 eontra
1487 4256 1586 4331 Pisas
1611 4256 1647 4330 in
1673 4255 1782 4350 MCC,
1808 4254 1872 4330 sed

702 4376 812 4470 paulo
837 4381 917 4472 post
942 4382 1113 4452 mortuus
1145 4384 1201 4452 est
1233 4377 1270 4451 in
1301 4384 1421 4451 castro
1454 4377 1569 4451 sancti
1602 4355 1760 4471 lliu'iati'}
1791 4376 1874 4451 ideo

702 4501 810 4589 poeta
836 4496 900 4590 qui
925 4504 1077 4572 noverat
1093 4496 1290 4593 benignam
1308 4504 1479 4572 naturam
1501 4498 1658 4571 hominis
1681 4499 1718 4572 in
1744 4498 1817 4572 vita
1835 4505 1874 4573 et

704 4616 783 4689 eius
808 4616 942 4690 bonurn
968 4617 1237 4713 dispositionem
1256 4617 1292 4691 in
1311 4625 1442 4714 morte,
1460 4618 1561 4714 ponit
1578 4618 1696 4713 ipsum
1717 4620 1872 4692 salvum.

704 4737 796 4811 Dicit
821 4759 934 4835 ergo:
959 4742 1080 4812 lodice
1111 4742 1211 4813 Nino.
1243 4740 1385 4814 Nomen
1417 4740 1485 4813 tuit
1518 4738 1605 4813 olim
1636 4737 1876 4835 potentissimi

706 4858 802 4953 regis
827 4858 1066 4954 assyriorum,
1083 4858 1147 4952 qui
1165 4859 1350 4953 quondam
1373 4858 1583 4955 subiugavit
1608 4867 1726 4934 totum
1752 4860 1876 4934 orien-

770 5044 796 5104 Ρ)
814 5046 844 5096 Ε.
860 5060 875 5095 e
891 5047 917 5095 S.
934 5047 994 5109 quia
1010 5048 1125 5097 noudum
1143 5046 1239 5096 sciebat
1253 5046 1312 5096 hoc.

768 5120 796 5183 (Ἴ
812 5122 849 5171 Le
864 5124 953 5185 parole
968 5120 1009 5173 im
1025 5126 1033 5174 i
1050 5124 1105 5183 due¹
1116 5123 1250 5174 asterisclul
1265 5136 1311 5174 son
1327 5124 1438 5188 supplice
1453 5124 1523 5188 dagli
1538 5123 1599 5174 altri
1615 5124 1666 5174 due
1681 5125 1749 5174 testi.
