<?xml version="1.0" encoding="UTF-8"?>
<!DOCTYPE html PUBLIC "-//W3C//DTD XHTML 1.0 Transitional//EN"
    "http://www.w3.org/TR/xhtml1/DTD/xhtml1-transitional.dtd">
<html xmlns="http://www.w3.org/1999/xhtml" xml:lang="en" lang="en">
 <head>
  <title>
</title>
<meta http-equiv="Content-Type" content="text/html;charset=utf-8" />
  <meta name='ocr-system' content='tesseract 3.04.00' />
  <meta name='ocr-capabilities' content='ocr_page ocr_carea ocr_par ocr_line ocrx_word'/>
</head>
<body>
  <div class='ocr_page' id='page_1' title='image "./comentumsuperda01unkngoog_0014.png"; bbox 0 0 4542 6842; ppageno 0'>
   <div class='ocr_carea' id='block_1_1' title="bbox 713 959 1526 1026">
    <p class='ocr_par' dir='ltr' id='par_1_1' title="bbox 713 959 1526 1026">
     <span class='ocr_line' id='line_1_1' title="bbox 713 959 1526 1026; baseline -0.005 0"><span class='ocrx_word' id='word_1_1' title='bbox 713 959 736 1026; x_wconf 84' lang='lat' dir='ltr'><strong>l</strong></span> <span class='ocrx_word' id='word_1_2' title='bbox 1075 966 1279 1023; x_wconf 72' lang='lat' dir='ltr'><strong>commuue</strong></span> <span class='ocrx_word' id='word_1_3' title='bbox 1305 967 1526 1023; x_wconf 71' lang='lat' dir='ltr'><strong>peneltune</strong></span> 
     </span>
    </p>
   </div>
   <div class='ocr_carea' id='block_1_2' title="bbox 649 1108 1948 4936">
    <p class='ocr_par' dir='ltr' id='par_1_2' title="bbox 649 1108 1948 4936">
     <span class='ocr_line' id='line_1_2' title="bbox 712 1108 1886 1208; baseline 0 -18"><span class='ocrx_word' id='word_1_4' title='bbox 712 1108 891 1190; x_wconf 78' lang='lat' dir='ltr'><strong>essentiali</strong></span> <span class='ocrx_word' id='word_1_5' title='bbox 926 1118 1095 1207; x_wconf 87' lang='lat' dir='ltr'><strong>separata</strong></span> <span class='ocrx_word' id='word_1_6' title='bbox 1129 1132 1153 1187; x_wconf 88' lang='lat' dir='ltr'><strong>a</strong></span> <span class='ocrx_word' id='word_1_7' title='bbox 1187 1131 1354 1206; x_wconf 88' lang='lat' dir='ltr'><strong>corpore,</strong></span> <span class='ocrx_word' id='word_1_8' title='bbox 1389 1119 1501 1207; x_wconf 88' lang='lat' dir='ltr'><strong>prout</strong></span> <span class='ocrx_word' id='word_1_9' title='bbox 1537 1113 1661 1189; x_wconf 74' lang='lat' dir='ltr'><strong>notan</strong></span> <span class='ocrx_word' id='word_1_10' title='bbox 1694 1115 1830 1190; x_wconf 88' lang='lat' dir='ltr'><strong>clarius</strong></span> <span class='ocrx_word' id='word_1_11' title='bbox 1846 1113 1886 1208; x_wconf 87' lang='lat'><strong>(¹)</strong></span> 
     </span>
     <span class='ocr_line' id='line_1_3' title="bbox 711 1232 1886 1332; baseline 0 -22"><span class='ocrx_word' id='word_1_12' title='bbox 711 1235 830 1332; x_wconf 92' lang='lat' dir='ltr'><strong>primo</strong></span> <span class='ocrx_word' id='word_1_13' title='bbox 859 1233 1018 1329; x_wconf 91' lang='lat' dir='ltr'><strong>capitulo</strong></span> <span class='ocrx_word' id='word_1_14' title='bbox 1047 1232 1193 1307; x_wconf 80' lang='lat' dir='ltr'><strong>Inferni.</strong></span> <span class='ocrx_word' id='word_1_15' title='bbox 1226 1233 1313 1308; x_wconf 92' lang='lat' dir='ltr'><strong>ldeo</strong></span> <span class='ocrx_word' id='word_1_16' title='bbox 1344 1233 1439 1308; x_wconf 89' lang='lat' dir='ltr'><strong>bene</strong></span> <span class='ocrx_word' id='word_1_17' title='bbox 1470 1253 1511 1308; x_wconf 86' lang='lat' dir='ltr'><strong>se</strong></span> <span class='ocrx_word' id='word_1_18' title='bbox 1544 1233 1745 1330; x_wconf 81' lang='lat' dir='ltr'><strong>declarans,</strong></span> <span class='ocrx_word' id='word_1_19' title='bbox 1776 1237 1886 1312; x_wconf 87' lang='lat' dir='ltr'><strong>dicit:</strong></span> 
     </span>
     <span class='ocr_line' id='line_1_4' title="bbox 709 1351 1886 1447; baseline 0.001 -18"><span class='ocrx_word' id='word_1_20' title='bbox 709 1359 797 1430; x_wconf 85' lang='lat' dir='ltr'><strong>dove</strong></span> <span class='ocrx_word' id='word_1_21' title='bbox 821 1358 844 1428; x_wconf 86' lang='lat' dir='ltr'><strong>t&#39;</strong></span> <span class='ocrx_word' id='word_1_22' title='bbox 856 1375 986 1428; x_wconf 79' lang='lat' dir='ltr'><strong>amano</strong></span> <span class='ocrx_word' id='word_1_23' title='bbox 1010 1354 1133 1447; x_wconf 77' lang='lat' dir='ltr'><strong>spirito</strong></span> <span class='ocrx_word' id='word_1_24' title='bbox 1157 1356 1189 1426; x_wconf 80' lang='lat' dir='ltr'><strong>si</strong></span> <span class='ocrx_word' id='word_1_25' title='bbox 1209 1373 1343 1446; x_wconf 69' lang='lat' dir='ltr'><strong>mapa,</strong></span> <span class='ocrx_word' id='word_1_26' title='bbox 1368 1351 1417 1426; x_wconf 89' lang='lat' dir='ltr'><strong>ab</strong></span> <span class='ocrx_word' id='word_1_27' title='bbox 1445 1353 1547 1428; x_wconf 90' lang='lat' dir='ltr'><strong>omni</strong></span> <span class='ocrx_word' id='word_1_28' title='bbox 1572 1355 1681 1429; x_wconf 90' lang='lat' dir='ltr'><strong>sorde</strong></span> <span class='ocrx_word' id='word_1_29' title='bbox 1710 1355 1886 1431; x_wconf 88' lang='lat' dir='ltr'><strong>vitiorum</strong></span> 
     </span>
     <span class='ocr_line' id='line_1_5' title="bbox 707 1471 1886 1572; baseline 0 -22"><span class='ocrx_word' id='word_1_30' title='bbox 707 1471 794 1550; x_wconf 90' lang='lat' dir='ltr'><strong>cum</strong></span> <span class='ocrx_word' id='word_1_31' title='bbox 820 1495 930 1572; x_wconf 87' lang='lat' dir='ltr'><strong>poeua</strong></span> <span class='ocrx_word' id='word_1_32' title='bbox 955 1473 1096 1567; x_wconf 82' lang='lat' dir='ltr'><strong>debita3</strong></span> <span class='ocrx_word' id='word_1_33' title='bbox 1121 1472 1221 1547; x_wconf 91' lang='lat' dir='ltr'><strong>uude</strong></span> <span class='ocrx_word' id='word_1_34' title='bbox 1244 1472 1348 1548; x_wconf 89' lang='lat' dir='ltr'><strong>dicit:</strong></span> <span class='ocrx_word' id='word_1_35' title='bbox 1365 1495 1385 1545; x_wconf 85' lang='lat' dir='ltr'><strong>e</strong></span> <span class='ocrx_word' id='word_1_36' title='bbox 1404 1475 1443 1546; x_wconf 81' lang='lat' dir='ltr'><strong>di</strong></span> <span class='ocrx_word' id='word_1_37' title='bbox 1465 1477 1574 1548; x_wconf 80' lang='lat' dir='ltr'><strong>salire</strong></span> <span class='ocrx_word' id='word_1_38' title='bbox 1597 1479 1637 1548; x_wconf 86' lang='lat' dir='ltr'><strong>al</strong></span> <span class='ocrx_word' id='word_1_39' title='bbox 1659 1477 1724 1550; x_wconf 83' lang='lat' dir='ltr'><strong>ciel</strong></span> <span class='ocrx_word' id='word_1_40' title='bbox 1745 1479 1886 1550; x_wconf 72' lang='lat' dir='ltr'><strong>diecula</strong></span> 
     </span>
     <span class='ocr_line' id='line_1_6' title="bbox 708 1591 1885 1690; baseline 0 -18"><span class='ocrx_word' id='word_1_41' title='bbox 708 1599 844 1690; x_wconf 59' lang='lat' dir='ltr'><strong>dayam</strong></span> <span class='ocrx_word' id='word_1_42' title='bbox 869 1595 956 1690; x_wconf 87' lang='lat' dir='ltr'><strong>quia</strong></span> <span class='ocrx_word' id='word_1_43' title='bbox 981 1593 1089 1668; x_wconf 89' lang='lat' dir='ltr'><strong>nimis</strong></span> <span class='ocrx_word' id='word_1_44' title='bbox 1112 1592 1258 1668; x_wconf 87' lang='lat' dir='ltr'><strong>videtur</strong></span> <span class='ocrx_word' id='word_1_45' title='bbox 1282 1591 1485 1689; x_wconf 79' lang='lat' dir='ltr'><strong>indignum,</strong></span> <span class='ocrx_word' id='word_1_46' title='bbox 1506 1601 1544 1670; x_wconf 88' lang='lat' dir='ltr'><strong>et</strong></span> <span class='ocrx_word' id='word_1_47' title='bbox 1568 1600 1698 1670; x_wconf 88' lang='lat' dir='ltr'><strong>contra</strong></span> <span class='ocrx_word' id='word_1_48' title='bbox 1722 1596 1885 1672; x_wconf 86' lang='lat' dir='ltr'><strong>divinam</strong></span> 
     </span>
     <span class='ocr_line' id='line_1_7' title="bbox 703 1713 1885 1814; baseline 0.004 -26"><span class='ocrx_word' id='word_1_49' title='bbox 703 1717 897 1814; x_wconf 84' lang='lat' dir='ltr'><strong>justitiam,</strong></span> <span class='ocrx_word' id='word_1_50' title='bbox 922 1713 1021 1809; x_wconf 86' lang='lat' dir='ltr'><strong>quod</strong></span> <span class='ocrx_word' id='word_1_51' title='bbox 1046 1713 1170 1788; x_wconf 89' lang='lat' dir='ltr'><strong>anima</strong></span> <span class='ocrx_word' id='word_1_52' title='bbox 1194 1713 1333 1808; x_wconf 85' lang='lat' dir='ltr'><strong>polluta</strong></span> <span class='ocrx_word' id='word_1_53' title='bbox 1358 1713 1441 1789; x_wconf 89' lang='lat' dir='ltr'><strong>labe</strong></span> <span class='ocrx_word' id='word_1_54' title='bbox 1465 1714 1662 1810; x_wconf 83' lang='lat' dir='ltr'><strong>malorum,</strong></span> <span class='ocrx_word' id='word_1_55' title='bbox 1683 1715 1830 1812; x_wconf 88' lang='lat' dir='ltr'><strong>impura</strong></span> <span class='ocrx_word' id='word_1_56' title='bbox 1846 1724 1885 1792; x_wconf 87' lang='lat' dir='ltr'><strong>et</strong></span> 
     </span>
     <span class='ocr_line' id='line_1_8' title="bbox 708 1832 1884 1935; baseline 0.001 -24"><span class='ocrx_word' id='word_1_57' title='bbox 708 1837 832 1935; x_wconf 78' lang='lat' dir='ltr'><strong>gravis</strong></span> <span class='ocrx_word' id='word_1_58' title='bbox 856 1834 1028 1910; x_wconf 78' lang='lat' dir='ltr'><strong>ascendat</strong></span> <span class='ocrx_word' id='word_1_59' title='bbox 1051 1832 1099 1908; x_wconf 87' lang='lat' dir='ltr'><strong>ad</strong></span> <span class='ocrx_word' id='word_1_60' title='bbox 1124 1833 1261 1908; x_wconf 87' lang='lat' dir='ltr'><strong>coelum</strong></span> <span class='ocrx_word' id='word_1_61' title='bbox 1287 1833 1526 1930; x_wconf 80' lang='lat' dir='ltr'><strong>purissimum</strong></span> <span class='ocrx_word' id='word_1_62' title='bbox 1552 1835 1652 1929; x_wconf 89' lang='lat' dir='ltr'><strong>quod</strong></span> <span class='ocrx_word' id='word_1_63' title='bbox 1680 1841 1800 1911; x_wconf 86' lang='lat' dir='ltr'><strong>totum</strong></span> <span class='ocrx_word' id='word_1_64' title='bbox 1827 1843 1884 1912; x_wconf 83' lang='lat' dir='ltr'><strong>est</strong></span> 
     </span>
     <span class='ocr_line' id='line_1_9' title="bbox 708 1953 1883 2054; baseline -0.003 -21"><span class='ocrx_word' id='word_1_65' title='bbox 708 1960 774 2034; x_wconf 88' lang='lat' dir='ltr'><strong>lux</strong></span> <span class='ocrx_word' id='word_1_66' title='bbox 799 1965 837 2035; x_wconf 91' lang='lat' dir='ltr'><strong>et</strong></span> <span class='ocrx_word' id='word_1_67' title='bbox 860 1977 978 2034; x_wconf 88' lang='lat' dir='ltr'><strong>amor.</strong></span> <span class='ocrx_word' id='word_1_68' title='bbox 1005 1955 1048 2028; x_wconf 81' lang='lat' dir='ltr'><strong>lit</strong></span> <span class='ocrx_word' id='word_1_69' title='bbox 1073 1953 1132 2029; x_wconf 91' lang='lat' dir='ltr'><strong>bic</strong></span> <span class='ocrx_word' id='word_1_70' title='bbox 1158 1961 1257 2046; x_wconf 88' lang='lat' dir='ltr'><strong>nota,</strong></span> <span class='ocrx_word' id='word_1_71' title='bbox 1282 1953 1410 2049; x_wconf 87' lang='lat' dir='ltr'><strong>lector,</strong></span> <span class='ocrx_word' id='word_1_72' title='bbox 1435 1956 1534 2049; x_wconf 88' lang='lat' dir='ltr'><strong>quod</strong></span> <span class='ocrx_word' id='word_1_73' title='bbox 1566 1956 1635 2031; x_wconf 88' lang='lat' dir='ltr'><strong>ista</strong></span> <span class='ocrx_word' id='word_1_74' title='bbox 1667 1956 1736 2031; x_wconf 92' lang='lat' dir='ltr'><strong>tria</strong></span> <span class='ocrx_word' id='word_1_75' title='bbox 1768 1977 1883 2054; x_wconf 77' lang='lat' dir='ltr'><strong>regna</strong></span> 
     </span>
     <span class='ocr_line' id='line_1_10' title="bbox 708 2073 1884 2176; baseline -0.005 -22"><span class='ocrx_word' id='word_1_76' title='bbox 708 2079 905 2176; x_wconf 75' lang='lat' dir='ltr'>persuadet</span> <span class='ocrx_word' id='word_1_77' title='bbox 931 2075 1071 2172; x_wconf 90' lang='lat' dir='ltr'><strong>justitia</strong></span> <span class='ocrx_word' id='word_1_78' title='bbox 1105 2095 1195 2150; x_wconf 85' lang='lat' dir='ltr'><strong>vera</strong></span> <span class='ocrx_word' id='word_1_79' title='bbox 1226 2073 1337 2149; x_wconf 83' lang='lat' dir='ltr'><strong>etiam</strong></span> <span class='ocrx_word' id='word_1_80' title='bbox 1371 2075 1470 2171; x_wconf 92' lang='lat' dir='ltr'><strong>apud</strong></span> <span class='ocrx_word' id='word_1_81' title='bbox 1507 2076 1672 2172; x_wconf 76' lang='lat' dir='ltr'><strong>gentiles.</strong></span> <span class='ocrx_word' id='word_1_82' title='bbox 1709 2075 1811 2152; x_wconf 88' lang='lat' dir='ltr'><strong>Unde</strong></span> <span class='ocrx_word' id='word_1_83' title='bbox 1841 2080 1884 2149; x_wconf 88' lang='lat' dir='ltr'><strong>ut</strong></span> 
     </span>
     <span class='ocr_line' id='line_1_11' title="bbox 707 2194 1883 2289; baseline -0.006 -13"><span class='ocrx_word' id='word_1_84' title='bbox 707 2201 875 2276; x_wconf 88' lang='lat' dir='ltr'><strong>omittam</strong></span> <span class='ocrx_word' id='word_1_85' title='bbox 902 2195 1107 2272; x_wconf 87' lang='lat' dir='ltr'><strong>testimonia</strong></span> <span class='ocrx_word' id='word_1_86' title='bbox 1133 2195 1256 2268; x_wconf 84' lang='lat' dir='ltr'><strong>Sacrae</strong></span> <span class='ocrx_word' id='word_1_87' title='bbox 1281 2194 1480 2289; x_wconf 74' lang='lat' dir='ltr'><strong>scripture</strong></span> <span class='ocrx_word' id='word_1_88' title='bbox 1504 2201 1543 2270; x_wconf 88' lang='lat' dir='ltr'><strong>et</strong></span> <span class='ocrx_word' id='word_1_89' title='bbox 1567 2194 1730 2269; x_wconf 83' lang='lat' dir='ltr'><strong>fidelium</strong></span> <span class='ocrx_word' id='word_1_90' title='bbox 1754 2195 1883 2269; x_wconf 87' lang='lat' dir='ltr'><strong>docto-</strong></span> 
     </span>
     <span class='ocr_line' id='line_1_12' title="bbox 707 2313 1882 2415; baseline -0.003 -19"><span class='ocrx_word' id='word_1_91' title='bbox 707 2342 806 2415; x_wconf 87' lang='lat' dir='ltr'><strong>rum,</strong></span> <span class='ocrx_word' id='word_1_92' title='bbox 830 2320 877 2394; x_wconf 88' lang='lat' dir='ltr'><strong>de</strong></span> <span class='ocrx_word' id='word_1_93' title='bbox 907 2317 1048 2392; x_wconf 90' lang='lat' dir='ltr'><strong>inlerno</strong></span> <span class='ocrx_word' id='word_1_94' title='bbox 1074 2313 1279 2408; x_wconf 83' lang='lat' dir='ltr'><strong>loquuntur</strong></span> <span class='ocrx_word' id='word_1_95' title='bbox 1305 2313 1430 2410; x_wconf 80' lang='lat' dir='ltr'><strong>magni</strong></span> <span class='ocrx_word' id='word_1_96' title='bbox 1454 2314 1656 2410; x_wconf 86' lang='lat' dir='ltr'><strong>philosophi</strong></span> <span class='ocrx_word' id='word_1_97' title='bbox 1686 2321 1723 2390; x_wconf 90' lang='lat' dir='ltr'><strong>et</strong></span> <span class='ocrx_word' id='word_1_98' title='bbox 1746 2325 1882 2411; x_wconf 54' lang='lat' dir='ltr'><strong>poetam</strong></span> 
     </span>
     <span class='ocr_line' id='line_1_13' title="bbox 708 2435 1883 2532; baseline -0.006 -15"><span class='ocrx_word' id='word_1_99' title='bbox 708 2441 805 2516; x_wconf 92' lang='lat' dir='ltr'><strong>unde</strong></span> <span class='ocrx_word' id='word_1_100' title='bbox 830 2437 1040 2513; x_wconf 78' lang='lat' dir='ltr'><strong>Aristoteles</strong></span> <span class='ocrx_word' id='word_1_101' title='bbox 1072 2435 1108 2509; x_wconf 93' lang='lat' dir='ltr'><strong>in</strong></span> <span class='ocrx_word' id='word_1_102' title='bbox 1138 2456 1206 2510; x_wconf 90' lang='lat' dir='ltr'><strong>sua</strong></span> <span class='ocrx_word' id='word_1_103' title='bbox 1235 2435 1376 2532; x_wconf 80' lang='lat' dir='ltr'><strong>poetria</strong></span> <span class='ocrx_word' id='word_1_104' title='bbox 1410 2435 1519 2510; x_wconf 83' lang='lat' dir='ltr'><strong>dicit:</strong></span> <span class='ocrx_word' id='word_1_105' title='bbox 1551 2439 1590 2509; x_wconf 82' lang='lat' dir='ltr'><strong>in</strong></span> <span class='ocrx_word' id='word_1_106' title='bbox 1621 2440 1761 2532; x_wconf 80' lang='lat' dir='ltr'><strong>inferno</strong></span> <span class='ocrx_word' id='word_1_107' title='bbox 1791 2439 1883 2510; x_wconf 83' lang='lat' dir='ltr'><strong>enim</strong></span> 
     </span>
     <span class='ocr_line' id='line_1_14' title="bbox 705 2557 1882 2654; baseline -0.005 -16"><span class='ocrx_word' id='word_1_108' title='bbox 705 2571 757 2638; x_wconf 81' lang='lat' dir='ltr'><strong>est</strong></span> <span class='ocrx_word' id='word_1_109' title='bbox 792 2563 955 2634; x_wconf 83' lang='lat' dir='ltr'><strong>continua</strong></span> <span class='ocrx_word' id='word_1_110' title='bbox 992 2559 1131 2630; x_wconf 70' lang='lat' dir='ltr'><strong>mentia</strong></span> <span class='ocrx_word' id='word_1_111' title='bbox 1165 2563 1199 2629; x_wconf 84' lang='lat' dir='ltr'><strong>et</strong></span> <span class='ocrx_word' id='word_1_112' title='bbox 1231 2577 1365 2628; x_wconf 86' lang='lat' dir='ltr'><strong>moeror</strong></span> <span class='ocrx_word' id='word_1_113' title='bbox 1397 2557 1665 2631; x_wconf 70' lang='lat' dir='ltr'><strong>inconsolabile.</strong></span> <span class='ocrx_word' id='word_1_114' title='bbox 1701 2559 1882 2654; x_wconf 81' lang='lat' dir='ltr'><strong>Purgato-</strong></span> 
     </span>
     <span class='ocr_line' id='line_1_15' title="bbox 649 2677 1882 2775; baseline -0.005 -17"><span class='ocrx_word' id='word_1_115' title='bbox 649 2761 652 2768; x_wconf 68' lang='lat'><em>,</em></span> <span class='ocrx_word' id='word_1_116' title='bbox 707 2683 805 2758; x_wconf 90' lang='lat' dir='ltr'><strong>rium</strong></span> <span class='ocrx_word' id='word_1_117' title='bbox 831 2683 1035 2775; x_wconf 91' lang='lat' dir='ltr'><strong>posuerunt</strong></span> <span class='ocrx_word' id='word_1_118' title='bbox 1059 2677 1285 2773; x_wconf 84' lang='lat' dir='ltr'><strong>Pythagoras</strong></span> <span class='ocrx_word' id='word_1_119' title='bbox 1309 2682 1347 2750; x_wconf 92' lang='lat' dir='ltr'><strong>et</strong></span> <span class='ocrx_word' id='word_1_120' title='bbox 1371 2677 1484 2772; x_wconf 86' lang='lat' dir='ltr'><strong>Plato,</strong></span> <span class='ocrx_word' id='word_1_121' title='bbox 1510 2677 1595 2753; x_wconf 88' lang='lat' dir='ltr'><strong>licet</strong></span> <span class='ocrx_word' id='word_1_122' title='bbox 1619 2699 1693 2753; x_wconf 91' lang='lat' dir='ltr'><strong>non</strong></span> <span class='ocrx_word' id='word_1_123' title='bbox 1717 2679 1787 2752; x_wconf 89' lang='lat' dir='ltr'><strong>sub</strong></span> <span class='ocrx_word' id='word_1_124' title='bbox 1812 2699 1882 2752; x_wconf 90' lang='lat' dir='ltr'><strong>no·</strong></span> 
     </span>
     <span class='ocr_line' id='line_1_16' title="bbox 707 2795 1880 2895; baseline -0.004 -18"><span class='ocrx_word' id='word_1_125' title='bbox 707 2803 806 2876; x_wconf 91' lang='lat' dir='ltr'><strong>mine</strong></span> <span class='ocrx_word' id='word_1_126' title='bbox 835 2796 1050 2895; x_wconf 80' lang='lat' dir='ltr'><strong>purgatorii,</strong></span> <span class='ocrx_word' id='word_1_127' title='bbox 1076 2795 1141 2890; x_wconf 89' lang='lat' dir='ltr'><strong>qui</strong></span> <span class='ocrx_word' id='word_1_128' title='bbox 1165 2796 1295 2870; x_wconf 88' lang='lat' dir='ltr'><strong>volunt</strong></span> <span class='ocrx_word' id='word_1_129' title='bbox 1319 2797 1417 2890; x_wconf 93' lang='lat' dir='ltr'><strong>quod</strong></span> <span class='ocrx_word' id='word_1_130' title='bbox 1447 2795 1570 2872; x_wconf 91' lang='lat' dir='ltr'><strong>anima</strong></span> <span class='ocrx_word' id='word_1_131' title='bbox 1595 2799 1699 2893; x_wconf 89' lang='lat' dir='ltr'><strong>pravi</strong></span> <span class='ocrx_word' id='word_1_132' title='bbox 1723 2797 1880 2872; x_wconf 83' lang='lat' dir='ltr'><strong>bominis</strong></span> 
     </span>
     <span class='ocr_line' id='line_1_17' title="bbox 705 2915 1878 3013; baseline -0.007 -14"><span class='ocrx_word' id='word_1_133' title='bbox 705 2921 890 2999; x_wconf 87' lang='lat' dir='ltr'><strong>interdum</strong></span> <span class='ocrx_word' id='word_1_134' title='bbox 917 2919 1027 2993; x_wconf 91' lang='lat' dir='ltr'><strong>intret</strong></span> <span class='ocrx_word' id='word_1_135' title='bbox 1056 2937 1191 3012; x_wconf 82' lang='lat' dir='ltr'><strong>corpus</strong></span> <span class='ocrx_word' id='word_1_136' title='bbox 1220 2915 1331 3011; x_wconf 86' lang='lat' dir='ltr'><strong>cauis,</strong></span> <span class='ocrx_word' id='word_1_137' title='bbox 1363 2916 1465 3011; x_wconf 89' lang='lat' dir='ltr'><strong>asini,</strong></span> <span class='ocrx_word' id='word_1_138' title='bbox 1495 2917 1673 3012; x_wconf 89' lang='lat' dir='ltr'><strong>serpentis</strong></span> <span class='ocrx_word' id='word_1_139' title='bbox 1701 2919 1760 2994; x_wconf 84' lang='lat' dir='ltr'><strong>vel</strong></span> <span class='ocrx_word' id='word_1_140' title='bbox 1790 2918 1878 3013; x_wconf 84' lang='lat' dir='ltr'><strong>ursi,</strong></span> 
     </span>
     <span class='ocr_line' id='line_1_18' title="bbox 706 3037 1879 3134; baseline -0.005 -16"><span class='ocrx_word' id='word_1_141' title='bbox 706 3050 749 3118; x_wconf 94' lang='lat' dir='ltr'><strong>ut</strong></span> <span class='ocrx_word' id='word_1_142' title='bbox 772 3042 820 3116; x_wconf 93' lang='lat' dir='ltr'><strong>ad</strong></span> <span class='ocrx_word' id='word_1_143' title='bbox 845 3047 992 3134; x_wconf 92' lang='lat' dir='ltr'><strong>tempus</strong></span> <span class='ocrx_word' id='word_1_144' title='bbox 1017 3043 1173 3134; x_wconf 88' lang='lat' dir='ltr'><strong>purgata</strong></span> <span class='ocrx_word' id='word_1_145' title='bbox 1198 3037 1310 3133; x_wconf 91' lang='lat' dir='ltr'><strong>possit</strong></span> <span class='ocrx_word' id='word_1_146' title='bbox 1335 3037 1457 3112; x_wconf 90' lang='lat' dir='ltr'><strong>redire</strong></span> <span class='ocrx_word' id='word_1_147' title='bbox 1481 3037 1528 3113; x_wconf 91' lang='lat' dir='ltr'><strong>ad</strong></span> <span class='ocrx_word' id='word_1_148' title='bbox 1552 3044 1662 3114; x_wconf 89' lang='lat' dir='ltr'><strong>astra.</strong></span> <span class='ocrx_word' id='word_1_149' title='bbox 1688 3039 1742 3113; x_wconf 80' lang='lat' dir='ltr'><strong>lle</strong></span> <span class='ocrx_word' id='word_1_150' title='bbox 1770 3059 1879 3134; x_wconf 87' lang='lat' dir='ltr'><strong>para-</strong></span> 
     </span>
     <span class='ocr_line' id='line_1_19' title="bbox 705 3158 1879 3254; baseline -0.004 -15"><span class='ocrx_word' id='word_1_151' title='bbox 705 3163 784 3239; x_wconf 92' lang='lat' dir='ltr'><strong>diso</strong></span> <span class='ocrx_word' id='word_1_152' title='bbox 810 3161 919 3237; x_wconf 87' lang='lat' dir='ltr'><strong>etiam</strong></span> <span class='ocrx_word' id='word_1_153' title='bbox 946 3158 1339 3254; x_wconf 76' lang='lat' dir='ltr'><strong>senseruntpraedict13</strong></span> <span class='ocrx_word' id='word_1_154' title='bbox 1367 3158 1465 3234; x_wconf 87' lang='lat' dir='ltr'><strong>uude</strong></span> <span class='ocrx_word' id='word_1_155' title='bbox 1495 3160 1598 3236; x_wconf 89' lang='lat' dir='ltr'><strong>Plato</strong></span> <span class='ocrx_word' id='word_1_156' title='bbox 1623 3160 1685 3254; x_wconf 91' lang='lat' dir='ltr'><strong>qui</strong></span> <span class='ocrx_word' id='word_1_157' title='bbox 1711 3160 1879 3254; x_wconf 91' lang='lat' dir='ltr'><strong>sequitur</strong></span> 
     </span>
     <span class='ocr_line' id='line_1_20' title="bbox 706 3277 1880 3379; baseline -0.002 -23"><span class='ocrx_word' id='word_1_158' title='bbox 706 3283 964 3379; x_wconf 82' lang='lat' dir='ltr'><strong>Pythagoram,</strong></span> <span class='ocrx_word' id='word_1_159' title='bbox 983 3285 1021 3354; x_wconf 94' lang='lat' dir='ltr'><strong>et</strong></span> <span class='ocrx_word' id='word_1_160' title='bbox 1038 3277 1177 3352; x_wconf 88' lang='lat' dir='ltr'><strong>Tullius</strong></span> <span class='ocrx_word' id='word_1_161' title='bbox 1189 3278 1258 3371; x_wconf 82' lang='lat' dir='ltr'><strong>‘qui</strong></span> <span class='ocrx_word' id='word_1_162' title='bbox 1275 3278 1442 3372; x_wconf 88' lang='lat' dir='ltr'><strong>sequitur</strong></span> <span class='ocrx_word' id='word_1_163' title='bbox 1460 3278 1661 3373; x_wconf 84' lang='lat' dir='ltr'><strong>Platonem,</strong></span> <span class='ocrx_word' id='word_1_164' title='bbox 1682 3279 1880 3355; x_wconf 86' lang='lat' dir='ltr'><strong>ostendunt</strong></span> 
     </span>
     <span class='ocr_line' id='line_1_21' title="bbox 707 3398 1881 3496; baseline -0.005 -18"><span class='ocrx_word' id='word_1_165' title='bbox 707 3409 865 3496; x_wconf 87' lang='lat' dir='ltr'><strong>uterque</strong></span> <span class='ocrx_word' id='word_1_166' title='bbox 890 3401 926 3474; x_wconf 91' lang='lat' dir='ltr'><strong>in</strong></span> <span class='ocrx_word' id='word_1_167' title='bbox 952 3399 1027 3474; x_wconf 90' lang='lat' dir='ltr'><strong>suis</strong></span> <span class='ocrx_word' id='word_1_168' title='bbox 1052 3399 1154 3472; x_wconf 91' lang='lat' dir='ltr'><strong>libris</strong></span> <span class='ocrx_word' id='word_1_169' title='bbox 1175 3398 1221 3474; x_wconf 91' lang='lat' dir='ltr'><strong>de</strong></span> <span class='ocrx_word' id='word_1_170' title='bbox 1243 3398 1430 3495; x_wconf 84' lang='lat' dir='ltr'><strong>republica</strong></span> <span class='ocrx_word' id='word_1_171' title='bbox 1447 3400 1599 3495; x_wconf 76' lang='lat' dir='ltr'><strong>premia</strong></span> <span class='ocrx_word' id='word_1_172' title='bbox 1619 3399 1796 3475; x_wconf 88' lang='lat' dir='ltr'><strong>destinata</strong></span> <span class='ocrx_word' id='word_1_173' title='bbox 1815 3400 1881 3494; x_wconf 87' lang='lat' dir='ltr'><strong>ju-</strong></span> 
     </span>
     <span class='ocr_line' id='line_1_22' title="bbox 706 3517 1877 3614; baseline -0.003 -18"><span class='ocrx_word' id='word_1_174' title='bbox 706 3523 769 3596; x_wconf 92' lang='lat' dir='ltr'><strong>stis</strong></span> <span class='ocrx_word' id='word_1_175' title='bbox 794 3521 831 3595; x_wconf 92' lang='lat' dir='ltr'><strong>in</strong></span> <span class='ocrx_word' id='word_1_176' title='bbox 856 3521 961 3614; x_wconf 70' lang='lat' dir='ltr'><strong>coelo,</strong></span> <span class='ocrx_word' id='word_1_177' title='bbox 988 3517 1124 3594; x_wconf 86' lang='lat' dir='ltr'><strong>scilicet</strong></span> <span class='ocrx_word' id='word_1_178' title='bbox 1155 3517 1469 3593; x_wconf 88' lang='lat' dir='ltr'><strong>immortalitatem</strong></span> <span class='ocrx_word' id='word_1_179' title='bbox 1502 3525 1540 3594; x_wconf 92' lang='lat' dir='ltr'><strong>et</strong></span> <span class='ocrx_word' id='word_1_180' title='bbox 1573 3519 1687 3594; x_wconf 80' lang='lat' dir='ltr'><strong>vitam</strong></span> <span class='ocrx_word' id='word_1_181' title='bbox 1718 3520 1877 3595; x_wconf 87' lang='lat' dir='ltr'><strong>beatam.</strong></span> 
     </span>
     <span class='ocr_line' id='line_1_23' title="bbox 705 3637 1879 3735; baseline -0.003 -18"><span class='ocrx_word' id='word_1_182' title='bbox 705 3641 807 3718; x_wconf 88' lang='lat' dir='ltr'><strong>Unde</strong></span> <span class='ocrx_word' id='word_1_183' title='bbox 832 3641 969 3714; x_wconf 88' lang='lat' dir='ltr'><strong>Tullius</strong></span> <span class='ocrx_word' id='word_1_184' title='bbox 995 3638 1032 3712; x_wconf 92' lang='lat' dir='ltr'><strong>in</strong></span> <span class='ocrx_word' id='word_1_185' title='bbox 1058 3637 1186 3711; x_wconf 88' lang='lat' dir='ltr'><strong>ultima</strong></span> <span class='ocrx_word' id='word_1_186' title='bbox 1203 3644 1308 3733; x_wconf 88' lang='lat' dir='ltr'><strong>parte</strong></span> <span class='ocrx_word' id='word_1_187' title='bbox 1332 3639 1425 3712; x_wconf 82' lang='lat' dir='ltr'><strong>sexti</strong></span> <span class='ocrx_word' id='word_1_188' title='bbox 1441 3638 1488 3713; x_wconf 91' lang='lat' dir='ltr'><strong>de</strong></span> <span class='ocrx_word' id='word_1_189' title='bbox 1511 3639 1698 3735; x_wconf 87' lang='lat' dir='ltr'><strong>republica</strong></span> <span class='ocrx_word' id='word_1_190' title='bbox 1722 3637 1879 3715; x_wconf 84' lang='lat' dir='ltr'><strong>ostendit</strong></span> 
     </span>
     <span class='ocr_line' id='line_1_24' title="bbox 704 3757 1879 3858; baseline -0.002 -22"><span class='ocrx_word' id='word_1_191' title='bbox 704 3762 856 3858; x_wconf 87' lang='lat' dir='ltr'><strong>praemia</strong></span> <span class='ocrx_word' id='word_1_192' title='bbox 882 3765 1009 3856; x_wconf 90' lang='lat' dir='ltr'><strong>parata</strong></span> <span class='ocrx_word' id='word_1_193' title='bbox 1034 3757 1238 3832; x_wconf 87' lang='lat' dir='ltr'><strong>cultoribus</strong></span> <span class='ocrx_word' id='word_1_194' title='bbox 1257 3758 1408 3854; x_wconf 79' lang='lat' dir='ltr'><strong>justitiae</strong></span> <span class='ocrx_word' id='word_1_195' title='bbox 1433 3757 1471 3832; x_wconf 90' lang='lat' dir='ltr'><strong>in</strong></span> <span class='ocrx_word' id='word_1_196' title='bbox 1494 3759 1601 3852; x_wconf 88' lang='lat' dir='ltr'><strong>coelo,</strong></span> <span class='ocrx_word' id='word_1_197' title='bbox 1619 3765 1657 3834; x_wconf 88' lang='lat' dir='ltr'><strong>et</strong></span> <span class='ocrx_word' id='word_1_198' title='bbox 1681 3757 1879 3853; x_wconf 86' lang='lat' dir='ltr'><strong>persuadet</strong></span> 
     </span>
     <span class='ocr_line' id='line_1_25' title="bbox 704 3876 1877 3975; baseline -0.006 -17"><span class='ocrx_word' id='word_1_199' title='bbox 704 3901 873 3958; x_wconf 92' lang='lat' dir='ltr'><strong>amorem</strong></span> <span class='ocrx_word' id='word_1_200' title='bbox 894 3877 1043 3975; x_wconf 79' lang='lat' dir='ltr'><strong>Jusntiae</strong></span> <span class='ocrx_word' id='word_1_201' title='bbox 1067 3876 1234 3972; x_wconf 90' lang='lat' dir='ltr'><strong>Scipioni.</strong></span> <span class='ocrx_word' id='word_1_202' title='bbox 1269 3878 1314 3950; x_wconf 84' lang='lat' dir='ltr'><strong>Et</strong></span> <span class='ocrx_word' id='word_1_203' title='bbox 1351 3877 1434 3972; x_wconf 89' lang='lat' dir='ltr'><strong>quis</strong></span> <span class='ocrx_word' id='word_1_204' title='bbox 1469 3899 1569 3953; x_wconf 84' lang='lat' dir='ltr'><strong>sauae</strong></span> <span class='ocrx_word' id='word_1_205' title='bbox 1607 3880 1739 3953; x_wconf 90' lang='lat' dir='ltr'><strong>mentis</strong></span> <span class='ocrx_word' id='word_1_206' title='bbox 1771 3898 1877 3952; x_wconf 88' lang='lat' dir='ltr'><strong>com·</strong></span> 
     </span>
     <span class='ocr_line' id='line_1_26' title="bbox 704 3996 1877 4097; baseline -0.003 -22"><span class='ocrx_word' id='word_1_207' title='bbox 704 4023 770 4097; x_wconf 90' lang='lat' dir='ltr'><strong>pos</strong></span> <span class='ocrx_word' id='word_1_208' title='bbox 791 4001 886 4074; x_wconf 91' lang='lat' dir='ltr'><strong>dicat</strong></span> <span class='ocrx_word' id='word_1_209' title='bbox 916 4000 1099 4074; x_wconf 90' lang='lat' dir='ltr'><strong>Neronem</strong></span> <span class='ocrx_word' id='word_1_210' title='bbox 1126 4004 1164 4071; x_wconf 94' lang='lat' dir='ltr'><strong>et</strong></span> <span class='ocrx_word' id='word_1_211' title='bbox 1188 3996 1392 4092; x_wconf 86' lang='lat' dir='ltr'><strong>Scipionem</strong></span> <span class='ocrx_word' id='word_1_212' title='bbox 1418 3997 1498 4092; x_wconf 90' lang='lat' dir='ltr'><strong>pari</strong></span> <span class='ocrx_word' id='word_1_213' title='bbox 1522 3998 1675 4094; x_wconf 76' lang='lat' dir='ltr'><strong>premio</strong></span> <span class='ocrx_word' id='word_1_214' title='bbox 1700 4017 1877 4073; x_wconf 87' lang='lat' dir='ltr'><strong>remune-</strong></span> 
     </span>
     <span class='ocr_line' id='line_1_27' title="bbox 708 4116 1879 4215; baseline -0.003 -19"><span class='ocrx_word' id='word_1_215' title='bbox 708 4121 808 4197; x_wconf 84' lang='lat' dir='ltr'><strong>rarii</strong></span> <span class='ocrx_word' id='word_1_216' title='bbox 828 4120 887 4195; x_wconf 87' lang='lat' dir='ltr'><strong>vel</strong></span> <span class='ocrx_word' id='word_1_217' title='bbox 905 4119 1133 4195; x_wconf 87' lang='lat' dir='ltr'><strong>Messalinam</strong></span> <span class='ocrx_word' id='word_1_218' title='bbox 1152 4127 1191 4193; x_wconf 90' lang='lat' dir='ltr'><strong>et</strong></span> <span class='ocrx_word' id='word_1_219' title='bbox 1205 4116 1414 4192; x_wconf 89' lang='lat' dir='ltr'><strong>Lucretiam</strong></span> <span class='ocrx_word' id='word_1_220' title='bbox 1439 4118 1519 4213; x_wconf 90' lang='lat' dir='ltr'><strong>pari</strong></span> <span class='ocrx_word' id='word_1_221' title='bbox 1536 4118 1712 4215; x_wconf 90' lang='lat' dir='ltr'><strong>supplicio</strong></span> <span class='ocrx_word' id='word_1_222' title='bbox 1728 4118 1879 4214; x_wconf 76' lang='lat' dir='ltr'><strong>puniri?</strong></span> 
     </span>
     <span class='ocr_line' id='line_1_28' title="bbox 704 4237 1875 4337; baseline -0.003 -19"><span class='ocrx_word' id='word_1_223' title='bbox 704 4243 807 4318; x_wconf 90' lang='lat' dir='ltr'><strong>Unde</strong></span> <span class='ocrx_word' id='word_1_224' title='bbox 835 4241 1062 4337; x_wconf 85' lang='lat' dir='ltr'><strong>Pythagoras</strong></span> <span class='ocrx_word' id='word_1_225' title='bbox 1087 4238 1123 4312; x_wconf 92' lang='lat' dir='ltr'><strong>in</strong></span> <span class='ocrx_word' id='word_1_226' title='bbox 1154 4237 1231 4311; x_wconf 92' lang='lat' dir='ltr'><strong>suis</strong></span> <span class='ocrx_word' id='word_1_227' title='bbox 1255 4237 1379 4312; x_wconf 87' lang='lat' dir='ltr'><strong>aureis</strong></span> <span class='ocrx_word' id='word_1_228' title='bbox 1408 4239 1586 4334; x_wconf 87' lang='lat' dir='ltr'><strong>versibus,</strong></span> <span class='ocrx_word' id='word_1_229' title='bbox 1620 4246 1662 4313; x_wconf 95' lang='lat' dir='ltr'><strong>ut</strong></span> <span class='ocrx_word' id='word_1_230' title='bbox 1695 4239 1875 4315; x_wconf 89' lang='lat' dir='ltr'><strong>Calcidius</strong></span> 
     </span>
     <span class='ocr_line' id='line_1_29' title="bbox 704 4360 1948 4456; baseline -0.003 -18"><span class='ocrx_word' id='word_1_231' title='bbox 704 4363 828 4456; x_wconf 87' lang='lat' dir='ltr'><strong>relert,</strong></span> <span class='ocrx_word' id='word_1_232' title='bbox 854 4361 961 4436; x_wconf 87' lang='lat' dir='ltr'><strong>dicit:</strong></span> <span class='ocrx_word' id='word_1_233' title='bbox 992 4363 1149 4452; x_wconf 77' lang='lat' dir='ltr'><strong>Corpore</strong></span> <span class='ocrx_word' id='word_1_234' title='bbox 1172 4361 1327 4454; x_wconf 73' lang='lat' dir='ltr'><strong>deposito</strong></span> <span class='ocrx_word' id='word_1_235' title='bbox 1350 4380 1428 4433; x_wconf 80' lang='lat' dir='ltr'><strong>cum</strong></span> <span class='ocrx_word' id='word_1_236' title='bbox 1452 4360 1539 4434; x_wconf 80' lang='lat' dir='ltr'><strong>liter</strong></span> <span class='ocrx_word' id='word_1_237' title='bbox 1563 4363 1614 4435; x_wconf 84' lang='lat' dir='ltr'><strong>ad</strong></span> <span class='ocrx_word' id='word_1_238' title='bbox 1636 4364 1768 4435; x_wconf 63' lang='lat' dir='ltr'><strong>oewra</strong></span> <span class='ocrx_word' id='word_1_239' title='bbox 1786 4385 1877 4455; x_wconf 82' lang='lat' dir='ltr'><strong>per·</strong></span> <span class='ocrx_word' id='word_1_240' title='bbox 1944 4416 1948 4422; x_wconf 78' lang='lat'><em>.</em></span> 
     </span>
     <span class='ocr_line' id='line_1_30' title="bbox 702 4481 1875 4577; baseline -0.001 -21"><span class='ocrx_word' id='word_1_241' title='bbox 702 4505 763 4577; x_wconf 77' lang='lat' dir='ltr'><strong>pes</strong></span> <span class='ocrx_word' id='word_1_242' title='bbox 788 4483 925 4556; x_wconf 78' lang='lat' dir='ltr'><strong>Ebudes</strong></span> <span class='ocrx_word' id='word_1_243' title='bbox 940 4482 1121 4552; x_wconf 69' lang='lat' dir='ltr'><strong>&#39;bominem</strong></span> <span class='ocrx_word' id='word_1_244' title='bbox 1143 4482 1258 4573; x_wconf 72' lang='lat' dir='ltr'><strong>foebo</strong></span> <span class='ocrx_word' id='word_1_245' title='bbox 1285 4481 1371 4552; x_wconf 62' lang='lat' dir='ltr'><strong>mus</strong></span> <span class='ocrx_word' id='word_1_246' title='bbox 1385 4481 1536 4554; x_wconf 57' lang='lat' dir='ltr'><strong>&#39;eden</strong></span> <span class='ocrx_word' id='word_1_247' title='bbox 1565 4484 1638 4555; x_wconf 82' lang='lat' dir='ltr'><strong>atti.</strong></span> <span class='ocrx_word' id='word_1_248' title='bbox 1651 4487 1777 4556; x_wconf 82' lang='lat' dir='ltr'><strong>—lla</strong></span> <span class='ocrx_word' id='word_1_249' title='bbox 1805 4485 1875 4574; x_wconf 71' lang='lat' dir='ltr'><strong>pati</strong></span> 
     </span>
     <span class='ocr_line' id='line_1_31' title="bbox 704 4591 1876 4698; baseline 0 -21"><span class='ocrx_word' id='word_1_250' title='bbox 704 4605 809 4678; x_wconf 91' lang='lat' dir='ltr'><strong>Nunc</strong></span> <span class='ocrx_word' id='word_1_251' title='bbox 833 4607 941 4698; x_wconf 90' lang='lat' dir='ltr'><strong>poeta</strong></span> <span class='ocrx_word' id='word_1_252' title='bbox 966 4591 1100 4696; x_wconf 67' lang='lat' dir='ltr'><strong>lacitl2)</strong></span> <span class='ocrx_word' id='word_1_253' title='bbox 1128 4618 1236 4672; x_wconf 89' lang='lat' dir='ltr'><strong>suam</strong></span> <span class='ocrx_word' id='word_1_254' title='bbox 1255 4599 1543 4695; x_wconf 80' lang='lat' dir='ltr'><strong>invocationem3</strong></span> <span class='ocrx_word' id='word_1_255' title='bbox 1561 4607 1599 4676; x_wconf 91' lang='lat' dir='ltr'><strong>et</strong></span> <span class='ocrx_word' id='word_1_256' title='bbox 1618 4601 1706 4695; x_wconf 86' lang='lat' dir='ltr'><strong>quia</strong></span> <span class='ocrx_word' id='word_1_257' title='bbox 1727 4601 1876 4677; x_wconf 80' lang='lat' dir='ltr'><strong>invoca·</strong></span> 
     </span>
     <span class='ocr_line' id='line_1_32' title="bbox 702 4719 1877 4818; baseline -0.003 -20"><span class='ocrx_word' id='word_1_258' title='bbox 702 4728 809 4799; x_wconf 82' lang='lat' dir='ltr'><strong>verat</strong></span> <span class='ocrx_word' id='word_1_259' title='bbox 833 4721 991 4818; x_wconf 90' lang='lat' dir='ltr'><strong>poeticas</strong></span> <span class='ocrx_word' id='word_1_260' title='bbox 1022 4721 1144 4793; x_wconf 88' lang='lat' dir='ltr'><strong>Musas</strong></span> <span class='ocrx_word' id='word_1_261' title='bbox 1167 4719 1330 4794; x_wconf 88' lang='lat' dir='ltr'><strong>secundo</strong></span> <span class='ocrx_word' id='word_1_262' title='bbox 1354 4720 1515 4816; x_wconf 90' lang='lat' dir='ltr'><strong>capitulo</strong></span> <span class='ocrx_word' id='word_1_263' title='bbox 1540 4720 1674 4796; x_wconf 91' lang='lat' dir='ltr'><strong>lnlerni</strong></span> <span class='ocrx_word' id='word_1_264' title='bbox 1700 4720 1738 4794; x_wconf 91' lang='lat' dir='ltr'><strong>in</strong></span> <span class='ocrx_word' id='word_1_265' title='bbox 1761 4741 1877 4817; x_wconf 82' lang='lat' dir='ltr'><strong>gene·</strong></span> 
     </span>
     <span class='ocr_line' id='line_1_33' title="bbox 703 4839 1873 4936; baseline -0.002 -20"><span class='ocrx_word' id='word_1_266' title='bbox 703 4841 782 4936; x_wconf 81' lang='lat' dir='ltr'><strong>nali,</strong></span> <span class='ocrx_word' id='word_1_267' title='bbox 809 4860 908 4915; x_wconf 91' lang='lat' dir='ltr'><strong>nunc</strong></span> <span class='ocrx_word' id='word_1_268' title='bbox 933 4839 1077 4913; x_wconf 88' lang='lat' dir='ltr'><strong>invocat</strong></span> <span class='ocrx_word' id='word_1_269' title='bbox 1102 4857 1165 4914; x_wconf 86' lang='lat' dir='ltr'><strong>eas</strong></span> <span class='ocrx_word' id='word_1_270' title='bbox 1189 4839 1227 4913; x_wconf 90' lang='lat' dir='ltr'><strong>in</strong></span> <span class='ocrx_word' id='word_1_271' title='bbox 1252 4840 1427 4936; x_wconf 83' lang='lat' dir='ltr'><strong>generali,</strong></span> <span class='ocrx_word' id='word_1_272' title='bbox 1453 4847 1492 4915; x_wconf 87' lang='lat' dir='ltr'><strong>et</strong></span> <span class='ocrx_word' id='word_1_273' title='bbox 1524 4861 1636 4916; x_wconf 90' lang='lat' dir='ltr'><strong>unam</strong></span> <span class='ocrx_word' id='word_1_274' title='bbox 1662 4841 1701 4914; x_wconf 90' lang='lat' dir='ltr'><strong>in</strong></span> <span class='ocrx_word' id='word_1_275' title='bbox 1716 4841 1873 4936; x_wconf 89' lang='lat' dir='ltr'><strong>speciali.</strong></span> 
     </span>
    </p>
   </div>
   <div class='ocr_carea' id='block_1_3' title="bbox 765 5099 1624 5166">
    <p class='ocr_par' dir='ltr' id='par_1_3' title="bbox 765 5099 1624 5166">
     <span class='ocr_line' id='line_1_34' title="bbox 765 5099 1624 5166; baseline 0 -14"><span class='ocrx_word' id='word_1_276' title='bbox 765 5100 794 5166; x_wconf 80' lang='lat'><strong>(¹)</strong></span> <span class='ocrx_word' id='word_1_277' title='bbox 810 5101 841 5152; x_wconf 80' lang='lat' dir='ltr'><strong>ll.</strong></span> <span class='ocrx_word' id='word_1_278' title='bbox 857 5100 954 5151; x_wconf 77' lang='lat' dir='ltr'><strong>clar-lm</strong></span> <span class='ocrx_word' id='word_1_279' title='bbox 967 5114 1046 5166; x_wconf 81' lang='lat' dir='ltr'><strong>supra</strong></span> <span class='ocrx_word' id='word_1_280' title='bbox 1062 5101 1157 5166; x_wconf 81' lang='lat' dir='ltr'><strong>primo.</strong></span> <span class='ocrx_word' id='word_1_281' title='bbox 1343 5099 1373 5165; x_wconf 79' lang='lat' dir='ltr'><strong>l&#39;)</strong></span> <span class='ocrx_word' id='word_1_282' title='bbox 1389 5106 1444 5164; x_wconf 80' lang='lat'><strong>¹1⁷,</strong></span> <span class='ocrx_word' id='word_1_283' title='bbox 1459 5100 1523 5154; x_wconf 76' lang='lat' dir='ltr'><strong>iacit</strong></span> <span class='ocrx_word' id='word_1_284' title='bbox 1536 5114 1624 5152; x_wconf 77' lang='lat' dir='ltr'><strong>m.</strong></span> 
     </span>
    </p>
   </div>
   <div class='ocr_carea' id='block_1_4' title="bbox 0 0 2276 6841">
    <p class='ocr_par' dir='ltr' id='par_1_4' title="bbox 0 0 2276 6841">
     <span class='ocr_line' id='line_1_35' title="bbox 0 0 2276 6841; baseline 0 0"><span class='ocrx_word' id='word_1_285' title='bbox 0 0 2276 6841; x_wconf 95' lang='lat' dir='ltr'><strong> </strong></span> 
     </span>
    </p>
   </div>
  </div>
 </body>
</html>
