4542 6842
703 957 750 1026 8⁶2
1065 971 1269 1026 counuruu
1293 972 1512 1027 vunenronu

702 1118 805 1215 gregi
832 1118 978 1191 illarum
1004 1117 1226 1211 animarum,
1256 1116 1467 1212 dicitquod
1492 1116 1569 1211 ipse
1593 1115 1692 1190 solus
1718 1115 1877 1190 recurrit

702 1236 748 1311 ad
774 1237 906 1312 ducem
932 1259 1042 1312 suum
1073 1238 1275 1334 Virgilium,
1294 1237 1373 1312 siue
1393 1258 1470 1330 quo
1488 1258 1562 1310 nou
1585 1242 1731 1332 poterat
1747 1255 1876 1310 asceu-

701 1357 791 1432 dere
817 1365 992 1434 montem.
1020 1359 1111 1434 Dicit
1136 1378 1227 1455 ergo
1258 1357 1528 1432 continuative:
1563 1361 1605 1430 lo
1633 1359 1682 1429 mi
1710 1359 1877 1447 rumne,

703 1476 805 1573 idest,
832 1477 985 1554 strictim
1012 1479 1142 1555 reduxi
1168 1499 1241 1574 me,
1267 1481 1341 1552 ulla
1362 1479 1439 1572 fidu
1464 1497 1675 1570 compagae,
1701 1477 1803 1570 idest,
1830 1477 1877 1551 ad

704 1597 896 1695 Virgilium
923 1598 1067 1675 fidelem
1093 1601 1269 1694 amicum,
1296 1599 1360 1694 qui
1386 1618 1592 1693 numquam
1610 1596 1772 1671 deseruit
1788 1617 1876 1671 eum

705 1742 903 1816 quousque
936 1723 1053 1817 potuit
1075 1722 1217 1797 sociare
1247 1721 1392 1816 ipsnm3
1422 1719 1485 1814 qui
1515 1718 1686 1815 Virgilius
1705 1719 1785 1814 Jam
1811 1718 1876 1793 de-

707 1842 848 1918 stiterat
863 1837 898 1936 (¹)
926 1865 948 1918 a
976 1843 1073 1939 iuga,
1100 1863 1237 1934 coemto
1261 1844 1321 1914 otc
1346 1845 1382 1914 ta
1406 1841 1568 1914 subitum
1586 1843 1688 1934 supa,
1714 1846 1795 1935 post
1817 1859 1877 1914 re·

707 1963 986 2057 prehensionem
1013 1963 1169 2056 Catonis,
1195 1965 1411 2054 dispergesse
1434 1964 1546 2052 rotor,
1572 1958 1674 2053 idest,
1700 1960 1778 2032 illas
1799 1959 1878 2032 ani-

707 2103 786 2156 mas
813 2103 937 2177 vanas,
962 2081 1068 2176 quasi
1093 2082 1208 2156 dicat:
1235 2081 1318 2155 licet
1343 2079 1533 2175 dispersim
1554 2079 1725 2175 lugerent
1750 2099 1879 2155 omues

706 2199 784 2276 sine
800 2202 905 2296 duce,
922 2225 987 2294 per
1007 2205 1043 2275 ta
1068 2222 1281 2294 campoque,
1300 2199 1402 2294 idest,
1421 2199 1607 2295 planitiem
1625 2198 1719 2272 illius
1738 2199 1878 2294 insule,

705 2324 823 2395 rivolta·
846 2325 885 2394 al
908 2329 1031 2416 monte,
1054 2321 1190 2395 scilicet
1215 2320 1419 2417 purgatorii
1448 2318 1635 2394 tendentes
1660 2339 1791 2394 versus
1816 2341 1880 2395 oc-

706 2441 885 2516 cidentem
913 2462 998 2516 cum
1026 2443 1102 2515 sole
1128 2463 1149 2515 a
1176 2451 1293 2537 tergo,
1319 2461 1383 2514 ove
1410 2442 1541 2530 raptor
1564 2461 1609 2512 ne
1630 2445 1754 2534 fraga,
1778 2440 1880 2536 idest,

709 2563 745 2636 in
770 2583 845 2655 quo
872 2563 1012 2657 iustitia
1043 2562 1206 2635 stimulat
1235 2567 1273 2636 et
1302 2568 1437 2657 purgat
1450 2552 1487 2653 (¹)
1522 2582 1598 2635 nos.
1631 2561 1674 2634 Et
1708 2562 1881 2636 contiuuo

708 2683 791 2755 iacit
808 2683 1098 2776 antipophoram,
1117 2681 1260 2756 dicens:
1281 2702 1378 2755 corne
1398 2684 1494 2753 soret
1509 2685 1544 2754 io
1563 2703 1672 2754 senza
1690 2684 1738 2754 tut
1753 2687 1880 2754 corso?

710 2803 803 2877 sicut
835 2803 994 2875 seueram
1028 2801 1139 2896 paulo
1168 2809 1254 2876 ante
1284 2822 1371 2875 cum
1407 2821 1464 2895 eo,
1495 2801 1600 2894 quasi
1629 2801 1748 2875 dicat:
1779 2801 1880 2874 nullo

709 2921 837 3016 mod03
852 2924 906 2994 clu·
919 2923 1069 2993 m'aortu
1085 2928 1191 2993 trutto
1207 2943 1248 2994 su
1258 2943 1325 3014 per
1338 2925 1375 2994 lo
1388 2927 1609 3013 montagud?
1621 2928 1695 2994 tam
1711 2922 1879 3014 arduam,

711 3051 753 3119 ut
777 3043 919 3117 dicetur
945 3043 1165 3137 paulopost,
1188 3042 1292 3135 quasi
1316 3042 1431 3116 dicat:
1454 3043 1576 3116 nullus
1597 3043 1662 3116 nisi
1684 3041 1771 3138 ipse,
1794 3041 1880 3135 quia

710 3165 786 3238 sola
813 3163 906 3238 ratio
931 3163 1030 3237 ducit
1057 3162 1243 3237 hominem
1269 3163 1315 3236 ad
1340 3162 1515 3237 virtutem
1548 3163 1775 3237 illuminante
1805 3164 1883 3238 sole

710 3285 841 3358 divinae
866 3283 1004 3379 gratiae.
1019 3288 1126 3356 -Ei
1156 3286 1206 3356 mi
1230 3305 1357 3375 pareo.
1384 3283 1449 3358 llic
1479 3289 1586 3379 poeta
1618 3284 1789 3359 describit
1817 3285 1885 3358 lvo-

710 3425 797 3477 nam
823 3402 1091 3498 dispositionem
1119 3403 1256 3499 Virgilii
1283 3411 1321 3477 et
1346 3405 1414 3496 sui,
1442 3405 1530 3497 quia
1553 3405 1689 3480 scilicet
1714 3405 1885 3501 Virgilius

711 3524 842 3599 redivit
867 3523 913 3597 ad
939 3544 1045 3597 suam
1072 3523 1303 3619 gravitatem,
1331 3531 1368 3598 et
1393 3523 1470 3619 ipse
1495 3525 1541 3598 ad
1558 3547 1667 3599 suum
1687 3526 1884 3621 principale

709 3644 909 3737 intentum3
935 3644 1034 3718 unde
1059 3644 1145 3720 dicit
1170 3645 1288 3739 primo
1314 3645 1360 3720 de
1377 3631 1555 3742 Virgilio:
1578 3649 1678 3719 dmi
1696 3667 1814 3740 porea
1838 3649 1888 3720 da

711 3787 748 3838 se
773 3771 880 3838 stesso
899 3768 1066 3854 rimorso,
1083 3764 1230 3858 scilicet,
1249 3785 1418 3839 remorsu
1436 3755 1473 3857 (³)
1491 3766 1732 3840 conscientia.
1755 3767 1887 3841 Dicunt

713 3883 817 3958 multi
845 3884 890 3959 de
923 3905 1052 3958 errore
1081 3905 1161 3978 suo,
1187 3884 1274 3977 quia
1304 3906 1415 3980 supra
1446 3891 1640 3959 vacaverat
1673 3885 1723 3960 ita
1748 3893 1886 3961 attente

713 4005 835 4078 cantui
851 3993 888 4097 (⁴)
914 4005 1009 4078 illius
1034 4005 1202 4079 Casellae:
1225 4012 1265 4078 tu
1292 4005 1457 4080 verodic
1477 4005 1674 4098 quoderat
1698 4027 1886 4082 remorsus

714 4145 781 4219 pro
816 4124 1017 4198 festinantia
1052 4145 1196 4217 cursus,
1223 4146 1307 4218 quae
1336 4123 1561 4199 disconvenit
1590 4125 1671 4199 viro
1702 4127 1818 4221 gravi,
1847 4133 1885 4198 ut

714 4244 874 4319 declarat
900 4245 1003 4322 litera
1029 4266 1198 4339 sequens.
1221 4245 1323 4320 Unde
1341 4246 1522 4319 exclamat
1541 4245 1577 4318 in
1597 4247 1886 4322 commendatio-

714 4385 800 4438 nem
826 4365 932 4439 bonae
958 4365 1212 4440 conscientian:
1242 4371 1285 4455 0,
1311 4364 1413 4457 idest,
1439 4364 1531 4456 dico,
1554 4370 1748 4439 coorierzta
1772 4371 1888 4458 diput-

715 4493 804 4574 tosa,
830 4483 932 4578 idest,
958 4484 1194 4581 dignitatibus
1219 4485 1337 4579 plena,
1370 4492 1518 4574 encta,
1542 4484 1644 4579 idest,
1667 4507 1771 4581 pura.
1793 4487 1889 4562 Con-

715 4603 864 4678 scientia
890 4605 987 4679 enim
1015 4606 1149 4680 dicitur
1173 4605 1276 4698 quasi
1293 4625 1380 4678 cum
1399 4604 1471 4678 alio
1488 4605 1648 4699 scicntia,
1667 4627 1754 4680 cum
1781 4609 1891 4682 homo

714 4731 768 4797 est
795 4723 861 4798 sibi
888 4727 1055 4799 conscius
1090 4746 1244 4798 suorum
1271 4724 1453 4797 bonorum
1485 4724 1544 4799 vel
1570 4725 1779 4821 malorum3
1809 4727 1890 4801 ideo

714 4841 822 4917 dicit:
854 4865 950 4918 come
983 4839 1039 4917 re*
1064 4847 1188 4936 picoto!
1216 4847 1307 4938 salto
1341 4865 1469 4917 omaro
1504 4852 1653 4918 morso!
1684 4845 1771 4939 quia
1804 4847 1889 4920 illud

780 5033 805 5091 ξ’)
823 5031 853 5080 Ε.
870 5032 977 5082 distabat
995 5032 1048 5082 sive
1064 5031 1204 5082 destiterat.
1267 5031 1295 5092 p)
1312 5034 1367 5091 ill,
1384 5033 1475 5094 pungit
1490 5045 1546 5081 nos.
1610 5029 1684 5094 (¹113.
1700 5044 1799 5082 morsu.

780 5107 806 5170 (⁸)
822 5106 848 5156 S.
865 5112 943 5157 cantu
959 5107 1236 5159 demensum-13.
1254 5107 1340 5158 cantui
1356 5105 1425 5157 illius
1441 5107 1481 5158 sui
1496 5107 1609 5158 &sella
