4542 6842
729 964 869 1020 cnnrus
893 962 1050 1019 nnornus
1074 963 1252 1030 ouranos.
1502 952 1570 1020 381

401 1131 545 1188 venena
562 1111 695 1205 Circes
713 1110 807 1185 sicut
831 1108 919 1184 soeii
936 1107 1005 1203 sni,
1022 1108 1173 1184 vixisset
1188 1109 1289 1184 canis
1305 1110 1521 1185 immundus
1539 1117 1577 1186 et

400 1252 464 1306 sus
489 1231 608 1306 amica
636 1231 735 1325 luto;
760 1229 842 1305 ideo
867 1227 953 1304 dicit
969 1227 989 1272 *
1005 1221 1063 1322 (¹):
1084 1224 1149 1322 piri
1172 1231 1278 1320 donni
1301 1231 1340 1303 di
1361 1233 1467 1322 nolle
1485 1230 1591 1306 idest‘

400 1350 603 1448 glandibus,
630 1371 714 1446 oure
739 1355 825 1424 sunt
849 1348 920 1424 eibi
936 1339 972 1442 (¹)
1000 1369 1214 1445 poroorum,
1241 1352 1301 1423 ele
1329 1353 1364 1424 d
1381 1353 1476 1424 auro
1500 1349 1576 1424 eido

397 1475 487 1566 sotto
511 1475 548 1545 in
573 1493 683 1546 eman
706 1493 780 1544 uso.
794 1473 981 1544 -Botoli
1008 1470 1072 1544 Hie
1102 1470 1268 1543 nominat
1298 1471 1479 1547 secundos
1508 1473 1575 1545 ha-

400 1591 575 1667 bitatores
600 1591 699 1688 Arni,
724 1590 860 1666 seilicet
890 1589 1062 1685 aretinos,
1094 1609 1188 1684 quos
1217 1589 1393 1664 assimilat
1421 1591 1575 1665 canibus

399 1711 479 1807 illis,
506 1712 632 1807 quiin
659 1732 727 1786 sua
753 1711 874 1807 speeie
901 1719 988 1788 sunt
1016 1711 1119 1806 parvi
1144 1710 1371 1804 naturaliter,
1405 1712 1470 1786 sed
1498 1713 1574 1787 ela·

400 1833 504 1909 mosi.
517 1841 519 1844 ’
531 1833 623 1909 Dicit
647 1853 755 1930 ergo:
781 1837 819 1906 et
843 1831 904 1907 illa
929 1831 1043 1926 vallis,
1055 1833 1121 1924 poi
1136 1833 1292 1904 ornando
1307 1835 1423 1924 nouo,-
1438 1831 1574 1907 scilieet

399 1955 566 2030 Aretium
584 1953 868 2030 vetustissimam
888 1951 1085 2047 civitatem,
1103 1952 1291 2047 quondam
1318 1973 1437 2026 unum
1462 1959 1574 2048 eaput

400 2075 551 2169 Tusciae,
582 2081 685 2148 trouu
709 2076 826 2148 Boeoti
831 2099 847 2166 ;
878 2083 916 2149 et
940 2093 1030 2149 vere
1054 2071 1186 2148 aretini
1217 2079 1371 2168 possunt
1397 2072 1571 2168 appellari

399 2213 509 2269 canes
533 2193 605 2267 elio
632 2199 812 2288 respectu,
838 2191 974 2268 scilieet
998 2197 1149 2288 propter
1172 2193 1420 2288 eloquentiam
1447 2199 1486 2268 et
1510 2213 1573 2267 se-
1610 2219 1615 2229 ·

397 2313 606 2411 gaeitatem,
631 2313 725 2387 sient
748 2311 952 2388 Mercurius
972 2312 1192 2409 pingebatur
1208 2311 1297 2388 olim
1315 2313 1351 2386 in
1368 2312 1490 2407 speeie
1508 2331 1572 2386 ca-

396 2435 471 2530 nis3
489 2441 527 2510 et
546 2433 650 2508 dicit:
676 2436 860 2525 rinqiiosi,
877 2433 979 2527 idest,
999 2433 1190 2529 rixatores,
1206 2429 1270 2527 piri
1288 2436 1349 2508 ele
1364 2455 1435 2506 non
1453 2435 1569 2508 enode

399 2558 456 2629 lor
481 2575 616 2648 possu,·
649 2553 735 2648 quia
766 2557 997 2648 praesumunt
1027 2573 1140 2648 super
1170 2552 1269 2628 vires
1293 2573 1438 2647 eorum,
1460 2553 1570 2647 iuxta
1607 2623 1611 2627 ,

397 2674 486 2750 illud
511 2675 680 2750 Senecam
706 2674 849 2747 sonides
873 2673 1148 2747 imbecillioribus
1171 2693 1248 2747 mos
1278 2681 1341 2766 ert,
1367 2680 1406 2746 ut
1432 2693 1568 2766 semper

399 2795 599 2870 mitonem
624 2795 809 2868 latratibus
833 2795 1099 2886 intomescem5
1124 2799 1163 2868 et
1186 2791 1290 2868 dicit:
1315 2801 1351 2866 et
1379 2814 1404 2866 o
1429 2796 1485 2866 lor
1514 2793 1571 2866 di·

397 2918 571 3008 sdeyuoso
596 2916 742 2988 torceii
769 2933 878 2987 muso.
911 2910 997 2989 Vult
1029 2910 1152 2988 dicere
1181 2912 1280 3008 quod
1310 2912 1433 2988 Arnus
1460 2913 1570 3008 juxta

397 3034 563 3110 dretium
588 3033 746 3108 delleetit
769 3032 815 3106 ad
840 3032 1033 3126 orientem,
1054 3038 1091 3107 et
1116 3033 1254 3108 recedit
1269 3034 1317 3108 ab
1333 3034 1459 3110 Aretio
1477 3033 1571 3108 lorte

398 3178 465 3253 per
490 3155 560 3230 tria
586 3153 763 3248 milliaria,
790 3153 839 3228 ita
863 3153 965 3248 quod
989 3153 1136 3228 videtur
1165 3154 1212 3228 ed
1226 3145 1265 3247 (³)
1295 3155 1448 3229 modum
1478 3152 1571 3228 indi·

397 3276 540 3375 gnantis
556 3276 698 3351 dicore:
717 3275 801 3349 nolo
818 3273 865 3348 ad
882 3279 919 3348 te
936 3273 1074 3349 venire.
1088 3314 1138 3331 --
1158 3277 1266 3348 Verri.
1285 3273 1351 3349 llio
1367 3273 1486 3349 Guido
1502 3293 1571 3347 no-

397 3399 512 3472 minat
537 3397 664 3472 tertios
694 3393 915 3469 habitatores
945 3393 1045 3488 Arni,
1072 3393 1207 3470 seilicet
1232 3395 1445 3470 florentinos
1470 3414 1569 3488 suos,

397 3538 490 3616 quos
515 3516 624 3613 digne
648 3521 755 3591 vooat
779 3515 896 3610 lupos,
913 3515 960 3588 ab
978 3513 1146 3590 insatiata
1171 3515 1369 3611 cupiditate
1393 3513 1568 3590 avaritiae.

396 3639 489 3713 llicit
514 3657 616 3733 ergo,
644 3635 760 3732 magis
775 3655 984 3730 aggravans
1001 3635 1160 3709 iactum:
1178 3637 1215 3708 lo
1231 3637 1415 3709 malmico
1432 3654 1569 3708 esven·

397 3765 515 3832 torota
541 3761 655 3852 fosso,
688 3755 833 3848 scilieet,
866 3755 970 3829 vallis
998 3755 1097 3851 Arni,
1128 3758 1225 3829 omri
1251 3758 1447 3848 coquendo,
1478 3753 1572 3830 idest

396 3881 571 3956 deorsum
596 3877 783 3970 lebitone
807 3879 925 3968 quent
938 3879 1006 3950 elle
1026 3872 1088 3970 pto
1104 3879 1282 3970 'nerossm
1307 3897 1354 3952 ex
1381 3877 1508 3951 rivulis
1531 3882 1570 3952 et

396 4000 475 4074 eliis
500 3997 722 4091 fluminibus
744 4003 840 4070 tanto
856 3992 919 4089 pid
943 4003 1048 4070 dove
1072 3999 1110 4070 di
1133 4019 1203 4070 cen
1223 4001 1320 4092 sarsi
1342 3999 1424 4090 lupi.
1451 3997 1568 4072 caree
1597 3979 1600 3986 ¹

396 4118 494 4195 enim
521 4124 607 4193 sunt
632 4115 848 4191 naturaliter
868 4115 1005 4190 inimici
1022 4116 1208 4212 luporum,
1229 4123 1267 4190 et
1283 4117 1333 4192 ita
1349 4115 1482 4192 aretini
1499 4115 1567 4190 do-

397 4239 639 4328 rentinorum,
658 4243 696 4311 et
712 4255 809 4331 saepe
826 4236 1107 4311 momorderunt
1123 4257 1206 4331 eos3
1224 4237 1287 4312 sed
1304 4237 1379 4331 lupi
1397 4236 1568 4311 fortiores

396 4363 675 4457 prostraverunt
691 4377 811 4432 canes.
830 4357 874 4430 lit
899 4356 957 4431 hie
975 4363 1073 4451 nota,
1091 4357 1219 4450 lector,
1235 4357 1335 4452 quod
1358 4357 1447 4432 iilud
1469 4357 1568 4451 quod

394 4487 503 4577 poeta
527 4485 652 4553 noster
677 4477 735 4551 hio
760 4475 845 4550 dicit
869 4474 916 4550 de
941 4476 1207 4552 habitatoribus
1232 4477 1318 4573 istis,
1342 4481 1487 4573 poterat
1510 4475 1567 4551 di-

395 4620 492 4694 oere,
518 4599 594 4673 imo
618 4595 704 4670 dicit
727 4616 795 4690 pro
819 4615 955 4691 magna
972 4601 1076 4690 parte
1095 4596 1143 4671 de
1158 4596 1423 4672 habitatoribus
1442 4597 1566 4693 ltaliae,

457 4867 484 4930 ι’)
500 4864 548 4918 Nol
565 4871 655 4916 nostro
671 4869 737 4916 testo
758 4878 850 4916 manea
869 4869 967 4929 quanto
983 4867 999 4915 d
1014 4877 1152 4928 comptem
1169 4867 1202 4916 da
1221 4871 1313 4930 qualo
1332 4867 1456 4918 uterum
1471 4867 1524 4920 iluo
1540 4870 1565 4920 nl

395 4944 540 5034 meomeiro
555 4941 626 4992 nella
641 4941 734 5006 pagina
749 4946 887 5007 engannim
904 4940 937 4993 ed
952 4941 968 4992 e
983 4945 1050 4994 stato
1070 4942 1184 5006 mpplito
1199 4957 1250 4994 oon
1270 4943 1288 4993 l’
1298 4943 1405 4994 &tense
1421 4957 1437 4995 e
1453 4943 1489 5009 gli
1504 4944 1565 4996 altri

396 5020 490 5158 cmg).
502 5097 527 5148 S.
543 5109 559 5148 e
576 5097 606 5148 E.
623 5097 702 5148 uibus.
898 5095 925 5160 Γ)
942 5095 968 5148 S.
985 5097 1124 5148 admodum
1140 5097 1301 5163 ludimur
1316 5097 1410 5148 disere
