4542 6842
841 973 979 1030 caurus
1004 976 1149 1031 suxrus.
1510 967 1577 1034 181
1681 947 1685 956 ⁴

408 1121 630 1214 namnum,
646 1118 749 1214 idest,
768 1125 885 1195 terras
911 1120 1114 1197 maritimas
1129 1114 1180 1216 (¹),
1204 1142 1224 1195 e
1241 1124 1307 1215 put
1330 1125 1357 1195 a·
1378 1126 1521 1213 uuerde
1541 1125 1580 1196 in

408 1260 504 1332 sam,
531 1239 632 1333 idest,
650 1240 688 1315 in
713 1240 846 1335 medio,
863 1242 1010 1335 scilicet,
1028 1248 1147 1317 terras
1173 1242 1472 1337 mediterraneas,
1489 1245 1580 1316 s'al-

383 1378 498 1433 cuna
517 1366 624 1452 parte
647 1362 686 1433 iu
710 1368 741 1434 lc
765 1363 803 1435 di
822 1362 911 1453 pace
934 1350 1034 1453 nuda.
1061 1362 1105 1434 Et
1129 1362 1200 1455 hic,
1225 1362 1352 1457 lector,
1376 1383 1438 1437 me
1464 1382 1579 1437 ercu-

407 1478 514 1575 sabis,
541 1481 627 1576 quia
652 1486 852 1576 antequam
887 1480 1040 1557 ulterius
1071 1480 1280 1578 procedam,
1310 1502 1424 1580 cogor
1457 1485 1580 1559 lacere

407 1598 627 1677 invectivam
652 1608 780 1677 contra
802 1602 969 1677 Dantem.
987 1602 1017 1675 Ο
1036 1601 1190 1694 utinam,
1207 1608 1316 1695 poeta
1336 1602 1500 1697 mirifice,
1519 1626 1579 1680 re·

408 1719 603 1797 vivisceres
628 1720 759 1797 model
786 1720 848 1795 ubi
862 1711 900 1813 (²)
927 1741 1011 1815 pax,
1038 1720 1101 1794 ubi
1127 1720 1287 1815 libertas,
1313 1721 1377 1796 ubi
1398 1725 1579 1818 tranquil·
1614 1739 1617 1747 '

407 1838 488 1913 litus
514 1839 704 1915 initalia?
729 1838 1070 1933 Facilitervidebis,
1095 1860 1119 1915 ο
1150 1840 1295 1934 Dentes,
1327 1840 1426 1935 quod
1455 1842 1580 1937 aliqua

408 1960 641 2055 particularia
668 1960 765 2035 mala
785 1966 850 2035 tuo
867 1966 1035 2055 tempere
1051 1962 1270 2057 premebant
1285 1960 1446 2056 ltaliam,
1464 1971 1502 2037 et
1518 1963 1579 2038 illa
1618 2000 1704 2062 ,s

407 2078 556 2171 quidem
591 2100 704 2175 parva
735 2086 771 2155 et
801 2100 940 2177 pauca3
972 2100 1150 2156 numeras
1181 2081 1279 2157 enim
1316 2082 1411 2157 iuter
1443 2082 1579 2158 (lamna

407 2193 516 2268 Italiae
551 2196 753 2271 carentiam
788 2196 968 2293 principis,
1003 2204 1041 2272 et
1073 2196 1292 2272 discordiam
1327 2200 1577 2291 quarumdam

407 2313 640 2389 familiarum.
667 2317 772 2392 Nunc
796 2322 922 2391 autem
949 2317 1074 2413 peiora
1100 2318 1194 2394 lacta
1221 2339 1288 2393 nos
1316 2306 1501 2414 premunt,
1527 2320 1578 2395 ila

407 2442 456 2517 ut¹
473 2434 594 2511 dicere
619 2438 753 2533 possim
779 2437 825 2512 de
850 2444 927 2513 tcta
952 2438 1054 2514 ltalia
1085 2440 1184 2533 quod
1215 2439 1386 2536 Virgilius
1419 2449 1507 2514 tuus
1530 2440 1578 2515 de

407 2576 482 2630 una
520 2554 613 2631 urbe
649 2556 761 2631 dixit:
797 2561 952 2633 crudelis
984 2559 1107 2651 ubique
1140 2562 1262 2651 tactus,
1290 2560 1413 2652 utiam
1444 2581 1577 2653 pavor,

406 2683 440 2748 ct
471 2679 626 2767 plurimu
663 2680 785 2751 mortis
820 2682 950 2770 imane.
990 2679 1062 2752 ero
1100 2684 1204 2754 certo
1241 2678 1343 2753 ltalia
1382 2701 1456 2754 neu
1493 2679 1579 2755 talia

408 2814 513 2890 passa
538 2803 593 2870 est
618 2802 786 2893 tempore
814 2798 1035 2893 Hannibalis,
1054 2818 1127 2873 non
1150 2806 1317 2891 tempure
1342 2799 1483 2894 Pyrrhi,
1502 2820 1578 2873 non

410 2922 576 3013 tempore
605 2920 804 3014 gothorum
839 2926 904 2993 aut
925 2908 961 3011 (³)
994 2918 1318 3015 lungubardorum.
1345 2919 1453 2993 Attila
1478 2920 1576 2995 enirn

409 3058 482 3114 unu
520 3038 654 3135 legitur
688 3039 859 3113 transisse
891 3038 1135 3133 Apenninum,
1168 3059 1237 3114 uec
1270 3038 1385 3113 Tutila
1424 3039 1576 3136 Padum,

409 3161 473 3236 sed
496 3162 617 3235 solum
641 3160 796 3235 vastavit
814 3148 850 3251 (⁸)
874 3180 1032 3255 reguum
1059 3166 1096 3235 et
1121 3160 1289 3234 Romam.
1316 3160 1462 3247 Quanto
1487 3181 1578 3258 erge

410 3281 671 3376 excusabilius,
705 3281 735 3356 si
766 3281 818 3356 ias
848 3286 955 3373 esset,
986 3300 1130 3376 possem
1163 3282 1373 3355 exclamare
1406 3280 1453 3355 ad
1490 3282 1580 3355 0m-

407 3401 641 3498 nipoteutem,
667 3421 781 3495 quam
811 3407 865 3495 tu,
898 3400 961 3495 qui
993 3400 1031 3475 in
1066 3406 1232 3495 tempora
1265 3400 1380 3475 felicia
1412 3401 1577 3496 incidisti,

355 3582 364 3603 .
406 3522 540 3618 quibus
565 3542 632 3597 uos
656 3540 786 3597 omues
813 3541 911 3595 nuuc
936 3521 1100 3595 viventes
1129 3520 1168 3593 in
1196 3519 1331 3595 misera
1360 3520 1461 3594 ltalia
1492 3540 1578 3615 pos·

406 3664 536 3717 sumus
569 3642 762 3717 invideret
794 3643 874 3737 lpse
902 3661 1004 3737 ergo,
1035 3640 1098 3735 qui
1131 3646 1259 3736 petest,
1291 3640 1425 3715 arundo
1459 3642 1578 3715 mittat

406 3764 584 3857 Veltrum,
599 3783 710 3857 quem
724 3768 765 3836 tu
778 3762 896 3837 vidisti
909 3762 946 3835 in
963 3782 1094 3837 sumno
1106 3752 1156 3855 (5),
1171 3761 1203 3835 si
1219 3766 1344 3835 tamen
1362 3782 1526 3855 uuquam
1538 3753 1576 3854 (⁶)

408 3893 587 3961 venturus
612 3890 678 3960 est.
692 3922 740 3937 -
757 3886 823 3957 Oba
848 3888 933 3957 val?
958 3882 1023 3958 Hic
1047 3888 1156 3978 poeta
1183 3889 1364 3979 aggravat
1389 3882 1575 3957 miseriam

407 4006 535 4100 ltaliae3
561 4004 649 4099 quia
673 4004 703 4078 si
727 4004 829 4079 ltalia
855 4002 945 4077 elim
972 4002 1039 4077 luit
1063 4021 1238 4097 oppressa
1262 4021 1285 4075 a
1309 4000 1477 4075 barbaris
1497 4008 1580 4096 post

408 4124 604 4219 imperium
618 4124 836 4200 translatum
850 4122 887 4195 iu
900 4119 1576 4215 Graeciam,tamenbabuitaliquandu

408 4246 634 4321 relevantem
650 4234 687 4337 (⁷)
708 4249 745 4319 et
771 4243 1033 4319 reformantem
1051 4262 1146 4317 eam.
1165 4241 1257 4317 Dicit
1274 4260 1383 4336 ergo:
1413 4244 1480 4315 otc
1496 4246 1579 4317 val?

408 4365 514 4461 quasi
547 4364 662 4441 dicat:
689 4364 789 4458 nibil,
809 4356 940 4457 parate*
966 4366 1196 4455 Giusbruuno,
1216 4362 1341 4456 justus
1365 4360 1579 4457 imperator,
1610 4423 1613 4440 .

298 4486 308 4495 “
409 4489 435 4559 a·
457 4486 698 4559 ruecmwiasse
721 4486 750 4557 il
769 4488 888 4579 (tam,
907 4482 999 4557 idest
1017 4482 1313 4579 gubernaculum
1337 4487 1375 4555 et
1399 4482 1577 4577 regimen.

407 4608 485 4681 Hoc
517 4611 642 4681 autem
675 4604 758 4680 lecit
790 4604 945 4700 legibus,
980 4622 1064 4697 quae
1098 4602 1353 4699 coustringunt
1386 4601 1579 4677 bominum

408 4727 524 4820 vitas3
550 4731 587 4800 et
611 4724 736 4820 armis,
763 4724 849 4819 quia
874 4723 1042 4799 liberavit
1064 4723 1206 4797 Italiam
1235 4722 1283 4797 de
1313 4722 1482 4797 manibus
1511 4744 1580 4818 go·

472 4954 498 5017 (¹)
514 4954 545 5003 Ε.
561 4955 682 5005 marinus.
1098 4950 1126 5017 (¹)
1142 4951 1174 5001 B.
1190 4950 1233 5001 ubi
1251 4963 1307 5013 pax,
1324 4948 1369 4999 ubi
1385 4947 1564 5012 tranquillitas

472 5028 499 5091 (⁸)
515 5028 541 5079 S.
557 5035 602 5079 sut
618 5035 736 5093 tempora
752 5028 981 5094 hugobardorum.
1099 5026 1125 5089 (¹)
1143 5026 1174 5077 R
1189 5028 1331 5077 vastarunt.

472 5106 499 5169 (¹)
516 5110 570 5167 117,
586 5108 696 5159 munnio.
774 5106 801 5169 Γ)
816 5106 843 5159 S.
859 5117 1010 5169 numquam.
1096 5103 1123 5167 (⁷)
1140 5107 1195 5164 111,
1211 5101 1393 5153 toleratorum.
