4542 6842
803 984 941 1041 caurus
966 986 1168 1041 vrousunus.
1499 976 1568 1043 tlt

401 1136 469 1225 tro,
495 1130 542 1205 de
568 1151 645 1225 quo
662 1132 794 1207 Petrus
813 1132 1000 1227 redarguit
1025 1152 1100 1226 eoo,
1122 1139 1164 1205 ut
1188 1131 1345 1206 babetur
1366 1132 1403 1205 in
1421 1132 1572 1207 Actibus

398 1249 656 1345 Apostolorum
683 1251 713 1324 ll
739 1252 914 1347 capitulo;
932 1260 970 1327 et
987 1252 1035 1327 illi
1053 1253 1176 1329 statim
1202 1253 1413 1329 ceciderunt
1433 1255 1570 1329 mortui

395 1369 442 1445 ad
469 1371 579 1466 pedes
604 1371 695 1447 eius.
722 1371 813 1446 Dicit
831 1392 923 1468 ergo
939 1374 1065 1469 llugo:
1083 1377 1166 1447 Indi
1191 1378 1402 1465 oeconomo,
1420 1375 1570 1470 scilicet,

396 1510 463 1564 nos
489 1498 676 1566 cantantes
693 1485 743 1585 (¹),
761 1493 928 1584 Sopbiro,
944 1492 1091 1586 scilicet,
1117 1493 1324 1586 mulierem,
1348 1497 1406 1567 cot
1424 1497 1569 1585 morito,

397 1610 461 1705 qui
486 1631 533 1686 ex
558 1610 695 1687 vilitate
719 1622 977 1706 peccaverunt,
996 1632 1069 1685 nou
1090 1618 1278 1707 sperantes
1297 1605 1464 1706 spiritum
1485 1634 1570 1687 san·

397 1736 499 1805 etum
525 1731 625 1804 alere
650 1750 724 1805 eoo.
742 1730 786 1805 Et
803 1729 925 1804 subdit
944 1729 1058 1803 alium
1076 1736 1201 1805 actum
1219 1730 1406 1826 sacrilege
1421 1722 1458 1824 (¹)
1477 1752 1568 1806 ava-

397 1852 499 1925 ritiae.
526 1850 580 1923 bd
606 1850 704 1944 quod
729 1857 785 1925 est
810 1850 1010 1944 sciendum,
1028 1850 1127 1945 quod
1153 1850 1325 1925 scribitur
1340 1851 1569 1925 Machabaeo·

398 1992 483 2045 rum
508 1971 602 2045 libro
627 1971 669 2064 ll,
694 1971 853 2065 capitulo
873 1971 928 2063 lll,
954 1970 1182 2066 llelyodorus
1207 1970 1339 2044 missus
1364 1992 1387 2045 a
1412 1972 1569 2047 Seleuco

397 2112 487 2188 rege
510 2092 602 2165 bsiae
628 2092 664 2165 in
690 2092 898 2167 Jerusalem
915 2090 961 2165 ad
978 2090 1205 2185 spoliandum
1231 2091 1404 2165 aerarium
1427 2093 1566 2187 templi,

396 2212 481 2307 quia
507 2212 699 2287 audiverat
723 2211 771 2285 ab
796 2210 960 2306 Apolline
984 2209 1032 2283 ibi
1058 2230 1139 2285 esse
1163 2212 1361 2285 immensas
1381 2212 1505 2306 copias
1521 2212 1568 2287 ad

396 2331 571 2407 sacrificia
597 2351 670 2406 non
694 2330 928 2426 pertinentes,
951 2350 1037 2404 cum
1063 2330 1288 2425 pervenisset
1312 2330 1359 2405 ad
1383 2333 1565 2426 templum

395 2472 481 2527 cum
495 2450 707 2525 satellitibus
723 2450 809 2543 suis,
828 2456 866 2524 et
882 2449 1053 2545 spoliaret
1074 2449 1173 2544 illud,
1191 2450 1360 2545 apparuit
1376 2450 1424 2525 ibi
1443 2471 1563 2545 equus

395 2570 565 2646 terribilis
581 2591 669 2645 eum
687 2571 811 2664 equite
828 2568 1072 2644 armatissimo
1090 2568 1154 2663 qui
1179 2570 1289 2665 eoepit
1314 2566 1566 2666 llelyorlorum

394 2690 605 2783 calcitrare3
623 2691 687 2785 qui
706 2690 866 2783 territus,
884 2689 959 2763 suis
980 2688 1193 2764 satellitibus
1210 2688 1390 2784 dispersis,
1407 2710 1565 2765 conver-

395 2832 457 2885 sus
482 2810 528 2885 ad
554 2810 750 2884 Dominum
777 2808 903 2905 petivit
927 2810 1084 2905 veniam,
1111 2817 1150 2884 et
1179 2830 1351 2885 reversus
1380 2808 1418 2883 in
1442 2810 1565 2884 Asiam

395 2932 519 3007 omnia
544 2928 707 3004 narravit
733 2930 822 3025 regi.
849 2929 941 3003 Dicit
966 2950 1056 3025 ergo
1081 2930 1211 3027 Hugo:
1237 2932 1404 3023 todiomo,
1433 2930 1472 3002 in
1497 2930 1566 3003 ista

395 3050 563 3125 cantione
588 3056 779 3143 nocturna,
806 3051 820 3121 i
844 3052 943 3140 nolui,
966 3049 1101 3143 pedum
1120 3048 1344 3122 serratorum
1366 3048 1565 3142 timendos;

396 3170 566 3246 meliores
590 3169 742 3244 luissent
763 3168 853 3242 muli
871 3189 983 3263 qnam
1012 3168 1231 3262 equi-Ed
1253 3171 1291 3241 iu
1314 3171 1473 3262 bisancio.
1500 3167 1566 3241 llio

395 3291 501 3387 Hugo
521 3289 672 3363 damnat
688 3287 802 3363 alium
829 3294 953 3362 actum
980 3286 1101 3384 impiae
1125 3287 1300 3362 avaritiae.
1318 3286 1488 3381 loquor
1509 3293 1565 3361 est

394 3410 556 3485 breviter
573 3408 763 3483 sciendum
777 3408 990 3503 quod,sicut
1008 3407 1132 3485 scribit
1149 3408 1318 3504 Virgilius
1335 3408 1380 3480 lll
1397 3408 1562 3500 ltneidos,

393 3551 479 3605 eum
506 3530 622 3604 lineas
648 3535 728 3623 post
754 3549 940 3603 recessum
966 3548 988 3602 a
1014 3528 1121 3602 Troia
1147 3527 1372 3624 pervenisset
1394 3527 1432 3602 in
1448 3528 1565 3601 Thra·

393 3650 488 3726 ciam
502 3650 691 3745 regionem
712 3655 749 3723 et
766 3650 893 3724 volens
909 3648 1031 3723 lacere
1048 3647 1280 3743 sacrificium,
1298 3648 1474 3723 evelleret
1489 3647 1565 3723 vir-

393 3790 459 3868 gas
473 3767 593 3865 myrti,
605 3788 650 3843 ex
663 3767 782 3864 primo
794 3788 899 3841 ramo
912 3774 1105 3862 coeperunt
1117 3787 1272 3843 manare
1285 3772 1400 3863 guttae
1414 3764 1565 3864 sangui·

395 3888 449 3963 nis
464 3878 520 3981 (ῆι
547 3908 592 3963 ex
620 3908 695 3982 qno
719 3886 836 3960 Eneas
856 3886 972 3960 lactus
994 3886 1160 3982 stupidus
1177 3892 1214 3961 ct
1233 3887 1394 3983 trepidus
1411 3884 1565 3962 tentavit

395 4009 529 4085 iterum
556 4009 715 4084 evellere
739 4006 853 4082 alium
875 4028 1023 4081 ramum
1043 4013 1085 4081 ut
1102 4007 1310 4103 exploraret
1334 4028 1486 4082 causam
1507 4009 1564 4082 la·
1673 3987 1678 3995 ’

393 4135 531 4205 tentem
564 4128 635 4223 rei;
668 4134 706 4203 et
740 4128 875 4201 iterum
908 4126 1056 4223 sanguis
1086 4126 1250 4201 manavit
1280 4126 1327 4201 de
1351 4127 1488 4203 cortine
1503 4114 1562 4221 (ἥς

394 4249 503 4325 tertio
529 4248 669 4323 maiore
694 4247 729 4323 vi
755 4246 864 4341 ooepit
890 4246 1048 4321 evellere
1072 4246 1287 4343 virgultum,
1313 4250 1350 4320 et
1375 4266 1462 4321 ecoe
1488 4266 1561 4320 vox

394 4366 638 4466 lacrymabilis
663 4366 775 4442 exivit
799 4366 846 4441 dc
872 4372 982 4459 terra,
999 4364 1142 4440 dicens:
1161 4386 1229 4439 cur
1253 4364 1312 4461 pie
1329 4365 1428 4440 linea
1453 4364 1563 4459 impie

394 4492 534 4566 laceras
560 4509 621 4564 me
646 4488 835 4581 miserum,
856 4487 934 4582 jam
960 4506 1071 4580 parce
1095 4486 1257 4580 sepulto;
1278 4486 1352 4561 ben
1369 4485 1457 4583 luge
1473 4505 1562 4559 cru·

393 4610 493 4686 deles
523 4616 653 4704 terras,
685 4609 773 4705 luge
802 4608 888 4682 litus
916 4627 1072 4681 avarum
1103 4613 1184 4702 etc,
1210 4608 1309 4681 bunc
1337 4606 1560 4702 Polydomm

393 4730 516 4805 infelix
529 4730 698 4803 Priamus
711 4727 896 4823 quondam
911 4726 1060 4801 miserat
1073 4725 1340 4823 Polymnestori
1353 4725 1432 4822 regi
1444 4725 1560 4800 Thra-

394 4850 460 4925 ciae
491 4870 629 4947 genero
663 4869 731 4923 suo
762 4867 848 4922 cum
880 4867 1015 4943 magno
1047 4846 1209 4941 pondere
1243 4846 1340 4939 anri,
1370 4866 1457 4921 cum
1481 4844 1561 4940 J‘am

456 5036 483 5096 (¹)
499 5036 530 5086 ll.
546 5040 678 5085 cantantes
693 5033 779 5095 simul,
796 5033 916 5097 Sopbtro.
1062 5032 1090 5095 (¹)
1105 5034 1136 5084 ll.
1148 5034 1267 5096 sacrilegi
1282 5032 1361 5084 nram.
1377 5030 1428 5082 An.

455 5112 483 5175 l⁸t
498 5117 553 5173 ¹¹⁷,
569 5112 723 5175 anguinae.
1065 5108 1091 5171 l¹l
1107 5109 1139 5161 Β.
1155 5110 1269 5162 murce:
1285 5111 1382 5160 lterum
1397 5108 1483 5159 toruo
