4542 6842
739 970 815 1043 tet
1105 978 1309 1038 concocunt
1323 978 1555 1039 revocamen

739 1131 920 1224 msam,
946 1146 1030 1221 quae
1046 1122 1145 1202 :olias
1163 1124 1300 1200 *oolrrtoe
1329 1130 1368 1199 et
1394 1124 1592 1199 declarate
1620 1122 1781 1217 inerant,
1813 1130 1916 1199 olm

740 1251 922 1325 omo’ooto
945 1248 1005 1319 olto
1028 1246 1233 1319 rooooteoto
1258 1264 1367 1334 oman,
1388 1242 1492 1337 quasi
1513 1243 1628 1321 dicat:
1650 1264 1697 1319 ea
1725 1263 1840 1338 parvo
1859 1242 1914 1319 lor

740 1370 832 1447 bore
851 1365 1117 1443 lessusdabam
1138 1384 1200 1440 me
1213 1383 1347 1439 somno
1365 1383 1470 1442 more
1489 1362 1669 1439 accidiosi.
1687 1363 1731 1437 Et
1758 1362 1810 1441 sic
1832 1362 1932 1441 ride·

741 1487 928 1584 quomodo
952 1483 1147 1561 artificiose
1172 1482 1284 1559 intrat
1305 1481 1681 1575 materiam-accidie,
1700 1482 1786 1575 qne
1811 1481 1917 1589 lingit

740 1630 781 1685 se
806 1606 926 1682 subito
952 1604 1082 1681 vidisse
1108 1624 1242 1680 novam
1266 1610 1429 1698 gentem,
1453 1600 1598 1677 dicens:
1617 1622 1677 1675 ma
1693 1610 1915 1694 materon-

741 1730 903 1803 aolcozto
920 1729 968 1801 noi
984 1727 1139 1819 orote,
1156 1723 1260 1816 idest,
1274 1722 1394 1800 statim
1413 1722 1481 1799 luit
1496 1722 1714 1818 interrupta,
1732 1726 1781 1799 do
1799 1731 1914 1815 orat,

740 1849 843 1942 idest,
869 1864 1055 1943 agenore
1085 1843 1366 1938 oceidiosorom,
1385 1846 1450 1920 rte
1471 1864 1547 1919 ora
1576 1833 1639 1934 ott
1672 1848 1765 1921 oolla
1786 1866 1822 1917 -o
1849 1850 1914 1922 noi

740 1972 834 2063 dopo
858 1970 1032 2042 le=oortre
1054 1965 1291 2058 santleonio
1312 1964 1516 2041 currebant
1538 1984 1626 2039 eom
1657 1971 1758 2041 tanto
1790 1967 1915 2044 studio

741 2088 840 2185 quod
860 2089 939 2183 jam
956 2092 1228 2183 nemorrorant
1252 2089 1370 2162 totum
1396 2084 1590 2179 circulum,
1613 2088 1808 2161 etiterum
1834 2090 1913 2163 rol-

741 2201 926 2301 rebontl¹l
952 2226 1104 2283 cursum
1127 2211 1218 2301 ‚post
1250 2213 1354 2303 targa
1383 2225 1527 2281 eorum
1541 2212 1637 2281 -Ε
1665 2210 1778 2299 quote.
1808 2208 1913 2283 Nunc

740 2337 849 2427 poeta
874 2327 1044 2403 describit
1059 2318 1096 2419 (²)
1123 2326 1381 2421 purgationem
1399 2324 1672 2401 accidiosorum
1699 2328 1835 2421 quibus
1851 2328 1914 2403 drt

742 2450 1013 2527 meritissimum
1038 2467 1198 2544 poenam.
1225 2446 1344 2543 Fingit
1369 2446 1468 2522 enim
1499 2446 1599 2539 quod
1624 2448 1771 2521 suntin
1796 2448 1915 2523 couti-

740 2591 816 2649 nno
842 2569 970 2645 labore
986 2568 1183 2659 currendo,
1204 2566 1399 2661 loquendo,
1420 2564 1748 2661 meditando,·qoia
1765 2575 1913 2643 maba-

740 2690 795 2766 ria
813 2688 1006 2765 contrariis
1023 2693 1213 2763 curantur.
1230 2685 1439 2761 Accidiosos
1454 2684 1551 2759 mrim
1572 2691 1697 2779 peccat
1713 2687 1913 2783 tripliciter,

739 2811 887 2905 scilicet,
912 2809 1035 2902 corde,
1064 2828 1136 2883 non
1163 2806 1354 2903 cogitando
1385 2805 1432 2882 de
1461 2806 1551 2900 lieo,
1577 2806 1623 2881 de
1648 2809 1767 2883 salute
1792 2808 1849 2882 sui
1874 2816 1914 2885 et

740 2930 911 3027 proximi,
937 2950 1009 3003 non
1036 2927 1191 3003 dolendo
1214 2926 1261 3000 de
1289 2931 1451 3021 pecmto,
1477 2946 1551 2999 non
1581 2926 1743 3001 vacando
1769 2927 1911 3005 studio:

740 3071 818 3144 ore,
845 3069 919 3125 non
944 3048 1084 3125 orando
1109 3053 1148 3121 et
1173 3045 1355 3121 laudando
1380 3045 1511 3139 Deum
1525 3066 1611 3121 non
1636 3046 1800 3123 docendo
1825 3068 1914 3143 pro·

739 3172 883 3247 alimum
915 3167 1147 3260 consolando,
1182 3165 1496 3261 reprehendendo,
1530 3173 1568 3243 et
1601 3166 1652 3243 sic
1685 3167 1733 3243 de
1766 3169 1910 3245 muros:

739 3310 862 3386 opere,
881 3308 954 3362 non
971 3286 1091 3363 dando
1108 3285 1382 3379 eleemosinam,
1400 3306 1474 3360 non
1493 3286 1616 3361 eundo
1638 3287 1685 3361 ad
1706 3289 1912 3379 ecelesiam,

738 3416 776 3486 et
800 3410 849 3483 ita
875 3408 921 3483 de
947 3408 1035 3482 aliis
1058 3406 1111 3479 ,ld
1131 3404 1359 3501 propositum
1378 3425 1469 3501 ergo
1488 3406 1552 3500 qui
1574 3408 1653 3481 volt
1669 3428 1833 3504 purgare
1849 3429 1912 3483 ae·

738 3530 869 3605 sidiam
895 3529 932 3603 in
958 3548 1010 3621 se,
1030 3528 1091 3601 obi
1113 3527 1253 3601 solebat
1277 3532 1387 3619 stare,
1405 3525 1545 3619 sedere,
1553 3526 1691 3621 iacere,
1704 3527 1815 3603 debet
1830 3550 1914 3603 om·

736 3653 879 3745 lmlare,
906 3669 1077 3741 correre;
1105 3648 1167 3722 ubi
1192 3647 1333 3723 solebat
1357 3645 1464 3721 otiari
1486 3646 1597 3722 debet
1621 3648 1820 3743 negotiari3
1846 3648 1913 3725 ubi

733 3773 877 3849 solebat
902 3770 1065 3847 dormire
1089 3770 1200 3844 debet
1217 3768 1394 3864 eigilem,
1411 3773 1449 3843 et
1467 3767 1642 3864 evigilans
1661 3788 1684 3841 a
1707 3789 1840 3844 mmno
1855 3770 1912 3845 di-

715 3913 824 3969 ·cere
845 3892 914 3967 slbi
941 3899 978 3965 et
1002 3889 1099 3966 allis:
1127 3888 1215 3983 qnid
1240 3888 1300 3963 blo
1324 3888 1362 3961 in
1387 3894 1441 3963 tot
1462 3888 1570 3963 annis
1593 3889 1760 3985 egimus?
1785 3910 1913 3965 come-

737 4013 869 4106 limos,
896 4011 1067 4102 bibimus,
1098 4008 1353 4102 dormivimus,
1384 4008 1489 4083 tarde
1520 4029 1610 4083 vero
1644 4010 1908 4107 evigilavi*

737 4132 872 4207 Ordine
897 4132 948 4205 sic
973 4131 1129 4224 literam,
1143 4150 1240 4223 oum
1265 4136 1321 4205 est
1345 4129 1552 4223 aliqoeliter
1566 4120 1605 4222 (³)
1635 4131 1749 4206 tortis
1777 4130 1820 4205 ltt
1836 4132 1910 4207 ‚Q

735 4252 919 4351 gorsiam
940 4251 1034 4327 diem
1048 4250 1453 4343 acediosorumffotoa,
1469 4249 1574 4342 idest,
1585 4250 1694 4347 girat,
1707 4273 1772 4325 sao
1784 4272 1906 4346 paam,

735 4374 841 4467 quasi
867 4371 979 4447 dicat:
1006 4370 1247 4463 discurrebat,
1266 4390 1336 4461 per
1361 4373 1440 4461 ouer
1461 4373 1583 4461 airon,
1617 4371 1764 4466 scilicet,
1795 4393 1911 4467 orrar-

726 4504 832 4589 ttom,
870 4496 1039 4582 vermen,
1078 4492 1180 4585 idest,
1218 4489 1380 4585 veniens,
1411 4511 1480 4583 per
1515 4495 1595 4583 orel
1628 4495 1680 4565 olr'
1696 4496 1732 4565 lo
1769 4496 1842 4568 otdi
1856 4496 1913 4569 ,dt

737 4620 849 4707 color,
867 4614 971 4709 quasi
992 4613 1107 4687 dicat:
1128 4610 1429 4706 quantumpotoi
1445 4613 1759 4707 comprehendere
1774 4614 1912 4688 demn-

738 4756 843 4811 mero
869 4736 1015 4811 illorum
1047 4739 1122 4809 tam
1156 4733 1285 4807 leotine
1309 4730 1644 4825 currentium-cui,
1661 4733 1774 4828 idest,
1804 4754 1912 4828 qnos,

736 4859 828 4931 bueo
854 4857 950 4929 votor
980 4876 1000 4925 e
1027 4856 1143 4943 musto
1171 4873 1276 4926 amor
1290 4854 1475 4944 carolem·
1509 4851 1597 4945 quia
1625 4853 1751 4927 calcar
1778 4852 1910 4927 soliciti

800 5112 827 5175 (¹)
844 5116 898 5173 ll'l,
915 5112 1089 5163 revolvebant.
1183 5109 1212 5175 (¹)
1226 5110 1252 5161 S.
1269 5110 1367 5163 ttribll.
1458 5110 1486 5175 (Ἴ
1503 5115 1561 5169 lta,
1572 5110 1861 5175 mulumrlorlls.
