4542 6842
1494 944 1566 1011 otc

391 1281 558 1351 CANTUS
581 1282 774 1351 DECIMUS
797 1284 990 1367 TERTIUS,
1007 1288 1043 1353 in
1061 1308 1120 1371 guo
1135 1292 1252 1354 tractat
1273 1287 1312 1353 de
1333 1285 1500 1369 neruum
1517 1286 1569 1351 in·

468 1396 661 1463 odiosorum
682 1398 764 1463 sutis
785 1396 840 1479 pilo
861 1398 976 1481 ferreo,
1000 1404 1030 1463 ct
1051 1400 1133 1463 siud
1154 1398 1274 1465 moetus
1289 1402 1337 1463 est
1349 1396 1476 1465 Dentes
1497 1417 1567 1462 mm

470 1506 575 1590 aliquo
597 1527 703 1573 corum
725 1508 799 1574 olim
821 1506 923 1591 Sopio
945 1510 984 1575 de
1005 1507 1105 1587 Senis,
1129 1530 1199 1593 φη
1220 1508 1320 1573 multu
1341 1510 1377 1573 iu
1399 1508 1493 1574 atad
1515 1529 1567 1575 rc·

468 1624 668 1703 ceptovenott
698 1620 737 1686 dc
769 1621 830 1686 isto
863 1622 964 1699 uitulus
984 1626 1014 1687 ct
1047 1622 1127 1687 sicut
1159 1622 1233 1703 ipso
1267 1621 1393 1705 rogavit
1425 1619 1566 1685 Doulou

462 1734 669 1813 precatorum
684 1750 749 1813 pro
770 1732 854 1815 msc.

464 1966 592 2135 Nor
608 2082 776 2136 crocomo
792 2063 831 2135 at
844 2080 979 2134 sommo
995 2062 1088 2134 dello
1103 2062 1213 2133 scoto.
1228 2060 1426 2153 Postquam
1445 2060 1483 2133 in
1500 2080 1566 2133 su·

350 2237 352 2241 .
391 2180 525 2276 pociori
550 2181 709 2277 capitulo
735 2180 903 2275 proxime
928 2179 1148 2274 precedenti
1172 2185 1281 2275 poeta
1298 2184 1423 2255 noster
1439 2179 1566 2255 docuit

392 2301 590 2375 relraenare
623 2300 831 2396 superbiam
866 2299 1115 2394 multifariam,
1149 2308 1187 2375 et
1217 2300 1333 2375 linivit
1366 2306 1564 2375 tractatum

391 2420 584 2515 superbiae,
610 2441 708 2495 nunc
733 2427 1003 2515 consequenter
1027 2420 1103 2517 agit
1128 2427 1166 2495 et
1192 2426 1324 2498 tractat
1352 2420 1399 2496 de
1430 2419 1566 2496 invidia

392 2562 476 2636 quae
502 2546 682 2637 purgatur
706 2540 744 2613 in
770 2540 932 2615 secundo
953 2540 1102 2615 circulo.
1122 2542 1165 2615 Et
1185 2548 1303 2616 totum
1323 2561 1485 2637 praeseus
1503 2561 1569 2615 ca·

393 2662 549 2757 pitulum
574 2658 747 2734 dividitur
764 2660 801 2733 in
818 2668 894 2735 tres
912 2667 1035 2755 partes
1051 2663 1254 2758 generales.
1273 2663 1314 2735 ln
1330 2662 1449 2757 prima
1470 2682 1566 2755 qua-

393 2804 478 2855 rum
504 2786 612 2876 poeta
636 2779 809 2855 describit
833 2778 1014 2855 subtiliter
1024 2772 1061 2874 (⁴)
1086 2780 1182 2856 viam
1202 2781 1306 2856 istius
1323 2782 1473 2857 mundi
1492 2782 1567 2856 cir·

392 2901 476 2996 culi,
495 2908 532 2977 et
548 2901 656 2976 docet
673 2921 883 2996 precavere
899 2900 1071 2976 invidiam
1089 2922 1156 2997 per
1177 2903 1347 2999 exempla
1363 2901 1566 2978 dilectionis

394 3031 431 3099 et
455 3022 616 3097 caritatis
633 3020 892 3097 contrariantia
910 3020 970 3094 illi.
991 3020 1032 3095 ln
1048 3022 1209 3097 secunda
1226 3023 1399 3098 describit
1415 3044 1564 3120 poenam

392 3150 429 3218 et
455 3142 709 3238 purgationem
736 3140 943 3215 invidorum
971 3141 1008 3214 in
1033 3140 1210 3238 generali,
1231 3141 1299 3216 ibi:
1318 3148 1381 3216 Mc
1401 3146 1502 3236 teca.
1523 3144 1565 3217 ln

393 3262 499 3338 tertia
525 3269 563 3337 et
588 3261 717 3337 ultima
742 3260 913 3337 describit
939 3282 1056 3335 unum
1083 3262 1249 3358 spiritum
1277 3262 1498 3338 modernum
1527 3261 1567 3336 in

392 3382 554 3479 speciali,
580 3383 686 3456 cuins
711 3402 815 3457 mens
840 3380 877 3455 in
903 3381 977 3456 vita
1003 3384 1177 3478 crepabat
1201 3382 1346 3479 invidia,
1372 3384 1489 3458 ibizd
1512 3404 1566 3456 oro

387 3524 539 3597 pareva.
566 3503 618 3577 Ad
645 3503 804 3598 primum
837 3502 986 3577 veniens
1011 3502 1104 3596 dico,
1137 3502 1236 3596 quod
1260 3510 1370 3598 poeta
1394 3501 1565 3578 describit

391 3625 514 3698 locum
533 3645 619 3699 cum
636 3622 919 3698 circumstantiis
940 3622 1025 3717 suia,
1050 3622 1113 3696 sed
1131 3622 1252 3717 primo
1268 3622 1455 3722 praemittit
1473 3644 1566 3698 oon-

393 3744 630 3818 tinuationem
659 3762 764 3816 more
790 3762 878 3835 suo;
905 3742 991 3836 quia
1017 3741 1116 3817 enim
1143 3742 1180 3815 in
1207 3742 1280 3818 line
1302 3743 1448 3839 capituli
1470 3762 1566 3839 prae-

392 3862 552 3939 cedentis
577 3862 817 3957 descripserat
841 3880 1033 3936 ascensum
1060 3863 1106 3936 ad
1133 3862 1337 3937 secundum
1369 3862 1565 3955 circulum,

391 3982 473 4059 ideo
500 4004 598 4057 nunc
622 3980 870 4057 continuative
894 3981 1060 4075 ostendit,
1088 3982 1187 4076 quod
1213 3981 1291 4078 jam
1318 3991 1565 4077 pervenerant

392 4104 573 4179 adfinem
606 4102 702 4177 illius
732 4122 925 4196 ascensus3
956 4102 1040 4175 dicit
1070 4122 1184 4199 ergo:
1218 4106 1287 4175 Not
1319 4123 1489 4177 mooomo
1525 4106 1567 4175 ol

391 4244 525 4298 sommo
550 4226 642 4297 della
665 4226 778 4315 scoto,
804 4222 949 4315 scilicet,
968 4220 1138 4295 secundae
1164 4220 1397 4317 praescriptae,
1420 4224 1510 4295 dove
1533 4227 1564 4295 st

392 4347 518 4436 rtlepa,
544 4341 647 4437 idest,
678 4342 889 4438 recingitur,
916 4347 954 4416 et
979 4340 1169 4437 religatur,
1196 4344 1231 4414 lo
1262 4349 1389 4433 monte,
1413 4340 1563 4434 scilicet,
1692 4327 1697 4335 ’

391 4462 603 4562 purgatorii,
629 4466 690 4536 cle
713 4465 877 4552 comata,
901 4460 994 4535 idest
1018 4468 1200 4557 purgata
1227 4460 1337 4555 malo,
1355 4460 1458 4556 ideal,
1477 4480 1563 4556 pec·

391 4591 484 4678 cato,
510 4586 637 4677 olnam
662 4582 759 4656 sicut
784 4580 881 4655 enim
911 4581 1063 4654 morbus
1092 4580 1258 4675 corporis
1282 4588 1485 4677 generatur
1513 4601 1562 4656 cx

391 4702 626 4798 corruptione
653 4703 867 4794 humorum,
891 4698 940 4773 ita
959 4700 1113 4774 morbus
1129 4701 1242 4775 animi
1259 4723 1306 4775 ex
1324 4700 1564 4797 corruptione

392 4825 587 4919 vitiorum3
614 4830 652 4898 et
677 4822 784 4897 dicit:
810 4824 968 4912 solando,
1000 4820 1087 4915 quia
1117 4820 1299 4917 gradatim
1328 4822 1561 4897 ascendendo

454 5082 483 5150 (¹)
499 5084 529 5134 E.
545 5084 675 5136 subtiliter
690 5084 835 5144 materiam,
852 5096 897 5133 can
914 5082 992 5135 vlu.
