4542 6842
702 906 778 975 202
1065 915 1269 971 cumeorum
1294 914 1516 969 runonronn

701 1067 843 1139 causat
867 1064 922 1135 cti
946 1063 1076 1135 volasse
1095 1063 1185 1135 satir
1207 1064 1246 1135 di
1266 1068 1372 1152 noue,
1389 1060 1492 1153 idest,
1510 1058 1710 1135 ascendere
1726 1079 1875 1133 sursum

700 1204 766 1279 per
783 1182 1054 1280 purgatorium,
1069 1186 1156 1275 sora
1175 1184 1244 1273 epti
1259 1183 1434 1273 impedito,
1451 1179 1588 1255 scilicet
1604 1180 1652 1254 ab
1668 1179 1796 1275 aliquo
1813 1180 1876 1275 qui

700 1304 834 1379 babeat
859 1301 1062 1377 custodiam
1090 1302 1171 1395 loci,
1203 1322 1225 1374 o
1258 1294 1354 1374 serio
1373 1322 1447 1393 pur
1470 1295 1602 1393 percle*
1622 1320 1695 1373 oon
1715 1306 1878 1391 potesse?

701 1423 804 1517 idest,
820 1444 869 1497 an
893 1424 963 1497 boc
989 1423 1108 1497 solum
1134 1422 1346 1516 proveniret
1362 1420 1410 1495 ab
1427 1420 1640 1516 impotentia
1657 1441 1726 1495 sua
1737 1424 1758 1505 t>
1771 1413 1875 1514 ¹quasi

700 1542 819 1617 dicat:
846 1564 894 1617 an
924 1562 1037 1617 causa
1071 1542 1174 1615 istius
1204 1540 1454 1637 prohibitionis
1485 1548 1581 1615 esset
1612 1561 1635 1615 a
1666 1560 1707 1615 se
1738 1541 1875 1617 veleb

700 1662 783 1737 alio.
799 1663 842 1738 Et
855 1664 955 1759 ponit
974 1662 1247 1759 responsionem
1261 1661 1414 1737 Sordelli
1431 1662 1477 1735 ad
1494 1661 1735 1756 questionem
1754 1684 1873 1757 suam,

701 1781 848 1857 dicens:
876 1786 932 1857 e'l
949 1783 1046 1867 ,buon
1071 1785 1232 1857 Sordello
1255 1785 1292 1855 in
1319 1788 1418 1855 terra
1430 1774 1535 1875 [πρὸ
1555 1784 1583 1854 it
1605 1784 1690 1873 dito,
1708 1782 1873 1876 iaciendo

704 1925 815 1979 unam
842 1904 989 1998 lineam,
1015 1906 1181 1979 scendo.-
1206 1905 1295 1996 vedi,
1324 1906 1403 1976 sola
1431 1909 1550 1994 questo
1581 1906 1664 1994 espa
1688 1924 1762 1977 non
1785 1924 1873 1977 oar·

700 2026 856 2116 clteresti,
882 2024 984 2115 idest,
1011 2024 1168 2120 transire
1191 2042 1327 2119 posses,
1344 2026 1428 2115 dtpo
1444 2026 1472 2096 u
1485 2026 1542 2097 sot
1552 2026 1696 2115 partito.
1715 2024 1786 2099 Per
1805 2025 1874 2099 boc

701 2145 763 2219 dat
789 2144 949 2241 intelligi,
968 2144 1067 2238 quod
1090 2145 1202 2220 bomo
1227 2164 1301 2218 non
1325 2148 1444 2238 potest
1468 2143 1524 2217 ire
1548 2143 1595 2218 ad
1621 2143 1872 2238 poenitentiam

702 2272 740 2339 et
766 2265 952 2358 virtutem,
980 2263 1047 2337 nisi
1073 2265 1126 2337 sol
1151 2263 1282 2337 divinae
1307 2263 1436 2360 gratiae
1461 2264 1582 2338 luceat
1603 2284 1715 2358 super
1740 2264 1872 2359 ipsum.

702 2388 747 2461 Et
770 2386 929 2484 assignat
955 2406 1118 2479 causam,
1144 2385 1231 2478 quia
1261 2386 1374 2459 bomo
1405 2389 1522 2479 potest
1552 2385 1691 2460 babere
1714 2384 1872 2481 gratiam

703 2506 851 2602 quando
876 2506 979 2599 vult3
1011 2505 1111 2579 unde
1142 2504 1250 2579 dicit:
1276 2525 1349 2577 non
1370 2497 1459 2596 perd
1484 2506 1645 2579 eb'attru
1669 2526 1754 2579 cosa
1776 2507 1874 2577 desse

704 2627 809 2718 crepa
840 2628 890 2699 ad
917 2630 953 2699 tr
976 2646 1072 2717 susc,
1098 2628 1159 2699 cle
1183 2629 1220 2698 le
1243 2632 1410 2699 notturna
1436 2626 1590 2717 tenebra,
1625 2625 1729 2719 quasi
1755 2625 1872 2700 dicat:

703 2748 780 2823 sola
807 2747 959 2823 tenebra
984 2745 1122 2841 peccati
1147 2752 1203 2820 est
1226 2745 1287 2821 illa
1313 2766 1397 2840 quae
1422 2746 1596 2821 obscurat
1613 2746 1709 2821 riam
1734 2766 1874 2842 purga-

702 2867 785 2943 torii
820 2866 981 2959 bomini3
1020 2866 1101 2940 ideo
1131 2866 1238 2939 dicit:
1279 2869 1406 2959 quello,
1439 2865 1585 2959 scilicet,
1618 2866 1771 2940 tenebra
1805 2886 1873 2939 no-

704 2993 848 3081 cturna,
873 2990 1006 3079 intrtpa
1043 2990 1079 3059 lo
1104 2990 1235 3079 neptia,
1261 2986 1364 3081 idest,
1389 2986 1540 3082 impedit
1563 2992 1601 3060 et
1625 2986 1786 3082 implicat
1809 3007 1874 3061 vo·

703 3108 894 3201 luntatem,
920 3105 1006 3201 quia
1022 3098 1057 3198 (¹)
1087 3127 1160 3181 non
1185 3106 1361 3201 permittit
1386 3108 1572 3182 bominem
1598 3107 1874 3200 retiaculum

702 3234 835 3320 potere,
856 3226 942 3321 quia
964 3247 1037 3301 non
1058 3232 1188 3321 potest,
1206 3226 1304 3321 quod
1330 3246 1403 3300 non
1428 3227 1527 3320 vult;
1545 3233 1583 3300 et
1605 3226 1657 3301 sic
1674 3225 1756 3300 vide
1774 3227 1872 3320 quod

704 3348 815 3420 bomo
842 3351 896 3419 est
921 3344 988 3420 sibi
1008 3365 1131 3439 causa,
1150 3343 1237 3439 quia
1251 3336 1286 3436 (²)
1308 3364 1381 3418 non
1400 3345 1478 3418 vult
1503 3350 1539 3420 et
1565 3365 1638 3419 non
1658 3349 1777 3439 potest
1793 3351 1874 3420 ten-

702 3465 791 3541 dere
816 3465 862 3540 ad
889 3464 1076 3559 virtutem,
1102 3463 1189 3557 quia
1214 3484 1259 3538 ex
1286 3464 1402 3539 libero
1427 3463 1578 3539 arbitrio
1609 3463 1693 3539 lacit
1724 3463 1792 3538 sibi
1818 3470 1874 3539 te·

701 3587 854 3661 nebram
881 3586 1031 3681 peccati,
1049 3606 1133 3679 quae
1155 3585 1274 3680 privat
1298 3585 1417 3679 ipsum
1445 3584 1585 3659 lumine
1610 3584 1705 3659 solis.
1725 3586 1769 3659 Et
1784 3585 1874 3659 Sor·

701 3706 817 3781 dellus
842 3705 940 3779 addit
965 3706 1092 3800 pulcre
1118 3704 1217 3799 quod
1242 3706 1354 3778 bomo
1383 3704 1478 3778 bene
1505 3711 1627 3799 posset
1651 3704 1875 3781 descendere

702 3834 767 3902 aut
797 3825 1084 3922 circumvagari3
1115 3824 1214 3899 unde
1247 3824 1354 3898 dicit:
1387 3824 1452 3897 ben
1479 3828 1510 3897 si
1536 3827 1644 3917 porto
1675 3833 1805 3899 ornae
1835 3830 1874 3900 tn

701 3950 802 4039 pinso
827 3968 892 4021 eon
918 3950 973 4037 lei,
1000 3946 1146 4039 scilicet,
1168 3966 1253 4020 cum
1283 3944 1343 4019 illa
1366 3946 1518 4020 tenebra
1537 3951 1727 4041 nocturna,
1746 3968 1765 4019 e
1785 3968 1874 4038 pas-

702 4070 845 4161 seppior
878 4070 914 4141 ta
946 4074 1056 4158 costa,
1087 4066 1190 4160 idest,
1221 4066 1350 4160 ripam,
1382 4069 1524 4139 intorno
1557 4070 1729 4157 errando,
1768 4068 1872 4161 quasi

700 4188 816 4263 dicat:
835 4189 929 4263 bene
954 4193 1073 4283 potest
1089 4187 1204 4263 relabi
1228 4186 1267 4259 in
1288 4186 1374 4261 vitia
1392 4192 1429 4261 et
1446 4186 1573 4282 vagari
1598 4208 1665 4281 per
1682 4188 1756 4282 illa,
1773 4210 1874 4262 nure-

702 4316 755 4383 tre
778 4312 838 4382 clu
862 4312 1079 4384 t’orizzonte
1104 4310 1173 4381 tien
1197 4309 1313 4379 ebuso
1338 4310 1366 4379 tt
1388 4308 1444 4379 dte
1455 4334 1471 4400 ;
1493 4308 1597 4400 quasi
1623 4307 1730 4402 dicat,
1755 4307 1873 4384 donec
1930 4350 1936 4363 ·

700 4429 810 4505 duret
836 4434 1138 4523 nonnumquam
1165 4428 1218 4500 sol
1244 4426 1366 4501 veniat
1390 4426 1438 4500 ad
1462 4427 1676 4523 orizontem,
1703 4435 1741 4504 et
1765 4429 1874 4503 iaciat

701 4550 834 4624 lucem.
861 4550 931 4623 Per
958 4549 1026 4623 boc
1051 4548 1113 4622 dat
1138 4547 1299 4643 intelligi,
1319 4547 1418 4641 quod
1441 4548 1552 4624 bomo
1578 4549 1715 4642 positus
1732 4550 1770 4623 in
1788 4570 1873 4643 pec·

701 4675 782 4744 cato
806 4667 952 4743 mortali
972 4668 1066 4741 bene
1083 4673 1202 4762 potest
1219 4667 1339 4741 adbuc
1358 4666 1591 4762 descendere,
1611 4667 1700 4743 idest
1719 4690 1874 4764 peccare

701 4796 766 4865 aut
790 4788 947 4864 circuire
972 4787 1142 4881 errando,
1165 4786 1268 4880 idest,
1304 4807 1372 4861 nec
1396 4787 1479 4882 plus
1502 4787 1638 4862 addere
1663 4788 1871 4865 virtutibus.

765 5038 793 5102 t¹l
810 5044 864 5098 11⁷,
880 5038 940 5103 quta
957 5040 1084 5102 permittit
1099 5040 1232 5090 nominem
1248 5038 1326 5089 noue
1450 5037 1478 5102 p)
1495 5039 1525 5090 n.
1541 5054 1622 5104 quare
1638 5052 1700 5093 m,
1805 5055 1816 5064 ..
