<?xml version="1.0" encoding="UTF-8"?>
<!DOCTYPE html PUBLIC "-//W3C//DTD XHTML 1.0 Transitional//EN"
    "http://www.w3.org/TR/xhtml1/DTD/xhtml1-transitional.dtd">
<html xmlns="http://www.w3.org/1999/xhtml" xml:lang="en" lang="en">
 <head>
  <title>
</title>
<meta http-equiv="Content-Type" content="text/html;charset=utf-8" />
  <meta name='ocr-system' content='tesseract 3.04.00' />
  <meta name='ocr-capabilities' content='ocr_page ocr_carea ocr_par ocr_line ocrx_word'/>
</head>
<body>
  <div class='ocr_page' id='page_1' title='image "./comentumsuperda01unkngoog_0508.png"; bbox 0 0 4542 6842; ppageno 0'>
   <div class='ocr_carea' id='block_1_1' title="bbox 739 948 1551 1017">
    <p class='ocr_par' dir='ltr' id='par_1_1' title="bbox 739 948 1551 1017">
     <span class='ocr_line' id='line_1_1' title="bbox 739 948 1551 1017; baseline 0 -2"><span class='ocrx_word' id='word_1_1' title='bbox 739 948 812 1015; x_wconf 76' lang='lat' dir='ltr'>ttt</span> <span class='ocrx_word' id='word_1_2' title='bbox 1101 961 1306 1017; x_wconf 85' lang='lat' dir='ltr'>coueurun</span> <span class='ocrx_word' id='word_1_3' title='bbox 1330 961 1551 1017; x_wconf 75' lang='lat' dir='ltr'>vereamun</span> 
     </span>
    </p>
   </div>
   <div class='ocr_carea' id='block_1_2' title="bbox 650 1102 1910 5170">
    <p class='ocr_par' dir='ltr' id='par_1_2' title="bbox 650 1102 1910 4208">
     <span class='ocr_line' id='line_1_2' title="bbox 738 1102 1909 1203; baseline 0.003 -26"><span class='ocrx_word' id='word_1_4' title='bbox 738 1104 845 1199; x_wconf 86' lang='lat' dir='ltr'>mata,</span> <span class='ocrx_word' id='word_1_5' title='bbox 871 1102 959 1199; x_wconf 85' lang='lat' dir='ltr'>quia</span> <span class='ocrx_word' id='word_1_6' title='bbox 984 1104 1107 1199; x_wconf 83' lang='lat' dir='ltr'>aliqua</span> <span class='ocrx_word' id='word_1_7' title='bbox 1133 1104 1188 1180; x_wconf 87' lang='lat' dir='ltr'>ira</span> <span class='ocrx_word' id='word_1_8' title='bbox 1213 1112 1331 1201; x_wconf 83' lang='lat' dir='ltr'>potest</span> <span class='ocrx_word' id='word_1_9' title='bbox 1355 1126 1437 1181; x_wconf 89' lang='lat' dir='ltr'>esse</span> <span class='ocrx_word' id='word_1_10' title='bbox 1460 1105 1557 1181; x_wconf 87' lang='lat' dir='ltr'>bona</span> <span class='ocrx_word' id='word_1_11' title='bbox 1581 1112 1620 1181; x_wconf 92' lang='lat' dir='ltr'>et</span> <span class='ocrx_word' id='word_1_12' title='bbox 1644 1105 1722 1182; x_wconf 89' lang='lat' dir='ltr'>sine</span> <span class='ocrx_word' id='word_1_13' title='bbox 1747 1111 1909 1203; x_wconf 80' lang='lat' dir='ltr'>peceato,</span> 
     </span>
     <span class='ocr_line' id='line_1_3' title="bbox 737 1224 1910 1321; baseline 0.002 -24"><span class='ocrx_word' id='word_1_14' title='bbox 737 1224 884 1319; x_wconf 86' lang='lat' dir='ltr'>quando</span> <span class='ocrx_word' id='word_1_15' title='bbox 911 1224 951 1297; x_wconf 86' lang='lat' dir='ltr'>fit</span> <span class='ocrx_word' id='word_1_16' title='bbox 975 1244 1062 1299; x_wconf 89' lang='lat' dir='ltr'>cum</span> <span class='ocrx_word' id='word_1_17' title='bbox 1088 1224 1343 1301; x_wconf 81' lang='lat' dir='ltr'><strong>moderamine</strong></span> <span class='ocrx_word' id='word_1_18' title='bbox 1366 1232 1481 1321; x_wconf 85' lang='lat' dir='ltr'>certo,</span> <span class='ocrx_word' id='word_1_19' title='bbox 1507 1225 1677 1319; x_wconf 84' lang='lat' dir='ltr'>quamvis</span> <span class='ocrx_word' id='word_1_20' title='bbox 1702 1226 1843 1300; x_wconf 80' lang='lat' dir='ltr'>Tullius</span> <span class='ocrx_word' id='word_1_21' title='bbox 1871 1225 1910 1299; x_wconf 93' lang='lat' dir='ltr'>in</span> 
     </span>
     <span class='ocr_line' id='line_1_4' title="bbox 736 1343 1909 1442; baseline 0.002 -26"><span class='ocrx_word' id='word_1_22' title='bbox 736 1364 805 1417; x_wconf 92' lang='lat' dir='ltr'>suo</span> <span class='ocrx_word' id='word_1_23' title='bbox 830 1343 1049 1439; x_wconf 83' lang='lat' dir='ltr'>Tusculano,</span> <span class='ocrx_word' id='word_1_24' title='bbox 1075 1349 1113 1419; x_wconf 89' lang='lat' dir='ltr'>et</span> <span class='ocrx_word' id='word_1_25' title='bbox 1137 1344 1277 1421; x_wconf 80' lang='lat' dir='ltr'><strong>Seneca</strong></span> <span class='ocrx_word' id='word_1_26' title='bbox 1301 1346 1339 1419; x_wconf 94' lang='lat' dir='ltr'>in</span> <span class='ocrx_word' id='word_1_27' title='bbox 1364 1346 1457 1420; x_wconf 86' lang='lat' dir='ltr'>libro</span> <span class='ocrx_word' id='word_1_28' title='bbox 1473 1345 1521 1420; x_wconf 85' lang='lat' dir='ltr'>de</span> <span class='ocrx_word' id='word_1_29' title='bbox 1537 1344 1592 1421; x_wconf 91' lang='lat' dir='ltr'>ira</span> <span class='ocrx_word' id='word_1_30' title='bbox 1612 1346 1724 1442; x_wconf 77' lang='lat' dir='ltr'>longo</span> <span class='ocrx_word' id='word_1_31' title='bbox 1740 1344 1909 1420; x_wconf 81' lang='lat' dir='ltr'>discursu</span> 
     </span>
     <span class='ocr_line' id='line_1_5' title="bbox 736 1463 1908 1541; baseline 0.001 -3"><span class='ocrx_word' id='word_1_32' title='bbox 736 1470 917 1538; x_wconf 86' lang='lat' dir='ltr'>conentur</span> <span class='ocrx_word' id='word_1_33' title='bbox 943 1463 1138 1540; x_wconf 87' lang='lat' dir='ltr'>ostendere</span> <span class='ocrx_word' id='word_1_34' title='bbox 1162 1485 1312 1540; x_wconf 92' lang='lat' dir='ltr'>omnem</span> <span class='ocrx_word' id='word_1_35' title='bbox 1329 1465 1424 1540; x_wconf 89' lang='lat' dir='ltr'>iram</span> <span class='ocrx_word' id='word_1_36' title='bbox 1442 1465 1522 1539; x_wconf 83' lang='lat' dir='ltr'>iore</span> <span class='ocrx_word' id='word_1_37' title='bbox 1540 1465 1676 1539; x_wconf 87' lang='lat' dir='ltr'>malam</span> <span class='ocrx_word' id='word_1_38' title='bbox 1694 1472 1732 1539; x_wconf 90' lang='lat' dir='ltr'>et</span> <span class='ocrx_word' id='word_1_39' title='bbox 1748 1465 1908 1541; x_wconf 80' lang='lat' dir='ltr'>detesta-</span> 
     </span>
     <span class='ocr_line' id='line_1_6' title="bbox 735 1583 1909 1679; baseline 0.001 -22"><span class='ocrx_word' id='word_1_40' title='bbox 735 1583 870 1659; x_wconf 88' lang='lat' dir='ltr'>bilem:</span> <span class='ocrx_word' id='word_1_41' title='bbox 899 1590 1021 1659; x_wconf 91' lang='lat' dir='ltr'>tamen</span> <span class='ocrx_word' id='word_1_42' title='bbox 1048 1584 1170 1659; x_wconf 83' lang='lat' dir='ltr'>nescio</span> <span class='ocrx_word' id='word_1_43' title='bbox 1202 1584 1327 1661; x_wconf 88' lang='lat' dir='ltr'>videre</span> <span class='ocrx_word' id='word_1_44' title='bbox 1358 1584 1545 1679; x_wconf 86' lang='lat' dir='ltr'>quomodo</span> <span class='ocrx_word' id='word_1_45' title='bbox 1576 1586 1756 1660; x_wconf 86' lang='lat' dir='ltr'>sententia</span> <span class='ocrx_word' id='word_1_46' title='bbox 1786 1585 1909 1659; x_wconf 87' lang='lat' dir='ltr'>Philo-</span> 
     </span>
     <span class='ocr_line' id='line_1_7' title="bbox 735 1703 1908 1809; baseline 0.002 -32"><span class='ocrx_word' id='word_1_47' title='bbox 735 1704 838 1800; x_wconf 84' lang='lat' dir='ltr'>sophi</span> <span class='ocrx_word' id='word_1_48' title='bbox 859 1703 975 1809; x_wconf 88' lang='lat' dir='ltr'>possit</span> <span class='ocrx_word' id='word_1_49' title='bbox 999 1703 1179 1798; x_wconf 86' lang='lat' dir='ltr'>damnari,</span> <span class='ocrx_word' id='word_1_50' title='bbox 1197 1704 1262 1798; x_wconf 87' lang='lat' dir='ltr'>qui</span> <span class='ocrx_word' id='word_1_51' title='bbox 1281 1706 1361 1778; x_wconf 83' lang='lat' dir='ltr'>vuit</span> <span class='ocrx_word' id='word_1_52' title='bbox 1385 1704 1485 1799; x_wconf 86' lang='lat' dir='ltr'>quod</span> <span class='ocrx_word' id='word_1_53' title='bbox 1503 1705 1565 1779; x_wconf 89' lang='lat' dir='ltr'>tiat</span> <span class='ocrx_word' id='word_1_54' title='bbox 1582 1725 1669 1779; x_wconf 89' lang='lat' dir='ltr'>cnm</span> <span class='ocrx_word' id='word_1_55' title='bbox 1688 1704 1819 1780; x_wconf 85' lang='lat' dir='ltr'>debitis</span> <span class='ocrx_word' id='word_1_56' title='bbox 1836 1704 1908 1779; x_wconf 90' lang='lat' dir='ltr'>cir·</span> 
     </span>
     <span class='ocr_line' id='line_1_8' title="bbox 736 1823 1907 1920; baseline 0.001 -22"><span class='ocrx_word' id='word_1_57' title='bbox 736 1824 976 1919; x_wconf 88' lang='lat' dir='ltr'>cumstantiis,</span> <span class='ocrx_word' id='word_1_58' title='bbox 997 1824 1133 1899; x_wconf 89' lang='lat' dir='ltr'>scilicet</span> <span class='ocrx_word' id='word_1_59' title='bbox 1159 1823 1234 1920; x_wconf 85' lang='lat' dir='ltr'>ubi,</span> <span class='ocrx_word' id='word_1_60' title='bbox 1260 1824 1419 1920; x_wconf 84' lang='lat' dir='ltr'>quando,</span> <span class='ocrx_word' id='word_1_61' title='bbox 1445 1824 1644 1919; x_wconf 89' lang='lat' dir='ltr'>quomodo,</span> <span class='ocrx_word' id='word_1_62' title='bbox 1669 1831 1706 1899; x_wconf 91' lang='lat' dir='ltr'>et</span> <span class='ocrx_word' id='word_1_63' title='bbox 1731 1826 1907 1920; x_wconf 81' lang='lat' dir='ltr'>qualiter3</span> 
     </span>
     <span class='ocr_line' id='line_1_9' title="bbox 736 1944 1908 2043; baseline 0.002 -26"><span class='ocrx_word' id='word_1_64' title='bbox 736 1964 823 2025; x_wconf 92' lang='lat' dir='ltr'>nam</span> <span class='ocrx_word' id='word_1_65' title='bbox 837 1950 985 2039; x_wconf 88' lang='lat' dir='ltr'>propter</span> <span class='ocrx_word' id='word_1_66' title='bbox 998 1944 1180 2021; x_wconf 88' lang='lat' dir='ltr'>tristitiam</span> <span class='ocrx_word' id='word_1_67' title='bbox 1189 1945 1313 2019; x_wconf 84' lang='lat' dir='ltr'>vultus</span> <span class='ocrx_word' id='word_1_68' title='bbox 1326 1944 1908 2043; x_wconf 76' lang='lat' dir='ltr'>corrigituranimusdetinqnen-</span> 
     </span>
     <span class='ocr_line' id='line_1_10' title="bbox 736 2054 1907 2161; baseline 0.001 -22"><span class='ocrx_word' id='word_1_69' title='bbox 736 2066 792 2159; x_wconf 86' lang='lat' dir='ltr'>tis,</span> <span class='ocrx_word' id='word_1_70' title='bbox 818 2072 886 2141; x_wconf 89' lang='lat' dir='ltr'>etc.</span> <span class='ocrx_word' id='word_1_71' title='bbox 900 2104 950 2117; x_wconf 92' lang='lat'><em>-</em></span> <span class='ocrx_word' id='word_1_72' title='bbox 966 2054 1042 2138; x_wconf 74' lang='lat' dir='ltr'>Giri.</span> <span class='ocrx_word' id='word_1_73' title='bbox 1068 2063 1134 2138; x_wconf 86' lang='lat' dir='ltr'>Hie</span> <span class='ocrx_word' id='word_1_74' title='bbox 1160 2064 1289 2139; x_wconf 88' lang='lat' dir='ltr'>ultimo</span> <span class='ocrx_word' id='word_1_75' title='bbox 1320 2070 1429 2161; x_wconf 87' lang='lat' dir='ltr'>poeta</span> <span class='ocrx_word' id='word_1_76' title='bbox 1456 2064 1627 2141; x_wconf 81' lang='lat' dir='ltr'>describit</span> <span class='ocrx_word' id='word_1_77' title='bbox 1656 2071 1803 2161; x_wconf 88' lang='lat' dir='ltr'>tempus</span> <span class='ocrx_word' id='word_1_78' title='bbox 1832 2087 1907 2159; x_wconf 86' lang='lat' dir='ltr'>quo</span> 
     </span>
     <span class='ocr_line' id='line_1_11' title="bbox 733 2185 1906 2281; baseline 0 -21"><span class='ocrx_word' id='word_1_79' title='bbox 733 2185 977 2261; x_wconf 88' lang='lat' dir='ltr'>ascenderunt</span> <span class='ocrx_word' id='word_1_80' title='bbox 1002 2185 1140 2261; x_wconf 81' lang='lat' dir='ltr'>scalam</span> <span class='ocrx_word' id='word_1_81' title='bbox 1166 2185 1286 2280; x_wconf 86' lang='lat' dir='ltr'>istam,</span> <span class='ocrx_word' id='word_1_82' title='bbox 1312 2185 1399 2281; x_wconf 88' lang='lat' dir='ltr'>qnia</span> <span class='ocrx_word' id='word_1_83' title='bbox 1424 2187 1560 2263; x_wconf 90' lang='lat' dir='ltr'>scilicet</span> <span class='ocrx_word' id='word_1_84' title='bbox 1584 2194 1665 2261; x_wconf 89' lang='lat' dir='ltr'>erat</span> <span class='ocrx_word' id='word_1_85' title='bbox 1690 2206 1786 2281; x_wconf 80' lang='lat' dir='ltr'>norr3</span> <span class='ocrx_word' id='word_1_86' title='bbox 1808 2186 1906 2260; x_wconf 88' lang='lat' dir='ltr'>unde</span> 
     </span>
     <span class='ocr_line' id='line_1_12' title="bbox 650 2296 1901 2401; baseline 0.001 -21"><span class='ocrx_word' id='word_1_87' title='bbox 650 2346 651 2351; x_wconf 12' lang='grc' dir='ltr'><strong><em>Ν</em></strong></span> <span class='ocrx_word' id='word_1_88' title='bbox 734 2305 839 2380; x_wconf 86' lang='lat' dir='ltr'>dicit:</span> <span class='ocrx_word' id='word_1_89' title='bbox 869 2296 935 2379; x_wconf 82' lang='lat' dir='ltr'>Gici</span> <span class='ocrx_word' id='word_1_90' title='bbox 960 2326 1047 2378; x_wconf 72' lang='lat' dir='ltr'>men</span> <span class='ocrx_word' id='word_1_91' title='bbox 1073 2326 1185 2398; x_wconf 83' lang='lat' dir='ltr'><strong><em>sopra</em></strong></span> <span class='ocrx_word' id='word_1_92' title='bbox 1209 2309 1282 2397; x_wconf 81' lang='lat' dir='ltr'>noi,</span> <span class='ocrx_word' id='word_1_93' title='bbox 1307 2306 1455 2400; x_wconf 84' lang='lat' dir='ltr'>scilicet,</span> <span class='ocrx_word' id='word_1_94' title='bbox 1481 2326 1548 2401; x_wconf 90' lang='lat' dir='ltr'>per</span> <span class='ocrx_word' id='word_1_95' title='bbox 1572 2327 1763 2381; x_wconf 89' lang='lat' dir='ltr'>summum</span> <span class='ocrx_word' id='word_1_96' title='bbox 1793 2306 1901 2399; x_wconf 87' lang='lat' dir='ltr'>aeris,</span> 
     </span>
     <span class='ocr_line' id='line_1_13' title="bbox 733 2424 1906 2522; baseline 0 -23"><span class='ocrx_word' id='word_1_97' title='bbox 733 2427 785 2517; x_wconf 81' lang='lat' dir='ltr'>pli</span> <span class='ocrx_word' id='word_1_98' title='bbox 807 2428 917 2500; x_wconf 77' lang='lat' dir='ltr'>ultimi</span> <span class='ocrx_word' id='word_1_99' title='bbox 941 2428 1059 2518; x_wconf 80' lang='lat' dir='ltr'>roppi,</span> <span class='ocrx_word' id='word_1_100' title='bbox 1086 2424 1233 2519; x_wconf 66' lang='lat' dir='ltr'>scilieet,</span> <span class='ocrx_word' id='word_1_101' title='bbox 1259 2425 1356 2519; x_wconf 85' lang='lat' dir='ltr'>solis,</span> <span class='ocrx_word' id='word_1_102' title='bbox 1381 2428 1453 2518; x_wconf 79' lang='lat' dir='ltr'>cte,</span> <span class='ocrx_word' id='word_1_103' title='bbox 1479 2426 1582 2521; x_wconf 82' lang='lat' dir='ltr'>idest,</span> <span class='ocrx_word' id='word_1_104' title='bbox 1600 2447 1694 2522; x_wconf 85' lang='lat' dir='ltr'>quos</span> <span class='ocrx_word' id='word_1_105' title='bbox 1720 2425 1851 2521; x_wconf 87' lang='lat' dir='ltr'>radios,</span> <span class='ocrx_word' id='word_1_106' title='bbox 1869 2430 1906 2499; x_wconf 86' lang='lat' dir='ltr'>lo</span> 
     </span>
     <span class='ocr_line' id='line_1_14' title="bbox 734 2545 1907 2642; baseline 0.002 -23"><span class='ocrx_word' id='word_1_107' title='bbox 734 2552 826 2620; x_wconf 83' lang='lat' dir='ltr'>nottc</span> <span class='ocrx_word' id='word_1_108' title='bbox 845 2566 971 2639; x_wconf 54' lang='lat' dir='ltr'>sepum</span> <span class='ocrx_word' id='word_1_109' title='bbox 997 2551 1033 2620; x_wconf 91' lang='lat' dir='ltr'>et</span> <span class='ocrx_word' id='word_1_110' title='bbox 1058 2545 1116 2620; x_wconf 90' lang='lat' dir='ltr'>hic</span> <span class='ocrx_word' id='word_1_111' title='bbox 1142 2545 1267 2619; x_wconf 90' lang='lat' dir='ltr'>finitur</span> <span class='ocrx_word' id='word_1_112' title='bbox 1293 2547 1454 2621; x_wconf 87' lang='lat' dir='ltr'>secunda</span> <span class='ocrx_word' id='word_1_113' title='bbox 1470 2547 1547 2623; x_wconf 88' lang='lat' dir='ltr'>dies</span> <span class='ocrx_word' id='word_1_114' title='bbox 1569 2567 1743 2621; x_wconf 89' lang='lat' dir='ltr'>ascensus</span> <span class='ocrx_word' id='word_1_115' title='bbox 1767 2568 1907 2642; x_wconf 81' lang='lat' dir='ltr'>purga-</span> 
     </span>
     <span class='ocr_line' id='line_1_15' title="bbox 735 2663 1905 2762; baseline 0.002 -23"><span class='ocrx_word' id='word_1_116' title='bbox 735 2666 828 2760; x_wconf 87' lang='lat' dir='ltr'>torii,</span> <span class='ocrx_word' id='word_1_117' title='bbox 854 2668 914 2739; x_wconf 84' lang='lat' dir='ltr'>clrc</span> <span class='ocrx_word' id='word_1_118' title='bbox 939 2668 970 2739; x_wconf 85' lang='lat' dir='ltr'>le</span> <span class='ocrx_word' id='word_1_119' title='bbox 993 2669 1086 2740; x_wconf 77' lang='lat' dir='ltr'>stelle</span> <span class='ocrx_word' id='word_1_120' title='bbox 1110 2670 1311 2759; x_wconf 71' lang='lat' dir='ltr'>opportuno</span> <span class='ocrx_word' id='word_1_121' title='bbox 1335 2668 1384 2739; x_wconf 80' lang='lat' dir='ltr'>do</span> <span class='ocrx_word' id='word_1_122' title='bbox 1405 2663 1467 2760; x_wconf 83' lang='lat' dir='ltr'>piri</span> <span class='ocrx_word' id='word_1_123' title='bbox 1491 2670 1566 2759; x_wconf 78' lang='lat' dir='ltr'>tat,</span> <span class='ocrx_word' id='word_1_124' title='bbox 1583 2666 1791 2762; x_wconf 77' lang='lat' dir='ltr'><strong>disparente</strong></span> <span class='ocrx_word' id='word_1_125' title='bbox 1816 2668 1905 2762; x_wconf 85' lang='lat' dir='ltr'>sole,</span> 
     </span>
     <span class='ocr_line' id='line_1_16' title="bbox 735 2786 1906 2884; baseline 0.001 -24"><span class='ocrx_word' id='word_1_126' title='bbox 735 2788 798 2882; x_wconf 90' lang='lat' dir='ltr'>qui</span> <span class='ocrx_word' id='word_1_127' title='bbox 825 2787 967 2861; x_wconf 86' lang='lat' dir='ltr'>minora</span> <span class='ocrx_word' id='word_1_128' title='bbox 993 2786 1133 2861; x_wconf 86' lang='lat' dir='ltr'>lumina</span> <span class='ocrx_word' id='word_1_129' title='bbox 1166 2808 1239 2861; x_wconf 92' lang='lat' dir='ltr'>non</span> <span class='ocrx_word' id='word_1_130' title='bbox 1272 2787 1449 2881; x_wconf 89' lang='lat' dir='ltr'>permittit</span> <span class='ocrx_word' id='word_1_131' title='bbox 1479 2807 1659 2884; x_wconf 83' lang='lat' dir='ltr'>apparere</span> <span class='ocrx_word' id='word_1_132' title='bbox 1689 2788 1736 2863; x_wconf 87' lang='lat' dir='ltr'>de</span> <span class='ocrx_word' id='word_1_133' title='bbox 1765 2787 1906 2863; x_wconf 75' lang='lat' dir='ltr'>nictit</span> 
     </span>
     <span class='ocr_line' id='line_1_17' title="bbox 734 2906 1905 3004; baseline 0.001 -22"><span class='ocrx_word' id='word_1_134' title='bbox 734 2908 856 2982; x_wconf 82' lang='lat' dir='ltr'><strong>subdit</strong></span> <span class='ocrx_word' id='word_1_135' title='bbox 872 2906 1058 3002; x_wconf 86' lang='lat' dir='ltr'>quomodo</span> <span class='ocrx_word' id='word_1_136' title='bbox 1075 2906 1185 3002; x_wconf 87' lang='lat' dir='ltr'>coepit</span> <span class='ocrx_word' id='word_1_137' title='bbox 1203 2907 1356 3004; x_wconf 77' lang='lat' dir='ltr'>fatigari,</span> <span class='ocrx_word' id='word_1_138' title='bbox 1369 2907 1459 2981; x_wconf 86' lang='lat' dir='ltr'>dnm</span> <span class='ocrx_word' id='word_1_139' title='bbox 1472 2909 1640 2984; x_wconf 87' lang='lat' dir='ltr'>tenderet</span> <span class='ocrx_word' id='word_1_140' title='bbox 1652 2914 1779 2983; x_wconf 87' lang='lat' dir='ltr'>contra</span> <span class='ocrx_word' id='word_1_141' title='bbox 1796 2929 1905 2983; x_wconf 93' lang='lat' dir='ltr'>mon-</span> 
     </span>
     <span class='ocr_line' id='line_1_18' title="bbox 734 3025 1906 3123; baseline -0.001 -20"><span class='ocrx_word' id='word_1_142' title='bbox 734 3034 823 3122; x_wconf 84' lang='lat' dir='ltr'>tem,</span> <span class='ocrx_word' id='word_1_143' title='bbox 848 3028 894 3103; x_wconf 90' lang='lat' dir='ltr'>de</span> <span class='ocrx_word' id='word_1_144' title='bbox 924 3048 999 3123; x_wconf 86' lang='lat' dir='ltr'>quo</span> <span class='ocrx_word' id='word_1_145' title='bbox 1029 3025 1280 3122; x_wconf 79' lang='lat' dir='ltr'>conqueritur,</span> <span class='ocrx_word' id='word_1_146' title='bbox 1312 3027 1436 3103; x_wconf 90' lang='lat' dir='ltr'>dicens</span> <span class='ocrx_word' id='word_1_147' title='bbox 1466 3028 1723 3104; x_wconf 78' lang='lat' dir='ltr'>exclamative:</span> <span class='ocrx_word' id='word_1_148' title='bbox 1756 3033 1820 3123; x_wconf 71' lang='lat' dir='ltr'>tro</span> <span class='ocrx_word' id='word_1_149' title='bbox 1851 3050 1906 3102; x_wconf 83' lang='lat' dir='ltr'>mc</span> 
     </span>
     <span class='ocr_line' id='line_1_19' title="bbox 732 3140 1904 3240; baseline 0.001 -19"><span class='ocrx_word' id='word_1_150' title='bbox 732 3154 840 3222; x_wconf 80' lang='lat' dir='ltr'>stesso</span> <span class='ocrx_word' id='word_1_151' title='bbox 857 3149 977 3221; x_wconf 72' lang='lat' dir='ltr'>diccu-</span> <span class='ocrx_word' id='word_1_152' title='bbox 1001 3167 1023 3219; x_wconf 96' lang='lat' dir='ltr'>o</span> <span class='ocrx_word' id='word_1_153' title='bbox 1049 3142 1147 3221; x_wconf 78' lang='lat' dir='ltr'>vertri</span> <span class='ocrx_word' id='word_1_154' title='bbox 1163 3150 1248 3239; x_wconf 74' lang='lat' dir='ltr'>mro,</span> <span class='ocrx_word' id='word_1_155' title='bbox 1262 3140 1434 3239; x_wconf 68' lang='lat' dir='ltr'>poento*</span> <span class='ocrx_word' id='word_1_156' title='bbox 1454 3150 1480 3221; x_wconf 82' lang='lat' dir='ltr'>ti</span> <span class='ocrx_word' id='word_1_157' title='bbox 1495 3150 1653 3240; x_wconf 78' lang='lat' dir='ltr'>ditcpue?</span> <span class='ocrx_word' id='word_1_158' title='bbox 1670 3148 1763 3224; x_wconf 82' lang='lat' dir='ltr'>idest</span> <span class='ocrx_word' id='word_1_159' title='bbox 1778 3148 1904 3223; x_wconf 85' lang='lat' dir='ltr'>deficis</span> 
     </span>
     <span class='ocr_line' id='line_1_20' title="bbox 732 3265 1903 3364; baseline -0.001 -22"><span class='ocrx_word' id='word_1_160' title='bbox 732 3266 894 3359; x_wconf 87' lang='lat' dir='ltr'>omnino,</span> <span class='ocrx_word' id='word_1_161' title='bbox 920 3266 969 3340; x_wconf 92' lang='lat' dir='ltr'>ita</span> <span class='ocrx_word' id='word_1_162' title='bbox 996 3265 1094 3360; x_wconf 88' lang='lat' dir='ltr'>quod</span> <span class='ocrx_word' id='word_1_163' title='bbox 1121 3288 1193 3341; x_wconf 91' lang='lat' dir='ltr'>non</span> <span class='ocrx_word' id='word_1_164' title='bbox 1224 3287 1373 3362; x_wconf 88' lang='lat' dir='ltr'>possum</span> <span class='ocrx_word' id='word_1_165' title='bbox 1405 3267 1560 3342; x_wconf 89' lang='lat' dir='ltr'>ulterius</span> <span class='ocrx_word' id='word_1_166' title='bbox 1589 3270 1712 3343; x_wconf 84' lang='lat' dir='ltr'>iacere</span> <span class='ocrx_word' id='word_1_167' title='bbox 1741 3289 1903 3364; x_wconf 89' lang='lat' dir='ltr'>passum,</span> 
     </span>
     <span class='ocr_line' id='line_1_21' title="bbox 732 3387 1902 3481; baseline 0.001 -19"><span class='ocrx_word' id='word_1_168' title='bbox 732 3389 807 3463; x_wconf 91' lang='lat' dir='ltr'>imo</span> <span class='ocrx_word' id='word_1_169' title='bbox 833 3407 902 3461; x_wconf 90' lang='lat' dir='ltr'>nec</span> <span class='ocrx_word' id='word_1_170' title='bbox 928 3406 1080 3461; x_wconf 91' lang='lat' dir='ltr'>movere</span> <span class='ocrx_word' id='word_1_171' title='bbox 1105 3387 1261 3481; x_wconf 77' lang='lat' dir='ltr'>pedem?</span> <span class='ocrx_word' id='word_1_172' title='bbox 1286 3394 1324 3462; x_wconf 90' lang='lat' dir='ltr'>et</span> <span class='ocrx_word' id='word_1_173' title='bbox 1348 3388 1458 3462; x_wconf 86' lang='lat' dir='ltr'>huius</span> <span class='ocrx_word' id='word_1_174' title='bbox 1484 3409 1557 3463; x_wconf 93' lang='lat' dir='ltr'>non</span> <span class='ocrx_word' id='word_1_175' title='bbox 1583 3396 1664 3463; x_wconf 90' lang='lat' dir='ltr'>erat</span> <span class='ocrx_word' id='word_1_176' title='bbox 1693 3389 1764 3463; x_wconf 88' lang='lat' dir='ltr'>alia</span> <span class='ocrx_word' id='word_1_177' title='bbox 1790 3408 1902 3463; x_wconf 85' lang='lat' dir='ltr'>cansa</span> 
     </span>
     <span class='ocr_line' id='line_1_22' title="bbox 731 3506 1904 3603; baseline 0 -20"><span class='ocrx_word' id='word_1_178' title='bbox 731 3508 799 3583; x_wconf 89' lang='lat' dir='ltr'>nisi</span> <span class='ocrx_word' id='word_1_179' title='bbox 820 3527 893 3583; x_wconf 85' lang='lat' dir='ltr'>nox</span> <span class='ocrx_word' id='word_1_180' title='bbox 911 3506 1185 3602; x_wconf 85' lang='lat' dir='ltr'>superveniens,</span> <span class='ocrx_word' id='word_1_181' title='bbox 1203 3529 1288 3601; x_wconf 85' lang='lat' dir='ltr'>quae</span> <span class='ocrx_word' id='word_1_182' title='bbox 1305 3507 1525 3603; x_wconf 87' lang='lat' dir='ltr'>impediebat</span> <span class='ocrx_word' id='word_1_183' title='bbox 1543 3508 1698 3583; x_wconf 80' lang='lat' dir='ltr'>ulterius</span> <span class='ocrx_word' id='word_1_184' title='bbox 1715 3508 1788 3602; x_wconf 90' lang='lat' dir='ltr'>ire;</span> <span class='ocrx_word' id='word_1_185' title='bbox 1807 3508 1904 3583; x_wconf 91' lang='lat' dir='ltr'>nude</span> 
     </span>
     <span class='ocr_line' id='line_1_23' title="bbox 731 3628 1901 3723; baseline -0.003 -18"><span class='ocrx_word' id='word_1_186' title='bbox 731 3630 839 3705; x_wconf 89' lang='lat' dir='ltr'>dicit:</span> <span class='ocrx_word' id='word_1_187' title='bbox 869 3631 929 3701; x_wconf 81' lang='lat' dir='ltr'>otro</span> <span class='ocrx_word' id='word_1_188' title='bbox 953 3630 1002 3700; x_wconf 85' lang='lat' dir='ltr'>mi</span> <span class='ocrx_word' id='word_1_189' title='bbox 1023 3632 1157 3702; x_wconf 70' lang='lat' dir='ltr'>setina</span> <span class='ocrx_word' id='word_1_190' title='bbox 1182 3632 1218 3702; x_wconf 84' lang='lat' dir='ltr'>ta</span> <span class='ocrx_word' id='word_1_191' title='bbox 1239 3650 1349 3721; x_wconf 82' lang='lat' dir='ltr'>possa</span> <span class='ocrx_word' id='word_1_192' title='bbox 1373 3632 1461 3702; x_wconf 82' lang='lat' dir='ltr'>detto</span> <span class='ocrx_word' id='word_1_193' title='bbox 1483 3629 1621 3721; x_wconf 81' lang='lat' dir='ltr'>pambo,</span> <span class='ocrx_word' id='word_1_194' title='bbox 1642 3628 1745 3722; x_wconf 76' lang='lat' dir='ltr'>idest,</span> <span class='ocrx_word' id='word_1_195' title='bbox 1772 3635 1901 3723; x_wconf 86' lang='lat' dir='ltr'>poten-</span> 
     </span>
     <span class='ocr_line' id='line_1_24' title="bbox 731 3746 1902 3844; baseline -0.002 -19"><span class='ocrx_word' id='word_1_196' title='bbox 731 3752 820 3825; x_wconf 87' lang='lat' dir='ltr'>tiam</span> <span class='ocrx_word' id='word_1_197' title='bbox 846 3746 1070 3843; x_wconf 85' lang='lat' dir='ltr'>ambulandi,</span> <span class='ocrx_word' id='word_1_198' title='bbox 1092 3756 1196 3840; x_wconf 85' lang='lat' dir='ltr'>posto</span> <span class='ocrx_word' id='word_1_199' title='bbox 1224 3752 1262 3822; x_wconf 85' lang='lat' dir='ltr'>in</span> <span class='ocrx_word' id='word_1_200' title='bbox 1292 3757 1421 3841; x_wconf 75' lang='lat' dir='ltr'>tropus,</span> <span class='ocrx_word' id='word_1_201' title='bbox 1447 3749 1550 3844; x_wconf 80' lang='lat' dir='ltr'>idest,</span> <span class='ocrx_word' id='word_1_202' title='bbox 1580 3750 1618 3823; x_wconf 93' lang='lat' dir='ltr'>in</span> <span class='ocrx_word' id='word_1_203' title='bbox 1649 3748 1785 3844; x_wconf 85' lang='lat' dir='ltr'>quiete,</span> <span class='ocrx_word' id='word_1_204' title='bbox 1815 3746 1902 3843; x_wconf 87' lang='lat' dir='ltr'>quia</span> 
     </span>
     <span class='ocr_line' id='line_1_25' title="bbox 731 3868 1901 3961; baseline -0.003 -16"><span class='ocrx_word' id='word_1_205' title='bbox 731 3870 867 3945; x_wconf 81' lang='lat' dir='ltr'>trustra</span> <span class='ocrx_word' id='word_1_206' title='bbox 893 3868 1096 3943; x_wconf 85' lang='lat' dir='ltr'>conabatur</span> <span class='ocrx_word' id='word_1_207' title='bbox 1123 3888 1275 3943; x_wconf 89' lang='lat' dir='ltr'>movere</span> <span class='ocrx_word' id='word_1_208' title='bbox 1292 3889 1414 3943; x_wconf 87' lang='lat' dir='ltr'>crura.</span> <span class='ocrx_word' id='word_1_209' title='bbox 1432 3868 1499 3942; x_wconf 78' lang='lat' dir='ltr'>Alii</span> <span class='ocrx_word' id='word_1_210' title='bbox 1517 3875 1642 3943; x_wconf 91' lang='lat' dir='ltr'>tamen</span> <span class='ocrx_word' id='word_1_211' title='bbox 1661 3868 1787 3943; x_wconf 91' lang='lat' dir='ltr'>dicunt</span> <span class='ocrx_word' id='word_1_212' title='bbox 1803 3868 1901 3961; x_wconf 85' lang='lat' dir='ltr'>quod</span> 
     </span>
     <span class='ocr_line' id='line_1_26' title="bbox 731 3986 1901 4083; baseline -0.003 -19"><span class='ocrx_word' id='word_1_213' title='bbox 731 3988 891 4067; x_wconf 84' lang='lat' dir='ltr'>tendenti</span> <span class='ocrx_word' id='word_1_214' title='bbox 917 3988 964 4061; x_wconf 87' lang='lat' dir='ltr'>ad</span> <span class='ocrx_word' id='word_1_215' title='bbox 989 3988 1246 4083; x_wconf 82' lang='lat' dir='ltr'>purgationem</span> <span class='ocrx_word' id='word_1_216' title='bbox 1272 3989 1419 4064; x_wconf 76' lang='lat' dir='ltr'>accidire</span> <span class='ocrx_word' id='word_1_217' title='bbox 1443 3989 1548 4063; x_wconf 87' lang='lat' dir='ltr'>labor</span> <span class='ocrx_word' id='word_1_218' title='bbox 1575 3987 1769 4064; x_wconf 87' lang='lat' dir='ltr'>videbatur</span> <span class='ocrx_word' id='word_1_219' title='bbox 1794 3986 1901 4061; x_wconf 92' lang='lat' dir='ltr'>nimis</span> 
     </span>
     <span class='ocr_line' id='line_1_27' title="bbox 682 4108 1529 4208; baseline -0.002 -24"><span class='ocrx_word' id='word_1_220' title='bbox 682 4135 684 4141; x_wconf 94' lang='lat'>·</span> <span class='ocrx_word' id='word_1_221' title='bbox 730 4110 873 4208; x_wconf 76' lang='lat' dir='ltr'>gravis5</span> <span class='ocrx_word' id='word_1_222' title='bbox 900 4108 963 4183; x_wconf 88' lang='lat' dir='ltr'>sed</span> <span class='ocrx_word' id='word_1_223' title='bbox 988 4108 1089 4204; x_wconf 91' lang='lat' dir='ltr'>prior</span> <span class='ocrx_word' id='word_1_224' title='bbox 1113 4108 1290 4204; x_wconf 83' lang='lat' dir='ltr'>expositio</span> <span class='ocrx_word' id='word_1_225' title='bbox 1315 4117 1371 4185; x_wconf 81' lang='lat' dir='ltr'>est</span> <span class='ocrx_word' id='word_1_226' title='bbox 1395 4108 1529 4185; x_wconf 91' lang='lat' dir='ltr'>verior.</span> 
     </span>
    </p>

    <p class='ocr_par' dir='ltr' id='par_1_3' title="bbox 729 4226 1901 5170">
     <span class='ocr_line' id='line_1_28' title="bbox 805 4226 1900 4324; baseline -0.003 -19"><span class='ocrx_word' id='word_1_227' title='bbox 805 4233 874 4305; x_wconf 85' lang='lat' dir='ltr'>Noi</span> <span class='ocrx_word' id='word_1_228' title='bbox 897 4249 1055 4303; x_wconf 75' lang='lat' dir='ltr'>mavum.</span> <span class='ocrx_word' id='word_1_229' title='bbox 1090 4229 1162 4302; x_wconf 91' lang='lat' dir='ltr'>Ista</span> <span class='ocrx_word' id='word_1_230' title='bbox 1195 4234 1251 4303; x_wconf 91' lang='lat' dir='ltr'>est</span> <span class='ocrx_word' id='word_1_231' title='bbox 1280 4228 1389 4303; x_wconf 90' lang='lat' dir='ltr'>tertia</span> <span class='ocrx_word' id='word_1_232' title='bbox 1420 4249 1506 4324; x_wconf 89' lang='lat' dir='ltr'>pars</span> <span class='ocrx_word' id='word_1_233' title='bbox 1535 4227 1756 4324; x_wconf 85' lang='lat' dir='ltr'>pulcerrima</span> <span class='ocrx_word' id='word_1_234' title='bbox 1790 4226 1900 4302; x_wconf 89' lang='lat' dir='ltr'>huius</span> 
     </span>
     <span class='ocr_line' id='line_1_29' title="bbox 730 4346 1900 4447; baseline -0.004 -21"><span class='ocrx_word' id='word_1_235' title='bbox 730 4350 890 4447; x_wconf 85' lang='lat' dir='ltr'>capituli,</span> <span class='ocrx_word' id='word_1_236' title='bbox 916 4349 953 4423; x_wconf 90' lang='lat' dir='ltr'>in</span> <span class='ocrx_word' id='word_1_237' title='bbox 979 4369 1053 4443; x_wconf 88' lang='lat' dir='ltr'>qna</span> <span class='ocrx_word' id='word_1_238' title='bbox 1078 4354 1187 4444; x_wconf 87' lang='lat' dir='ltr'>poeta</span> <span class='ocrx_word' id='word_1_239' title='bbox 1212 4347 1392 4423; x_wconf 89' lang='lat' dir='ltr'>subtiliter</span> <span class='ocrx_word' id='word_1_240' title='bbox 1417 4354 1575 4423; x_wconf 88' lang='lat' dir='ltr'>venatur</span> <span class='ocrx_word' id='word_1_241' title='bbox 1603 4353 1728 4422; x_wconf 91' lang='lat' dir='ltr'>ortum</span> <span class='ocrx_word' id='word_1_242' title='bbox 1754 4346 1900 4422; x_wconf 81' lang='lat' dir='ltr'>aocidiae</span> 
     </span>
     <span class='ocr_line' id='line_1_30' title="bbox 730 4468 1897 4565; baseline -0.006 -19"><span class='ocrx_word' id='word_1_243' title='bbox 730 4478 767 4547; x_wconf 91' lang='lat' dir='ltr'>et</span> <span class='ocrx_word' id='word_1_244' title='bbox 790 4475 1011 4545; x_wconf 85' lang='lat' dir='ltr'>caeterorum</span> <span class='ocrx_word' id='word_1_245' title='bbox 1029 4468 1204 4543; x_wconf 90' lang='lat' dir='ltr'>vitiorum</span> <span class='ocrx_word' id='word_1_246' title='bbox 1230 4475 1307 4543; x_wconf 89' lang='lat' dir='ltr'>tam</span> <span class='ocrx_word' id='word_1_247' title='bbox 1329 4474 1586 4565; x_wconf 83' lang='lat' dir='ltr'>purgatorum,</span> <span class='ocrx_word' id='word_1_248' title='bbox 1604 4488 1716 4562; x_wconf 88' lang='lat' dir='ltr'>quam</span> <span class='ocrx_word' id='word_1_249' title='bbox 1738 4488 1897 4563; x_wconf 81' lang='lat' dir='ltr'>purgan-</span> 
     </span>
     <span class='ocr_line' id='line_1_31' title="bbox 729 4586 1901 4683; baseline -0.004 -18"><span class='ocrx_word' id='word_1_250' title='bbox 729 4591 874 4666; x_wconf 84' lang='lat' dir='ltr'>dorum.</span> <span class='ocrx_word' id='word_1_251' title='bbox 900 4590 945 4663; x_wconf 89' lang='lat' dir='ltr'>Et</span> <span class='ocrx_word' id='word_1_252' title='bbox 970 4588 1088 4683; x_wconf 90' lang='lat' dir='ltr'>primo</span> <span class='ocrx_word' id='word_1_253' title='bbox 1113 4588 1285 4663; x_wconf 86' lang='lat' dir='ltr'>describit</span> <span class='ocrx_word' id='word_1_254' title='bbox 1309 4589 1432 4663; x_wconf 86' lang='lat' dir='ltr'>locum</span> <span class='ocrx_word' id='word_1_255' title='bbox 1458 4587 1521 4662; x_wconf 93' lang='lat' dir='ltr'>ubi</span> <span class='ocrx_word' id='word_1_256' title='bbox 1551 4586 1701 4683; x_wconf 88' lang='lat' dir='ltr'>quievit,</span> <span class='ocrx_word' id='word_1_257' title='bbox 1726 4592 1765 4661; x_wconf 90' lang='lat' dir='ltr'>et</span> <span class='ocrx_word' id='word_1_258' title='bbox 1788 4606 1901 4681; x_wconf 82' lang='lat' dir='ltr'>appa·</span> 
     </span>
     <span class='ocr_line' id='line_1_32' title="bbox 730 4708 1901 4806; baseline -0.004 -21"><span class='ocrx_word' id='word_1_259' title='bbox 730 4710 825 4787; x_wconf 91' lang='lat' dir='ltr'>ravit</span> <span class='ocrx_word' id='word_1_260' title='bbox 850 4731 890 4785; x_wconf 91' lang='lat' dir='ltr'>se</span> <span class='ocrx_word' id='word_1_261' title='bbox 910 4708 955 4784; x_wconf 85' lang='lat' dir='ltr'>ad</span> <span class='ocrx_word' id='word_1_262' title='bbox 974 4708 1279 4806; x_wconf 82' lang='lat' dir='ltr'>investigandum,</span> <span class='ocrx_word' id='word_1_263' title='bbox 1296 4708 1420 4783; x_wconf 87' lang='lat' dir='ltr'>dicens</span> <span class='ocrx_word' id='word_1_264' title='bbox 1436 4708 1704 4784; x_wconf 82' lang='lat' dir='ltr'>continuative:</span> <span class='ocrx_word' id='word_1_265' title='bbox 1726 4710 1795 4781; x_wconf 88' lang='lat' dir='ltr'>Noi</span> <span class='ocrx_word' id='word_1_266' title='bbox 1818 4728 1901 4781; x_wconf 70' lang='lat' dir='ltr'>cro</span> 
     </span>
     <span class='ocr_line' id='line_1_33' title="bbox 729 4828 1900 4926; baseline -0.005 -21"><span class='ocrx_word' id='word_1_267' title='bbox 729 4852 825 4925; x_wconf 86' lang='lat' dir='ltr'>uem,</span> <span class='ocrx_word' id='word_1_268' title='bbox 849 4830 953 4926; x_wconf 87' lang='lat' dir='ltr'>quasi</span> <span class='ocrx_word' id='word_1_269' title='bbox 978 4829 1090 4904; x_wconf 88' lang='lat' dir='ltr'>dicat:</span> <span class='ocrx_word' id='word_1_270' title='bbox 1113 4829 1192 4923; x_wconf 91' lang='lat' dir='ltr'>jam</span> <span class='ocrx_word' id='word_1_271' title='bbox 1218 4850 1508 4925; x_wconf 86' lang='lat' dir='ltr'>perveneramus</span> <span class='ocrx_word' id='word_1_272' title='bbox 1532 4828 1579 4903; x_wconf 86' lang='lat' dir='ltr'>ad</span> <span class='ocrx_word' id='word_1_273' title='bbox 1604 4829 1741 4922; x_wconf 78' lang='lat' dir='ltr'>locum,</span> <span class='ocrx_word' id='word_1_274' title='bbox 1758 4831 1846 4901; x_wconf 78' lang='lat' dir='ltr'>douc</span> <span class='ocrx_word' id='word_1_275' title='bbox 1861 4829 1900 4900; x_wconf 86' lang='lat' dir='ltr'>lu</span> 
     </span>
     <span class='ocr_line' id='line_1_34' title="bbox 729 4945 1899 5045; baseline -0.004 -19"><span class='ocrx_word' id='word_1_276' title='bbox 729 4955 828 5027; x_wconf 84' lang='lat' dir='ltr'>scuta</span> <span class='ocrx_word' id='word_1_277' title='bbox 852 4972 924 5025; x_wconf 83' lang='lat' dir='ltr'>ooo</span> <span class='ocrx_word' id='word_1_278' title='bbox 948 4952 1062 5025; x_wconf 84' lang='lat' dir='ltr'>soliva</span> <span class='ocrx_word' id='word_1_279' title='bbox 1082 4945 1145 5043; x_wconf 79' lang='lat' dir='ltr'>ptri</span> <span class='ocrx_word' id='word_1_280' title='bbox 1168 4972 1223 5043; x_wconf 84' lang='lat' dir='ltr'>su,</span> <span class='ocrx_word' id='word_1_281' title='bbox 1248 4949 1395 5044; x_wconf 84' lang='lat' dir='ltr'>scilicet,</span> <span class='ocrx_word' id='word_1_282' title='bbox 1420 4950 1458 5022; x_wconf 91' lang='lat' dir='ltr'>in</span> <span class='ocrx_word' id='word_1_283' title='bbox 1483 4969 1657 5045; x_wconf 90' lang='lat' dir='ltr'>supremo</span> <span class='ocrx_word' id='word_1_284' title='bbox 1681 4948 1812 5045; x_wconf 85' lang='lat' dir='ltr'>gradu,</span> <span class='ocrx_word' id='word_1_285' title='bbox 1830 4967 1899 5022; x_wconf 88' lang='lat' dir='ltr'>nec</span> 
     </span>
     <span class='ocr_line' id='line_1_35' title="bbox 730 5070 1900 5170; baseline -0.006 -21"><span class='ocrx_word' id='word_1_286' title='bbox 730 5073 797 5170; x_wconf 90' lang='lat' dir='ltr'>ipsi</span> <span class='ocrx_word' id='word_1_287' title='bbox 821 5078 990 5167; x_wconf 87' lang='lat' dir='ltr'>poterant</span> <span class='ocrx_word' id='word_1_288' title='bbox 1014 5070 1171 5167; x_wconf 86' lang='lat' dir='ltr'>amplius</span> <span class='ocrx_word' id='word_1_289' title='bbox 1195 5071 1394 5146; x_wconf 89' lang='lat' dir='ltr'>ascendere</span> <span class='ocrx_word' id='word_1_290' title='bbox 1410 5091 1478 5166; x_wconf 89' lang='lat' dir='ltr'>pro</span> <span class='ocrx_word' id='word_1_291' title='bbox 1496 5076 1583 5145; x_wconf 89' lang='lat' dir='ltr'>tunc</span> <span class='ocrx_word' id='word_1_292' title='bbox 1599 5077 1749 5167; x_wconf 89' lang='lat' dir='ltr'>propter</span> <span class='ocrx_word' id='word_1_293' title='bbox 1765 5070 1900 5146; x_wconf 90' lang='lat' dir='ltr'>obscu-</span> 
     </span>
    </p>
   </div>
   <div class='ocr_carea' id='block_1_3' title="bbox 0 0 2276 6842">
    <p class='ocr_par' dir='ltr' id='par_1_4' title="bbox 0 0 2276 6842">
     <span class='ocr_line' id='line_1_36' title="bbox 0 0 2276 6842; baseline 0 0"><span class='ocrx_word' id='word_1_294' title='bbox 0 0 2276 6842; x_wconf 95' lang='lat' dir='ltr'> </span> 
     </span>
    </p>
   </div>
  </div>
 </body>
</html>
