4542 6842
731 962 802 1037 tit
1096 972 1301 1037 mutarunt
1324 980 1546 1037 nunonronu

730 1129 848 1204 maior
874 1128 1011 1205 mentio
1045 1136 1082 1205 et
1111 1126 1382 1205 commendatio
1414 1121 1454 1202 dt
1484 1129 1531 1203 de
1562 1122 1728 1201 Fabricio
1760 1124 1905 1200 ratione

730 1250 878 1325 maioris
903 1246 1136 1347 paupertatis.
1164 1248 1266 1325 Sicut
1290 1267 1381 1347 ergo
1406 1248 1531 1323 scrlbit
1555 1247 1672 1323 Julius
1697 1244 1833 1346 lgnlus,
1860 1244 1907 1322 ll·

729 1362 798 1445 bro
814 1369 860 1444 vt
879 1370 926 1447 de
943 1368 1015 1445 vita
1034 1369 1071 1446 el
1092 1368 1258 1444 moribus
1276 1367 1443 1444 virorurn
1462 1364 1672 1462 illustrium,
1694 1366 1768 1442 duo
1791 1362 1902 1466 legatl

730 1490 928 1564 samnitum
965 1495 1149 1565 venerunt
1185 1488 1231 1565 ad
1269 1488 1398 1563 Caium
1436 1488 1612 1562 Licinium
1653 1492 1904 1563 memorantes

731 1606 865 1685 multas
898 1616 935 1685 et
969 1628 1122 1707 magnas
1149 1628 1219 1702 ros,
1246 1627 1339 1701 quas
1364 1608 1459 1682 bene
1490 1608 1527 1682 et
1559 1605 1739 1682 benevole
1764 1607 1903 1683 iecerat

730 1729 945 1804 samnitibus
966 1736 1045 1824 post
1065 1728 1189 1804 datam
1216 1746 1357 1823 pacem,
1378 1726 1576 1802 olierentcs
1599 1725 1698 1801 dono
1722 1727 1903 1825 grandem

730 1847 923 1945 pecuniam
957 1855 996 1925 et
1028 1857 1176 1926 orantes
1202 1848 1244 1921 ut
1269 1848 1460 1943 reciperet,
1491 1847 1665 1941 quoniam
1693 1848 1810 1921 multa
1834 1847 1901 1922 de*

731 1971 882 2046 fluerent
898 1970 943 2045 ud
964 1968 1217 2045 necessitatem
1235 1969 1353 2044 uictus
1369 1974 1406 2043 et
1422 1968 1625 2043 claritatem
1644 1985 1722 2043 suae
1743 1966 1902 2061 domus;

731 2090 818 2164 nibil
843 2090 941 2165 enirn
968 2088 1195 2186 splendidum
1221 2090 1259 2164 el
1284 2095 1454 2184 paratum
1476 2093 1557 2162 erat
1573 2108 1640 2184 pro
1660 2086 1899 2183 amplitudine

731 2208 887 2285 bominis
910 2217 948 2285 et
972 2207 1148 2308 dignitate
1167 2210 1322 2283 virtutis.
1341 2208 1529 2283 Fabricius
1547 2227 1638 2283 vero
1654 2198 1804 2283 deduxit
1821 2228 1903 2282 am·

729 2326 806 2429 plas
830 2352 962 2407 manus
986 2331 1034 2405 ab
1059 2326 1213 2405 auribus
1241 2330 1288 2404 ad
1317 2327 1455 2424 oculos,
1481 2328 1612 2405 deinde
1636 2326 1683 2403 ad
1709 2350 1828 2421 nares,
1853 2324 1902 2403 ad

729 2469 782 2546 os,
808 2449 853 2525 ad
879 2451 1018 2547 gulam,
1052 2450 1185 2525 deinde
1207 2441 1255 2525 ad
1280 2452 1460 2544 ventrem,
1495 2454 1532 2525 et
1566 2448 1758 2544 interiora3
1784 2454 1821 2525 et
1845 2450 1901 2524 le·

729 2570 822 2669 gutis
847 2572 884 2644 in
909 2571 989 2646 baec
1014 2566 1127 2646 verbu
1154 2570 1356 2666 respondit:
1383 2570 1473 2645 dum
1502 2567 1674 2645 omnibus
1699 2571 1754 2644 bis
1780 2589 1900 2644 menr-

730 2690 805 2765 bris
830 2710 914 2785 quae
940 2686 1039 2786 tetigi
1065 2692 1195 2785 potero
1220 2688 1390 2765 resistere
1415 2696 1453 2764 et
1477 2688 1674 2785 imperare,
1702 2690 1789 2764 mibi
1815 2685 1902 2764 nibll

729 2810 881 2884 omnino
893 2808 1052 2902 deliciet3
1066 2806 1149 2884 ideo
1163 2809 1264 2883 vobis
1277 2815 1465 2885 reservate
1482 2802 1721 2904 pecuniaml)
1733 2829 1902 2885 necessa·

730 2928 826 3005 rlaru
852 2928 978 3003 usibus
1004 2928 1145 3023 vestris,
1171 2948 1239 3003 nec
1263 2946 1347 3003 earn
1373 2928 1507 3023 quibus
1532 2950 1604 3003 non
1623 2936 1678 3004 est
1694 2928 1899 3004 necessaria

730 3052 796 3125 aut
820 3058 924 3146 grata
949 3049 1131 3146 ingeratis.
1150 3046 1305 3123 llomanl
1322 3048 1502 3144 siquidem
1524 3069 1596 3124 non
1613 3056 1745 3125 curant
1764 3048 1902 3124 babere

730 3180 880 3263 aurum,
904 3170 968 3245 sed
1003 3168 1188 3265 imperare
1220 3171 1347 3244 volunt
1376 3169 1594 3245 babentlbus
1621 3189 1770 3245 aurum.
1801 3170 1901 3245 idem

730 3278 918 3364 Fabricius
943 3290 1119 3385 compulit
1144 3288 1329 3387 Pyrrhum
1359 3290 1406 3364 ad
1437 3310 1678 3366 romanorum
1703 3291 1899 3365 amicitiant

730 3407 985 3507 appetendam,
1013 3408 1167 3487 remisso
1193 3410 1345 3506 medico,
1372 3410 1435 3505 qui
1461 3412 1697 3507 promittebat
1716 3410 1899 3508 Pyrrbunt

730 3546 926 3607 venenare.
953 3527 1037 3607 ldco
1063 3524 1268 3607 benedicit
1297 3532 1457 3607 Senecam
1482 3531 1681 3607 Summum
1712 3532 1780 3607 luit
1809 3554 1904 3609 auro

731 3664 805 3725 non
831 3650 937 3745 vinci,
964 3670 1107 3726 veneno
1127 3671 1199 3725 non
1219 3652 1377 3726 vincere.
1396 3650 1508 3725 biulta
1525 3656 1727 3726 occurrunt
1749 3650 1901 3727 dicendo

730 3764 768 3845 ln
800 3770 948 3847 laudern
980 3767 1132 3846 Fabricii
1172 3790 1256 3866 quae
1289 3772 1436 3846 remitto
1470 3770 1651 3847 brevitati.
1687 3770 1779 3846 llicit
1811 3790 1904 3869 ergo

731 3896 856 3987 poclm
871 3894 1146 3983 sequentemeote
1161 3892 1272 3983 iuteo,
1289 3890 1392 3965 illum
1410 3890 1577 3987 spiritum
1595 3884 1735 3967 dicere:
1761 3892 1904 3966 Oboon

731 4008 906 4103 mondo,
939 4032 1050 4105 quem
1077 4004 1226 4085 boetius
1251 4018 1357 4086 vocnt
1382 4010 1540 4104 fidelem,
1568 4008 1687 4085 uoluti
1710 4016 1796 4085 anzi
1813 4024 1904 4105 pos*

730 4127 832 4204 seder
857 4138 985 4205 nature
1009 4154 1075 4205 con
1096 4122 1259 4225 poerit,
1284 4136 1344 4205 cte
1367 4151 1464 4223 prou
1493 4130 1676 4206 riccdezzo
1699 4148 1765 4205 con
1796 4136 1901 4206 nisio

732 4248 833 4327 Unde
851 4249 1092 4328 Claudianus:
1112 4256 1288 4326 contentus
1311 4250 1452 4326 lunesto
1473 4250 1653 4326 Fabricius
1666 4266 1783 4345 paruo
1801 4268 1905 4345 sper·

730 4367 835 4446 nebat
858 4392 1006 4446 munem
1031 4375 1366 4465 repam-Ouestc.
1386 4362 1450 4446 lllo
1475 4377 1582 4468 poeta
1607 4371 1754 4448 adducit
1773 4386 1906 4449 exem·

606 4563 607 4571 t
730 4492 832 4589 plum
851 4486 979 4567 nobilis
997 4486 1174 4589 largitatis
1191 4487 1260 4567 sub
1277 4486 1399 4567 verbis
1419 4490 1594 4568 brevibus
1611 4496 1648 4568 et
1664 4489 1790 4569 claris:
1808 4511 1906 4587 quu—

729 4612 828 4688 illam
862 4613 991 4688 beatus
1023 4610 1196 4688 lllcolaru
1234 4608 1390 4687 morluls
1426 4606 1640 4709 parentibus
1672 4614 1798 4689 votens
1836 4629 1907 4689 suu

725 4733 825 4808 bona
851 4722 1073 4829 pauperibus
1098 4750 1266 4830 erogate,
1284 4731 1373 4808 durn
1393 4731 1542 4827 quidam
1567 4732 1696 4809 nobilis
1716 4740 1792 4809 tres
1814 4732 1907 4810 illins

728 4850 872 4928 annius
897 4854 1053 4950 urgente
1083 4844 1203 4949 inopia
1235 4850 1443 4949 disponeret
1474 4858 1656 4948 questum
1688 4848 1811 4929 luceru
1835 4868 1906 4950 pro

1794 5020 1905 5034 *n-

793 5114 820 5177 t'l
838 5116 868 5168 tt.
884 5116 1019 5180 wcunluu
1036 5114 1148 5169 teulfum
1163 5118 1252 5169 usibus
1268 5118 1359 5167 restris
1374 5118 1553 5177 pecuariam,
1570 5128 1618 5166 uec
1633 5118 1701 5165 cam.
1758 5136 1762 5143 ·
