4542 6842
712 954 851 1012 murus
876 956 1033 1012 uncinus
1058 959 1203 1012 ssxrus.
1469 947 1540 1014 llll

369 1096 549 1172 vocabulo
575 1097 733 1194 speciali,
760 1105 827 1194 pe'r
858 1101 957 1194 quod
987 1108 1069 1177 erat
1098 1108 1227 1195 notus3
1253 1101 1364 1177 etita
1397 1102 1542 1199 publice

367 1217 586 1292 vocabatur
605 1219 675 1294 iste
700 1219 854 1294 llorebat
879 1221 916 1293 in
941 1220 1055 1316 Regio
1081 1227 1249 1316 tempore
1277 1223 1389 1296 nostri
1412 1229 1540 1318 poetae,

365 1347 453 1413 oum
479 1337 605 1412 ciritae
629 1339 691 1414 illa
709 1345 804 1414 esset
825 1338 861 1413 in
880 1325 1124 1436 magno‘llore
1146 1347 1183 1416 et
1200 1349 1395 1438 regeretur
1411 1343 1536 1419 libere.

366 1455 449 1532 Fuit
472 1463 599 1534 autem
627 1459 684 1533 vir
708 1460 870 1554 prudens
895 1468 932 1535 et
957 1468 1093 1556 rectus,
1118 1461 1197 1536 sani
1219 1462 1368 1555 consilii,
1394 1469 1541 1538 amatus

367 1585 405 1653 el
429 1579 643 1673 honoratus,
669 1580 756 1674 quia
781 1580 919 1656 zelator
946 1588 1027 1675 erat
1052 1582 1273 1677 reipublicae,
1291 1589 1329 1657 et
1354 1589 1541 1678 protector

366 1700 504 1796 patriae,
526 1700 610 1776 licet
630 1707 718 1776 tunc
734 1701 794 1775 alii
813 1709 934 1777 essent
950 1702 1175 1798 potentiores
1196 1701 1350 1778 interra
1376 1703 1455 1778 illa:
1473 1703 1542 1778 suit

285 1900 287 1904 ,
366 1820 544 1915 liberalis3
578 1821 684 1896 cuius
716 1805 971 1899 liberalitatem
997 1831 1105 1920 poeta
1132 1829 1257 1897 noster
1281 1831 1456 1919 expertus
1486 1831 1541 1898 est

367 1940 493 2033 semel,
521 1947 689 2036 receptus
715 1948 752 2016 et
777 1943 979 2017 honoratus
1004 1943 1052 2018 ab
1078 1963 1124 2019 eo
1150 1943 1186 2016 in
1215 1943 1326 2017 domo
1351 1964 1430 2017 sua.
1457 1944 1541 2018 Fuit

366 2059 477 2136 etiam
507 2059 625 2134 Guido
663 2061 790 2156 pulcer
828 2062 997 2138 inventor
1031 2063 1068 2137 in
1103 2065 1276 2159 rhythmo
1310 2065 1541 2160 vulgari,t1t
1628 2082 1631 2086 ⁴

366 2182 495 2276 pulcre
520 2187 670 2276 apparet
697 2181 732 2255 in
758 2181 976 2277 quibusdam
1004 2182 1106 2258 dictis
1138 2184 1235 2278 eius3
1262 2183 1344 2258 ideo
1375 2185 1412 2258 in
1436 2205 1541 2259 oom-

367 2300 639 2375 mendationem
664 2300 744 2376 eius
761 2301 864 2376 dicit:
882 2306 942 2376 cle
958 2307 1022 2376 mel
1034 2307 1067 2378 si
1081 2325 1202 2396 nomo,
1221 2303 1323 2398 idest,
1342 2303 1405 2398 qui
1422 2304 1541 2378 Guido

368 2421 499 2495 melius
524 2419 747 2514 nominatur,
770 2425 1067 2515 frouccscomente
1094 2425 1123 2496 il
1152 2425 1312 2515 supplice
1340 2424 1536 2497 loutbardo.

366 2539 445 2616 Hoc
470 2546 660 2633 exponunt
684 2540 807 2634 aliqui,
826 2541 912 2634 quia
929 2541 975 2616 de
992 2541 1198 2617 curialitate
1223 2564 1289 2618 sua
1316 2547 1417 2617 tanta
1442 2543 1541 2617 iama

367 2660 484 2734 crevit
508 2680 575 2757 per
605 2659 808 2754 Franciam,
834 2660 934 2754 quod
959 2661 1162 2736 vocabatur
1193 2661 1347 2756 simplex
1373 2662 1540 2736 lombar·

367 2780 454 2874 dus3
471 2780 534 2854 sed
551 2779 647 2853 istud
666 2785 721 2854 est
737 2800 875 2855 vanum
893 2779 1027 2873 dicere,
1053 2780 1169 2854 immo
1185 2780 1297 2856 debes
1317 2781 1422 2876 scire,
1441 2777 1540 2876 quod

222 2933 224 2940 ¹
367 2900 487 2996 gallici
512 2904 646 2988 vocant
670 2920 799 2976 omnes
824 2900 962 2975 italicos
987 2901 1209 2996 lombardos,
1227 2907 1264 2975 et
1283 2909 1454 2998 reputant
1475 2921 1540 2976 eos

370 3021 476 3095 valde
499 3026 658 3115 astutos,
684 3020 765 3094 ideo
790 3021 885 3096 bene
917 3021 1012 3115 dicit,
1039 3021 1139 3115 quod
1163 3023 1311 3117 proprie
1342 3029 1541 3097 vocaretur
1610 3023 1664 3076 s

368 3141 498 3237 gallice
522 3141 676 3235 simplex
702 3141 924 3216 lombardus.
951 3141 1076 3217 Simile
1104 3143 1194 3216 dixit
1222 3163 1334 3237 supra
1366 3142 1412 3216 de
1442 3142 1540 3216 Hen-

369 3263 445 3338 rico
472 3281 560 3358 rege
585 3262 793 3357 anglorum,
811 3261 873 3336 ubi
900 3262 1008 3337 dixit:
1031 3265 1146 3337 vedace
1161 3266 1191 3337 il
1206 3286 1248 3337 re
1267 3265 1366 3338 dallo
1381 3265 1540 3354 semplice

336 3441 339 3445 ,
368 3386 449 3458 otto.
476 3382 519 3454 Et
544 3380 647 3455 dicit:
673 3384 731 3454 ot
744 3385 827 3474 appi
850 3385 932 3455 mot.
959 3383 1024 3458 llic
1049 3383 1180 3457 ultimo
1197 3385 1352 3478 Marcus,
1371 3388 1539 3477 repetens

367 3508 404 3579 et
440 3502 630 3576 declarans
660 3499 896 3596 principalem
929 3503 1215 3597 conclusionem,
1241 3503 1348 3578 docet
1378 3508 1539 3598 poetam,

367 3622 455 3718 quid
491 3619 625 3696 amodo
662 3619 793 3696 debeat
827 3621 1049 3715 respondere
1072 3614 1108 3714 (⁴)
1145 3622 1455 3718 interrogantibus
1494 3620 1541 3696 de

366 3742 461 3819 dicta
494 3740 704 3836 quaestione.
732 3739 835 3815 Unde
859 3739 967 3815 dicit:
995 3745 1150 3833 Di'oppi
1173 3745 1248 3814 mot
1279 3745 1340 3815 ebe
1364 3745 1401 3814 lo
1425 3742 1541 3813 cirtem

367 3867 404 3938 dt
428 3869 554 3953 Romo,
579 3860 681 3956 idest,
708 3867 832 3956 pastor
856 3861 1030 3956 ecclesiae,
1044 3883 1111 3955 per
1130 3864 1342 3956 confundere
1357 3865 1395 3934 tn
1415 3863 1540 3934 arduo

366 3985 584 4075 reppimcuti,
610 3987 647 4055 et
672 3979 723 4056 sic
757 4002 830 4055 non
856 3981 966 4057 habel
996 3983 1174 4079 ungulam
1207 3982 1457 4076 assumeado
1482 3983 1540 4054 nel

365 4108 490 4199 scopo,
511 4102 603 4177 idest
627 4101 664 4175 in
688 4107 929 4196 peccatum,e
953 4098 993 4175 se*
1015 4102 1131 4176 brutio
1151 4122 1171 4174 e
1191 4105 1227 4174 la
1247 4123 1361 4193 romu,
1379 4101 1483 4195 idest,
1501 4107 1539 4175 et

367 4225 417 4298 ita
435 4223 547 4297 ioedat
564 4221 729 4318 regimen
746 4221 950 4296 christianae
969 4222 1171 4320 religionis,
1188 4229 1226 4298 et
1242 4243 1331 4296 rere
1349 4230 1457 4319 turpe
1482 4228 1538 4296 est

368 4343 494 4418 videre
510 4342 738 4417 sacerdotem
758 4348 924 4439 togatum
941 4349 1140 4418 armatum.
1153 4385 1203 4398 —
1216 4344 1259 4417 Et
1279 4343 1400 4417 subdit
1416 4349 1536 4439 poeta,

369 4461 555 4558 quomodo
584 4461 660 4555 ipse
697 4460 971 4538 confirmaverit
1007 4463 1145 4538 dictum
1175 4463 1285 4538 Marci
1318 4463 1537 4538 auctoritate

368 4584 490 4658 Sacrae
507 4580 715 4677 Scripturae.
734 4581 825 4656 Dicit
850 4602 960 4678 ergo:
992 4585 1022 4655 0
1047 4587 1173 4656 Marco
1192 4586 1276 4674 mio,
1302 4586 1385 4657 diss
1397 4585 1447 4674 io,
1473 4583 1537 4655 beu

367 4705 575 4796 argumenti,
593 4723 639 4777 ex
657 4701 918 4776 commixtione
934 4701 1055 4798 gladii,
1074 4713 1112 4780 et
1128 4703 1227 4778 clare
1243 4702 1370 4799 arguis
1382 4723 1533 4778 causam

366 4844 432 4919 per
452 4822 648 4898 ellectum:
672 4828 709 4897 et
734 4822 804 4897 boc
822 4821 927 4896 video
944 4842 991 4896 ex
1008 4822 1105 4897 bono
1124 4821 1341 4896 testimonio.
1359 4822 1413 4896 Ad
1431 4822 1537 4896 cuius

1430 4987 1538 4998 *-

429 5082 457 5143 (¹)
472 5085 526 5142 11⁷,
542 5081 700 5146 respondere
715 5081 898 5148 interrogatur.
1247 5152 1249 5156 ,

500 5189 542 5231 m,
1376 5188 1404 5231 ,9
