4542 6842
717 976 854 1033 caurus
879 977 1036 1035 oscruus
1061 977 1254 1035 seeunous.
1500 964 1570 1033 333

399 1122 468 1197 tilis
495 1142 568 1196 non
595 1123 691 1198 valet
717 1122 782 1197 nisi
807 1122 853 1197 ad
879 1122 1076 1198 fallendum
1099 1124 1159 1198 vel
1179 1122 1396 1217 capiendum
1424 1144 1571 1199 muscas

398 1242 562 1317 volantes
588 1249 625 1319 et
650 1244 790 1318 minuta
815 1243 1000 1337 animalia,
1028 1244 1076 1319 ita
1107 1244 1181 1320 tale
1208 1264 1302 1339 opus
1334 1245 1466 1321 subtile
1498 1266 1571 1321 non

398 1362 496 1437 valet
521 1362 587 1435 nisi
612 1363 658 1437 ad
684 1363 900 1459 capiendum
916 1356 954 1455 (¹)
967 1364 1127 1459 juvenes
1145 1384 1269 1458 vanos,
1286 1365 1351 1439 sed
1373 1387 1446 1439 non
1462 1383 1569 1441 senes

398 1500 488 1557 vere
507 1483 807 1578 philosophantes.
826 1484 923 1579 Ergo
940 1483 1035 1559 bene
1052 1478 1239 1558 linxerunt
1256 1493 1374 1581 poetae
1390 1506 1568 1560 araneam

398 1620 480 1676 esse
517 1602 677 1677 odiosam
718 1600 863 1695 Palladi,
902 1622 987 1697 quae
1030 1603 1080 1677 ita
1118 1603 1281 1677 contudit
1312 1613 1349 1679 et
1382 1605 1572 1681 damnavit

398 1742 492 1816 opus
514 1722 603 1797 eius.
617 1762 666 1775 —
684 1727 714 1797 0
732 1722 898 1795 Roboam.
916 1721 982 1797 llic
998 1730 1106 1818 poeta
1123 1722 1294 1797 describit
1312 1724 1425 1797 aliurn
1444 1732 1569 1799 actum

398 1847 436 1917 et
461 1842 632 1917 ellectum
658 1840 907 1937 superbissimi
934 1840 1039 1939 regis.
1061 1840 1114 1915 dd
1133 1842 1230 1935 quod
1251 1842 1453 1936 sciendum,
1470 1843 1570 1937 quod

399 1963 494 2038 sicut
518 1963 652 2060 legitur
677 1963 770 2038 libro
795 1962 939 2059 Regum
959 1969 996 2037 et
1012 1961 1106 2036 libro
1124 1963 1266 2058 losepbi
1290 1963 1568 2058 Antiquitatum,

398 2084 561 2158 Roboam
588 2083 682 2158 lilius
711 2078 964 2179 sapientissimi
996 2082 1201 2157 Salomonis
1232 2090 1271 2159 et
1299 2084 1570 2159 clementissimi

398 2203 512 2278 David
538 2224 661 2299 nepos,
689 2213 837 2280 mortuo
864 2210 968 2299 patre
996 2203 1096 2277 venit
1125 2204 1297 2300 regaliter
1326 2205 1508 2300 superbus
1531 2205 1569 2279 iu

398 2333 535 2399 terram
557 2324 714 2420 sichem,
733 2324 795 2399 ubi
813 2331 1037 2399 convenerat
1060 2324 1253 2399 universus
1270 2326 1426 2421 populus
1443 2327 1570 2421 lsrael,

397 2445 460 2538 qui
486 2444 701 2540 supplicavit
718 2444 795 2541 regi
824 2451 864 2518 ut
888 2443 1103 2541 dignaretur
1122 2444 1296 2521 alleviare
1310 2447 1446 2542 jugum
1469 2446 1568 2540 quod

397 2564 570 2639 Salomon
596 2563 821 2659 imposuerat
845 2562 909 2639 eis.
927 2564 1092 2638 Roboam
1113 2570 1254 2658 autem,
1272 2573 1394 2659 spreto
1419 2566 1569 2640 consilio

398 2685 601 2778 seniorum,
627 2691 665 2759 et
684 2683 876 2779 juniorum
904 2683 1052 2758 oonsilio
1077 2691 1279 2779 acceptato,
1301 2686 1485 2781 respondit
1504 2708 1568 2759 su·

397 2806 522 2901 perbe‚
548 2804 646 2899 quod
673 2804 847 2878 minimus
871 2803 1004 2899 digitus
1035 2825 1125 2877 suus
1157 2810 1239 2878 erat
1270 2805 1432 2900 grossior
1457 2806 1568 2880 dorso

396 2932 560 3021 paterno,
587 2932 625 3001 et
650 2924 749 3019 quod
774 2924 803 2998 si
829 2932 933 3019 pater
958 2932 1189 3018 percusserat
1214 2942 1278 2999 eos
1304 2926 1465 3022 flagellis,
1493 2927 1569 3022 ipse

282 3114 287 3123 .
316 3112 319 3117 .
395 3047 554 3123 caederet
567 3038 603 3139 (²)
631 3066 695 3121 eos
720 3044 981 3140 scorpionibus.
1000 3046 1162 3141 Populus
1181 3046 1351 3121 turbatus
1377 3046 1567 3121 rebellavit

394 3166 481 3261 sibi3
509 3188 594 3241 nam
620 3166 748 3241 decem
775 3164 891 3240 tribus
917 3173 1151 3240 recesserunt
1171 3172 1259 3240 tunc
1279 3167 1400 3260 abeo,
1418 3175 1568 3262 etpre-

394 3287 564 3361 lecerunt
588 3285 653 3360 sibi
680 3285 876 3359 Jeroboam
900 3305 1037 3381 regern,
1060 3295 1097 3361 et
1113 3286 1273 3361 Aderam
1291 3287 1565 3361 thesaurarium

395 3414 580 3503 petentem
614 3405 793 3479 tributum
827 3403 1089 3499 lapidaverunt.
1117 3406 1199 3494 Quo
1237 3406 1373 3502 audito,
1399 3406 1565 3481 Roboam

395 3527 612 3602 terrefactus
636 3520 798 3599 ascendit
823 3524 945 3598 subito
970 3545 1139 3619 currum,
1163 3532 1201 3601 et
1231 3545 1318 3600 cum
1352 3547 1487 3622 magna
1514 3526 1567 3601 le-

393 3646 561 3721 stinantia
589 3645 723 3741 relugit
735 3634 773 3736 (³)
797 3644 834 3717 in
852 3643 1055 3719 Jerusalem
1074 3644 1199 3719 sedern
1218 3645 1322 3741 regni
1340 3645 1417 3719 sui:
1435 3652 1565 3721 contra

393 3786 504 3861 quern
531 3766 649 3840 Sisotb
676 3786 741 3840 rex
768 3763 924 3861 AEgypti,
949 3764 1074 3839 audita
1099 3764 1287 3859 seditione,
1304 3765 1480 3841 continuo
1501 3787 1567 3841 ve·

392 3886 455 3981 nit,
482 3892 518 3961 et
545 3890 684 3960 vastata
711 3884 862 3981 regione
887 3885 985 3959 lerro
1010 3891 1047 3959 et
1077 3883 1161 3981 igne
1190 3884 1332 3961 obsedit
1360 3886 1563 3962 Jerusalem

392 4027 478 4081 cunr
504 4027 703 4081 numeroso
717 3993 754 4098 (⁴)
771 4005 948 4081 exercitu.
967 4004 1036 4081 Sed
1054 4004 1220 4080 Roboam
1238 4026 1285 4080 ex
1304 4006 1565 4101 superbissimo

391 4126 508 4201 laetus
543 4126 747 4221 vilissimus,
781 4125 1027 4201 invalescente
1059 4125 1158 4200 lame
1182 4125 1220 4199 in
1254 4128 1399 4221 populo,
1429 4128 1567 4222 recepit

393 4266 520 4341 regem
547 4246 690 4343 AEgypti
709 4246 747 4319 in
764 4245 925 4340 patriam
941 4245 1037 4339 turpi
1055 4244 1212 4339 loedere3
1230 4247 1290 4320 cui
1311 4246 1456 4321 modern
1475 4268 1566 4323 con-

392 4366 498 4441 cessit
523 4366 679 4461 spoliare
703 4365 863 4441 nobilem
891 4366 1021 4440 urbem
1048 4372 1086 4439 et
1112 4366 1290 4459 templum
1320 4366 1408 4441 illud
1433 4366 1566 4441 ditissi-

393 4506 499 4561 mum
526 4486 741 4561 Salomonis.
767 4486 887 4560 Sisoth
913 4485 1088 4560 recedens
1107 4486 1212 4559 illum
1233 4495 1476 4581 pauperatum
1503 4508 1565 4563 re-

332 4618 334 4624 ·
390 4606 495 4701 liquit
509 4607 576 4682 sibi
590 4606 836 4682 tributarium.
851 4606 909 4681 Sic
923 4606 1087 4680 Roboam
1102 4605 1220 4681 iaetus
1237 4606 1316 4681 vilis
1330 4616 1368 4683 et
1383 4609 1565 4686 obscurus

390 4728 580 4803 infeliciter
605 4734 775 4802 mortuus
799 4734 866 4820 est,
892 4726 979 4801 nibil
1005 4727 1130 4823 regale
1159 4748 1286 4802 secum
1320 4734 1469 4824 portans
1495 4731 1563 4805 nisi

452 5026 480 5091 (ι)
497 5028 527 5079 E.
544 5028 686 5091 appendo&
936 5026 964 5091 (¹)
981 5030 1035 5091 tlt,
1051 5028 1190 5079 occideret.

453 5104 481 5169 (ι)
499 5108 553 5161 tlt.
570 5105 691 5155 munta,
936 5104 962 5167 θ)
980 5109 1034 5165 tlt,
1050 5106 1173 5157 universo
1188 5107 1314 5159 exercitu.
1357 5175 1360 5182 ‚
