4542 6842
739 982 878 1039 usurus
902 984 1058 1041 uncinus
1082 986 1212 1040 nouus.
1458 956 1460 959 ’
1491 976 1561 1041 509

388 1144 518 1199 servus
545 1145 617 1199 non
643 1132 697 1201 est
722 1127 779 1201 sui
800 1127 908 1224 juris,
935 1132 1090 1202 omnmo·
1112 1150 1223 1222 sopra
1248 1133 1362 1221 puello
1382 1138 1561 1222 oeowro,

387 1244 523 1319 scilicet
547 1267 678 1342 papam
709 1247 924 1343 adrianum,
951 1250 1014 1343 qui
1044 1270 1118 1323 non
1149 1255 1294 1344 poterat
1323 1251 1371 1325 ad
1404 1273 1466 1327 me
1495 1273 1562 1327 ve·
1604 1234 1609 1239 ⁸

387 1365 478 1461 nire,
505 1370 536 1440 le
560 1370 616 1439 cui
633 1370 763 1460 parole
775 1372 860 1462 prio
876 1376 982 1443 notor
999 1374 1048 1443 mi
1060 1374 1181 1464 senno,
1203 1372 1350 1466 quando
1375 1372 1560 1467 respondit

387 1487 547 1584 Virgilio,
574 1490 734 1580 dicendo,
760 1490 848 1563 cum
874 1491 1084 1565 exordiozo
1106 1495 1231 1584 spirtu,
1256 1496 1293 1565 in
1318 1496 1375 1567 cui
1392 1496 1559 1587 pianper,

387 1606 491 1703 idest,
518 1608 694 1703 planctus,
721 1615 876 1702 maturo,
894 1610 996 1705 idest,
1017 1610 1198 1685 accelerat
1219 1632 1306 1685 cum
1333 1614 1558 1709 maturitate,

387 1731 478 1820 quel,
503 1727 650 1821 scilicet,
676 1729 838 1803 fructum
865 1730 1099 1825 poenitentiae,
1125 1752 1240 1804 sanzo
1264 1735 1293 1805 tl
1315 1736 1417 1825 prule
1441 1755 1465 1806 o
1490 1738 1560 1807 Dio

386 1856 514 1923 iomar
539 1870 608 1921 oon
631 1852 763 1941 puoso,
790 1832 879 1944 quia
910 1851 988 1925 sine
1013 1851 1253 1946 depuratione
1266 1844 1303 1945 (¹)
1336 1845 1409 1927 non
1441 1859 1558 1947 potest

385 1969 509 2044 anima
535 1967 670 2043 reverti
696 1968 743 2043 ad
769 1969 917 2064 coelurn,
935 1978 1032 2045 sosto
1057 1992 1105 2044 un
1123 1993 1217 2065 poco
1229 1994 1296 2066 per
1313 1995 1380 2066 mo,
1397 1973 1499 2067 idest,
1523 1973 1557 2048 in

386 2089 551 2165 savorem
578 2110 717 2184 meum,
736 2096 796 2163 trio
813 2095 977 2183 moppc‘or
994 2112 1102 2185 curo,·
1120 2093 1225 2185 quasi
1242 2091 1357 2167 dicat:
1377 2093 1459 2167 licet
1476 2093 1558 2188 plus

385 2230 494 2285 cures
519 2209 565 2284 de
590 2211 738 2304 planctu
764 2231 876 2303 quam
902 2210 949 2285 de
974 2232 1048 2307 me,
1069 2232 1173 2309 rogo,
1196 2234 1298 2287 cessa
1324 2214 1509 2288 modicum
1535 2234 1558 2288 a

386 2331 472 2405 tletu
500 2331 618 2426 gratia
651 2330 735 2425 mei,
762 2332 849 2423 quia
875 2330 904 2405 si
938 2338 977 2405 tu
1008 2353 1146 2429 purgas
1177 2333 1385 2428 avaritiam,
1415 2340 1452 2408 et
1487 2354 1558 2429 ego

385 2469 513 2545 quaero
539 2449 622 2523 totis
648 2450 786 2524 viribus
811 2451 942 2548 lugere
967 2472 1050 2526 eam
1083 2473 1105 2526 a
1134 2472 1202 2527 -me
1235 2459 1273 2527 et
1311 2453 1358 2527 ab
1396 2454 1485 2528 aliis.
1513 2456 1558 2529 Et

384 2570 558 2645 continuo
584 2569 673 2665 petit
698 2570 779 2664 tria,
808 2571 948 2645 dicens:
976 2574 1115 2663 dimme,
1146 2572 1248 2666 idest,
1279 2573 1336 2647 dic
1367 2574 1478 2647 mini:
1504 2576 1559 2647 olii

380 2692 477 2785 sosti,
505 2690 585 2763 haec
616 2696 671 2764 est
696 2690 814 2785 prima
839 2691 982 2787 petitio;
1008 2688 1178 2785 operula*
1197 2701 1293 2768 ovete
1318 2690 1401 2768 odili
1423 2696 1438 2767 i
1460 2696 1559 2767 dossi

383 2814 422 2884 al
438 2832 493 2903 su,
511 2817 638 2885 contra
665 2812 820 2905 coelum3
848 2818 886 2885 et
910 2812 1018 2886 tertio
1043 2812 1156 2907 petit:
1174 2812 1232 2888 dic
1255 2813 1392 2908 millio
1415 2836 1453 2887 se
1475 2816 1558 2887 vuoi

383 2931 482 3003 clt'io
513 2932 536 3003 t
547 2932 686 3021 impeiri
715 2949 799 3002 cosa
830 2932 868 3003 di
896 2919 945 3022 ld,
975 2930 1012 3003 in
1043 2931 1184 3006 mundo
1213 2932 1396 3026 vivorum,
1426 2935 1556 3005 ond’io

383 3052 530 3124 vivendo
556 3054 673 3141 mossi,
700 3050 848 3144 quando
873 3050 1042 3125 descendi
1068 3052 1114 3126 ad
1140 3052 1323 3128 internum
1350 3076 1416 3149 per
1442 3074 1554 3149 quern

382 3173 456 3245 huc
481 3170 574 3246 veni.
595 3170 637 3243 Et
654 3170 705 3244 sic
726 3170 808 3244 vide
833 3170 932 3265 quod
958 3177 1065 3265 poeta
1091 3171 1175 3246 dicit
1201 3172 1373 3268 implicite
1398 3172 1555 3268 qualiter

382 3298 438 3365 est
462 3310 616 3365 securus
641 3290 851 3385 ajacendo.
865 3294 974 3363 -Et
1001 3292 1067 3363 elli.
1094 3293 1198 3365 Nunc
1230 3299 1337 3387 poeta
1370 3294 1470 3389 ponit
1494 3314 1556 3368 re-

381 3411 611 3506 sponsionem
638 3410 733 3483 illius
758 3408 905 3504 spiritus
930 3409 976 3483 ad
1002 3411 1166 3505 quesita,
1185 3412 1247 3505 qui
1266 3412 1384 3506 primo
1402 3433 1554 3508 respon-

380 3530 442 3604 det
473 3530 601 3625 prirnae
633 3528 808 3623 petitioni,
841 3536 879 3603 et
912 3530 1088 3623 promittit
1125 3551 1166 3605 se
1205 3552 1469 3627 responsurum
1503 3532 1550 3606 ad

380 3650 605 3743 secundam3
632 3649 730 3723 unde
761 3648 866 3723 dicit:
893 3653 938 3723 ut
961 3652 1018 3723 elli
1041 3672 1066 3723 o
1091 3671 1157 3742 mc,
1183 3653 1311 3747 supple
1345 3651 1552 3749 respondit:

379 3774 517 3864 soproi,
543 3768 688 3863 scilicet,
715 3769 825 3865 paulo
849 3776 940 3865 post,
962 3766 1093 3863 percle*
1106 3773 1133 3843 'l
1147 3774 1231 3845 ciclo
1251 3776 1391 3865 rivolpa
1411 3776 1554 3847 inosti

380 3894 516 3981 diram,
535 3889 637 3984 idest,
651 3890 771 3983 dorsa,
789 3911 813 3962 o
829 3912 879 3981 sa,
896 3890 1024 3965 nolens
1040 3881 1076 3983 (²)
1096 3891 1196 3985 quod
1212 3892 1402 3968 videamus
1419 3894 1550 3989 ipsum.

378 4014 423 4086 Et
448 4010 618 4085 describit
644 4031 684 4085 se
708 4032 730 4084 a
756 4009 930 4105 dignitate
955 4010 1098 4085 dicens:
1120 4032 1180 4085 rto
1190 4016 1326 4105 priora
1343 4017 1442 4088 Scias
1459 4016 1554 4106 quod

380 4152 444 4223 epo
456 4134 512 4224 sui
526 4151 702 4203 sucessor
718 4133 828 4220 Petri,
846 4130 909 4204 sed
926 4151 1000 4204 non
1017 4151 1158 4226 pauper
1182 4138 1224 4205 ut
1246 4133 1393 4227 Petrus;
1419 4133 1551 4208 deinde

379 4250 549 4326 describit
574 4271 614 4324 sc
639 4271 661 4325 a
686 4249 873 4323 nobilitate
898 4250 1053 4345 generis.
1085 4251 1130 4323 Et
1162 4250 1208 4324 ad
1238 4251 1458 4325 evidentiam
1491 4274 1551 4328 se·

380 4372 524 4468 quentis
549 4370 665 4444 literae
681 4368 792 4444 debes
807 4360 843 4461 (³)
863 4370 967 4465 scire,
990 4369 1089 4464 quod
1106 4371 1143 4443 in
1160 4371 1403 4467 ucctxxui,
1422 4371 1550 4449 Adria·

378 4513 449 4567 nus
473 4492 504 4565 v
530 4491 676 4565 natione
696 4490 885 4586 januensis
910 4490 957 4564 de
973 4490 1112 4564 famosa
1130 4496 1168 4565 et
1186 4492 1322 4587 potenti
1341 4492 1451 4568 domo
1468 4494 1551 4567 illo·

379 4634 464 4687 rum
482 4612 527 4686 de
544 4612 670 4706 Flisco,
688 4610 751 4705 qui
769 4610 888 4707 primo
905 4618 1058 4686 vocatus
1076 4617 1158 4686 crat
1173 4611 1394 4708 Octobonus,
1409 4615 1549 4689 electus

378 4740 433 4807 est
449 4731 495 4807 ad
515 4736 689 4827 papatum
709 4736 875 4826 tempore
887 4730 1069 4825 Rodulplii
1083 4731 1189 4806 electi
1206 4732 1253 4806 ad
1270 4732 1467 4843 imperium
1486 4754 1550 4809 ro-

377 4874 586 4927 manorum.
613 4852 712 4926 Sedit
737 4851 774 4924 in
799 4850 973 4925 cathedra
998 4852 1096 4925 Petri
1127 4873 1212 4968 uno
1236 4874 1365 4928 menso
1396 4861 1434 4929 et
1465 4861 1549 4929 octo

392 5132 393 5137 ¹
440 5114 469 5177 (¹)
484 5114 515 5165 E.
532 5114 718 5177 deprecatione.
812 5110 839 5177 l‘l
856 5112 887 5164 E.
904 5110 994 5165 rolens
1009 5114 1087 5177 quod.
1187 5113 1260 5176 m.
1276 5114 1354 5166 debes
1369 5114 1455 5179 primo
1470 5114 1545 5165 coire.
