4542 6842
799 970 937 1029 cnutus
962 972 1165 1029 vleesllltls.
1495 960 1566 1027 525

391 1114 493 1207 idest,
522 1120 713 1209 expectem
740 1115 777 1189 in
803 1117 954 1211 mundo,
977 1117 1063 1213 quia
1089 1138 1164 1192 non
1189 1137 1281 1192 curo
1306 1118 1352 1193 de
1377 1118 1488 1212 lama,
1508 1116 1567 1191 rel

392 1234 479 1331 quia
506 1235 578 1309 mei
604 1230 740 1329 suntt')
768 1237 919 1312 omnino
944 1238 1017 1313 dati
1042 1237 1218 1333 avarities,
1243 1258 1303 1311 mc
1317 1236 1447 1332 perone*
1469 1244 1568 1311 mma

390 1358 521 1449 grazia
545 1359 582 1429 in
608 1359 731 1430 telone
742 1360 865 1451 primo
881 1360 940 1430 cite
956 1362 1000 1431 sit
1016 1366 1144 1449 morto,
1166 1360 1288 1432 nullus
1314 1359 1413 1433 enim
1439 1358 1568 1433 vivens

394 1496 558 1572 unquam
586 1476 712 1551 habuit
739 1476 849 1552 talem
876 1477 1045 1574 gratiam.
1065 1477 1153 1552 Dico
1179 1499 1287 1576 ergo:
1305 1483 1347 1551 lo
1368 1481 1423 1573 [ui
1446 1479 1569 1552 radice

393 1600 485 1671 detta
509 1600 605 1670 mule
630 1600 771 1689 pacata,
796 1596 898 1691 idest,
925 1597 1068 1672 arboris
1093 1604 1130 1671 et
1160 1600 1358 1693 parentele·
1389 1596 1573 1691 Franciae,

392 1718 451 1791 cloe
471 1718 641 1807 odcppiu,
659 1715 761 1811 idest,
779 1716 976 1791 adumbrat
994 1718 1135 1810 nocive,
1153 1717 1248 1791 sicut
1270 1718 1382 1792 arbor
1399 1718 1566 1811 herbam,

393 1840 429 1910 lc
454 1840 760 1927 emunctione,
793 1836 879 1932 quia
912 1838 1045 1912 domus
1078 1836 1241 1912 Franciae
1272 1837 1420 1912 offendit
1449 1842 1564 1912 totam

391 1956 704 2050 christianitatem,
730 1955 816 2051 quia
842 1955 1052 2031 dominatur
1078 1956 1252 2032 ecclesiae.
1278 1957 1381 2033 Unde
1407 1957 1511 2032 dicit:
1536 1949 1566 2031 si

390 2078 450 2149 clte
475 2078 566 2149 buon
587 2080 698 2169 putto
722 2078 816 2149 rado
840 2098 877 2149 se
902 2097 946 2150 oe
969 2080 1141 2169 solicola,
1158 2078 1261 2173 idest,
1279 2078 1376 2152 bona
1402 2077 1566 2173 operatio

391 2215 477 2270 raro
503 2195 668 2270 oritura
694 2195 805 2291 stirpe
829 2195 907 2270 ista.
934 2196 977 2271 Et
1003 2203 1127 2271 tamen
1145 2196 1257 2293 aliqui
1283 2197 1433 2272 luerunt
1460 2218 1566 2293 reges

390 2315 548 2391 illustres
573 2316 619 2389 de
644 2315 739 2391 linea
760 2315 839 2411 ista,
856 2316 950 2391 sicut
965 2316 1173 2391 Ludovicus
1190 2322 1338 2391 sanctus
1357 2323 1394 2391 et
1411 2318 1565 2392 Carolus

391 2437 503 2511 irater
527 2436 640 2510 eius:
667 2442 704 2511 et
737 2436 869 2511 domus
899 2438 977 2511 lraee
1005 2457 1126 2532 usque
1151 2436 1197 2511 ad
1222 2442 1390 2531 tempora
1416 2437 1483 2511 ista
1510 2444 1565 2513 est

390 2556 638 2653 potentissima
664 2556 700 2630 in
727 2564 851 2632 nostro
876 2558 1075 2652 occidente,
1097 2558 1190 2632 sicut
1217 2579 1282 2632 rex
1303 2548 1562 2653 Franciae,'rer

390 2679 576 2772 Navarrae,
594 2698 661 2753 rex
678 2678 885 2775 Hungariae,
908 2677 1034 2775 regina
1055 2678 1206 2775 Apuliae.
1220 2718 1270 2733 -
1283 2683 1356 2753 llo.
1374 2679 1440 2753 Hic
1456 2680 1565 2776 Hugo

390 2798 522 2894 probat
559 2798 658 2893 quod
695 2797 784 2872 dixit
816 2819 883 2894 per
921 2819 1048 2895 regem
1082 2804 1171 2873 tunc
1203 2805 1430 2897 regnantem.
1470 2800 1563 2875 Nam

391 2918 574 3017 Philippus
603 2920 731 3014 pulcer
762 2918 941 3016 pessimus
976 2940 1108 3014 regum
1146 2917 1320 3013 Franeiae,
1352 2925 1394 2994 ut
1422 2920 1566 2995 dicetur

391 3040 500 3135 paulo
529 3045 619 3135 post,
650 3060 747 3114 anno
778 3039 922 3113 Domini
953 3038 1152 3114 MCCXCVI
1181 3038 1311 3113 invasit
1348 3039 1562 3115 comitatum

389 3158 567 3233 Flandriae
593 3164 630 3233 et
655 3159 749 3254 cepit
769 3158 956 3255 Brugiam,
977 3157 1105 3232 Lillam
1131 3150 1219 3251 etl¹l
1246 3158 1386 3255 Gaiam,
1413 3165 1450 3235 et
1474 3161 1564 3235 alias

390 3285 508 3353 terras
541 3277 705 3372 vastarit.
740 3278 782 3352 Et
812 3298 909 3353 anno
941 3277 1070 3373 truce,
1101 3298 1188 3352 cum
1228 3299 1353 3354 comes
1384 3278 1565 3355 Flandriae

389 3420 476 3473 cum
505 3398 651 3472 duobus
682 3398 761 3471 filiis
792 3398 951 3473 venisset
979 3398 1026 3473 ad
1056 3419 1156 3492 eum,
1183 3419 1250 3474 rex
1285 3419 1349 3474 eos
1379 3400 1564 3475 carcerari

389 3519 485 3614 lecit,
506 3524 543 3593 et
568 3517 718 3593 abstulit
743 3520 796 3593 eis
821 3519 1035 3594 comitatum
1057 3517 1245 3594 Flandriae.
1264 3516 1436 3615 Sed‘post
1461 3520 1567 3594 bien·

390 3640 493 3713 nium
520 3643 646 3713 secuta
672 3646 727 3713 est
752 3638 920 3733 vindicta,
946 3660 1059 3734 quam
1085 3639 1193 3736 Hugo
1219 3639 1278 3714 laic
1303 3639 1442 3732 oravit3
1476 3639 1564 3735 quia

391 3760 614 3835 flandrenses
644 3758 726 3834 lacti
756 3758 910 3835 rebelles
935 3759 1101 3834 lecerunt
1128 3780 1303 3856 magnam
1325 3764 1490 3856 stragem
1517 3760 1565 3834 de

390 3880 554 3956 exercitu
584 3879 696 3977 ipsius
720 3878 828 3976 regis.
858 3879 950 3954 Dicit
980 3900 1070 3977 ergo
1090 3881 1219 3977 lingo:
1249 3885 1312 3954 lla
1343 3902 1381 3953 sc
1408 3883 1564 3972 Docpco,

394 4004 654 4094 (locatellus
678 4022 697 4073 e
722 4003 883 4092 Bruppio
902 4006 1074 4094 potesser,
1093 4007 1181 4074 tosto
1197 4022 1241 4073 nc
1257 4003 1359 4074 scria
1384 4004 1564 4094 condeto,-

390 4120 546 4195 vindicta
572 4121 638 4195 ista
659 4120 738 4217 jam
765 4126 844 4195 erat
869 4120 974 4215 iacta,
1002 4119 1150 4215 quando
1175 4127 1283 4216 poeta
1308 4119 1472 4216 scripsit:
1498 4120 1562 4195 sed

390 4239 535 4336 respicit
568 4240 614 4314 ad
648 4246 792 4335 tempus
822 4260 900 4314 suae
930 4239 1088 4335 visionis,
1116 4241 1263 4335 quando
1295 4240 1397 4337 lingit
1429 4239 1497 4315 ista
1522 4260 1564 4315 se

390 4360 535 4435 audisse
559 4360 607 4435 ab
631 4362 795 4458 Hugone.
823 4360 866 4433 Et
891 4360 993 4435 dicit:
1015 4366 1049 4432 et
1064 4364 1100 4433 io
1126 4364 1162 4434 lc
1186 4362 1328 4452 cteppio
1353 4382 1377 4433 c
1403 4362 1464 4452 lui,
1490 4360 1560 4434 scl-

389 4480 473 4554 licet
497 4480 585 4575 Deo,
604 4482 662 4552 cite
688 4486 770 4553 tutto
794 4482 952 4572 mappic,
978 4478 1081 4574 idest,
1103 4480 1243 4576 judicat
1256 4470 1306 4574 (ἢ,
1333 4480 1420 4575 quia
1440 4480 1562 4577 justus

384 4599 501 4696 judex
540 4600 734 4675 vindictam
774 4600 857 4674 iacit
886 4599 932 4674 de
961 4600 1062 4675 omni
1093 4599 1293 4694 iniustitia;
1325 4600 1384 4674 rel
1417 4598 1564 4696 respicit

388 4722 435 4796 ad
461 4726 619 4795 mortem
646 4720 808 4818 Philippi,
834 4727 876 4793 ut
908 4720 993 4795 dicit
1026 4720 1121 4796 alibi.
1136 4762 1186 4775 -
1202 4722 1381 4796 Oticmoto
1406 4722 1470 4816 soi.
1497 4718 1563 4793 llic

389 4842 497 4938 Ilugo
537 4840 742 4916 manifestat
774 4860 814 4916 se
846 4846 884 4916 et
914 4862 1001 4916 suos
1033 4862 1054 4915 a
1089 4841 1238 4916 nomine
1272 4840 1406 4935 dicens,
1443 4841 1481 4913 di
1512 4830 1561 4930 ld,

453 5098 482 5165 (¹)
497 5100 528 5151 E.
544 5100 595 5151 sint
611 5102 724 5151 omnino.
788 5098 814 5161 ζ’)
831 5098 862 5151 Ε.
878 5098 982 5161 Llllam,
999 5104 1025 5151 et
1042 5099 1104 5151 alias
1120 5105 1212 5151 term.
1273 5096 1349 5162 (pn
1360 5096 1559 5161 mutentque
