4542 6842
726 930 772 996 1⁰
1085 939 1291 994 cumcurn
1314 938 1535 992 rnnonronu

723 1106 798 1160 non
822 1084 956 1158 sufficit
982 1083 1084 1156 vobis
1101 1104 1184 1158 esse
1201 1084 1326 1175 rictas,
1342 1083 1513 1156 dabimus
1533 1083 1636 1157 vobis
1652 1085 1796 1178 peiores
1814 1103 1899 1180 poe-

722 1226 803 1280 ms:
828 1211 867 1278 et
890 1204 1077 1296 continuo,
1095 1203 1165 1276 illis
1181 1204 1384 1278 ridentibus
1408 1211 1446 1279 et
1469 1205 1727 1299 spernentibus
1742 1205 1901 1280 commi·

722 1325 888 1400 nationes
911 1323 1083 1420 Calliope,
1105 1325 1284 1418 percussit
1307 1346 1372 1400 eas
1396 1331 1433 1400 et
1459 1326 1647 1403 maledixit
1671 1327 1709 1400 in
1734 1325 1790 1400 ira
1809 1347 1898 1420 sua,

722 1451 761 1520 et
785 1445 906 1519 subito
931 1465 1120 1520 conversae
1145 1446 1294 1519 suntin
1318 1446 1428 1540 picas,
1453 1446 1667 1541 etantiqua
1696 1447 1899 1540 loquacitas

722 1573 761 1641 et
787 1587 901 1642 rauca
925 1566 1123 1662 garrulitas
1147 1573 1187 1640 et
1211 1588 1350 1641 vanum
1372 1566 1534 1640 studium
1552 1567 1725 1660 loquendi
1750 1589 1899 1644 reman-

723 1688 771 1762 sit
794 1687 832 1760 in
857 1689 921 1762 ets.
947 1689 1059 1760 llusae
1085 1707 1176 1762 vero
1190 1687 1359 1760 victrices
1374 1694 1653 1780 assumpserunt
1676 1688 1743 1761 sibi
1760 1709 1897 1764 nomen

724 1807 920 1901 victarum,
945 1807 1032 1904 quia
1058 1813 1199 1880 rocatae
1229 1812 1317 1880 sunt
1347 1806 1518 1898 Pierides,
1543 1805 1640 1879 sicut
1671 1806 1755 1880 tiliae
1787 1809 1898 1901 Pieri,

723 1928 819 2002 sicut
842 1928 931 2002 olim
957 1927 1075 2020 Scipio
1101 1934 1254 2002 vocatus
1277 1933 1335 2000 est
1358 1927 1550 2001 Africanus
1573 1927 1623 2000 ab
1638 1928 1817 2002 Africanis
1831 1927 1899 2004 de-

724 2048 828 2122 victis
852 2047 898 2122 ad
923 2055 1140 2143 perpetuam
1172 2047 1225 2122 rei
1257 2047 1478 2122 memoriam
1503 2053 1542 2120 et
1564 2046 1733 2142 gloriam.
1758 2047 1898 2124 Fabula

721 2167 884 2242 breviter
909 2175 1130 2260 transcursa,
1152 2187 1251 2242 nunc
1271 2167 1434 2241 breviter
1457 2167 1649 2241 rideamus
1664 2168 1763 2242 circa
1782 2167 1898 2262 ipsam

720 2288 858 2382 aliquid
872 2287 1123 2384 allegoricum,
1140 2288 1317 2381 quoniam
1333 2288 1402 2360 ista
1418 2295 1475 2362 est
1491 2288 1589 2362 fictio
1600 2288 1763 2382 iocunda
1781 2289 1897 2365 valde

720 2409 808 2482 llice
825 2427 916 2506 ergo
941 2409 1060 2504 primo
1085 2407 1187 2502 quod
1212 2409 1402 2504 Pyreneus
1425 2417 1483 2482 est
1506 2409 1701 2504 superbus,
1719 2411 1901 2485 violentus

721 2528 785 2622 qui
812 2527 957 2602 ridetur
982 2528 1168 2603 interdum
1191 2527 1399 2622 admittere,
1421 2529 1546 2604 colere
1561 2536 1600 2604 et
1615 2530 1800 2604 bonorare
1819 2532 1900 2604 ltu·

723 2669 784 2722 sas
818 2647 914 2722 iutra
944 2647 1097 2720 domum
1131 2668 1239 2720 suam
1273 2648 1443 2722 simulate
1474 2649 1643 2724 babendo
1674 2657 1712 2724 et
1744 2649 1900 2745 legendo

725 2769 839 2846 libros
864 2767 1000 2842 multos
1024 2774 1061 2842 et
1086 2769 1233 2862 pulcros
1257 2776 1464 2864 poetarum,
1482 2791 1556 2844 nou
1572 2770 1619 2844 ad
1646 2791 1756 2844 usum
1782 2772 1899 2847 virtu·

726 2895 820 2982 tum,
832 2888 895 2962 sed
915 2887 1144 2982 voluptatum
1162 2909 1336 2982 suarum,
1353 2889 1436 2964 ideo
1452 2890 1696 2966 benedicitur
1713 2890 1808 2966 velle
1820 2891 1899 2965 vio—

726 3009 806 3082 lare
831 3009 961 3100 llusas,
988 3008 1082 3082 sicut
1105 3010 1204 3083 Nero
1228 3009 1293 3102 qui
1320 3009 1532 3103 aliquandiu
1548 3003 1585 3102 (¹)
1615 3010 1714 3085 dedit
1745 3031 1897 3105 operam

728 3129 851 3222 llusiS,
877 3135 915 3203 et
938 3127 1134 3223 aliquando
1160 3135 1330 3224 poemma
1350 3130 1510 3224 scripsit,
1532 3131 1597 3206 sed
1616 3133 1736 3205 Musas
1761 3137 1798 3206 et
1815 3153 1899 3206 mu·

725 3248 839 3323 sicam
865 3256 903 3322 et
927 3255 1076 3321 cantum
1104 3255 1142 3324 et
1166 3249 1415 3342 eloquentiam
1434 3251 1617 3325 convertit
1641 3251 1678 3324 iu
1704 3272 1816 3325 usum
1833 3251 1901 3326 ob-

729 3369 948 3444 scenitatum
975 3389 1142 3462 suarum,
1160 3370 1319 3463 quaudo,
1343 3378 1487 3445 mutato
1511 3371 1651 3464 nabitu,
1671 3371 1901 3446 discurrebat
1952 3371 1956 3376 ’

727 3511 794 3585 per
818 3490 941 3564 omnia
967 3489 1158 3584 lupanaria
1178 3490 1317 3584 Romae,
1335 3497 1477 3566 etcum
1495 3493 1752 3568 meretricibus
1775 3492 1898 3587 dispu-

725 3609 826 3685 tabat
850 3610 897 3686 de
921 3610 1021 3685 omni
1048 3631 1187 3706 genere
1212 3612 1444 3706 voluptatum
1471 3632 1606 3687 vocans
1623 3612 1702 3686 illas
1723 3612 1901 3686 commili-

725 3737 831 3806 tones
856 3751 954 3824 suos,
980 3737 1018 3806 et
1042 3730 1200 3806 suadens
1226 3739 1267 3804 ut
1292 3731 1387 3808 berre
1416 3740 1609 3829 sperarent
1633 3734 1721 3827 quia
1745 3734 1798 3808 eis
1828 3753 1902 3809 non

725 3857 871 3947 poterat
894 3839 1065 3943 delicere,
1092 3851 1237 3925 vivente
1262 3852 1418 3927 Nerone.
1446 3854 1490 3926 Et
1506 3853 1680 3928 Galieuus
1701 3855 1901 3948 imperator

726 3977 896 4066 poemate
920 3971 1054 4065 clarus,
1079 3971 1144 4046 sed
1169 3971 1326 4051 loedatus
1351 3975 1453 4048 omni
1479 3975 1607 4050 vitiosa
1632 3975 1790 4069 libidine,
1812 3997 1898 4050 cum

726 4090 786 4164 alii
804 4097 922 4185 poetae
939 4091 1107 4166 iecissent
1124 4076 1356 4186 epithalamia
1373 4115 1486 4188 super
1506 4096 1651 4190 nuptias
1671 4097 1811 4190 nepotis
1830 4096 1901 4190 sui,

725 4209 811 4286 lecit
829 4212 904 4306 ipse
922 4212 1210 4307 epithalamium,
1229 4213 1321 4288 idest
1338 4235 1489 4291 carmen
1507 4217 1669 4312 nuptiale
1688 4217 1794 4291 valde
1810 4217 1900 4292 sub-

725 4331 798 4425 tile,
825 4331 951 4406 sedin
986 4333 1140 4408 materia
1174 4333 1376 4428 inhonesta,
1407 4335 1553 4411 diceus:
1587 4341 1638 4410 lte
1669 4340 1774 4410 nmul
1798 4343 1902 4430 punt

722 4457 861 4546 pariter
884 4457 1007 4528 sudate
1031 4458 1189 4529 ntednllis
1218 4457 1383 4529 Omnibus
1407 4460 1498 4530 inter
1523 4479 1608 4550 vos,
1633 4479 1696 4531 uec
1716 4480 1901 4533 murmuro

726 4579 844 4646 vestro
869 4575 1047 4666 columbo,
1078 4578 1229 4648 llrnclio
1259 4597 1333 4649 noo
1363 4579 1501 4652 ledere
1530 4599 1592 4650 nec
1618 4581 1759 4652 virwont
1780 4583 1901 4654 osculo

724 4695 874 4766 cooclae.
902 4694 972 4769 Sed
997 4697 1107 4770 llusae
1133 4697 1281 4772 evolant
1306 4704 1342 4772 et
1368 4698 1540 4790 evadunt,
1559 4699 1646 4793 quia
1670 4699 1821 4774 scientia
1845 4708 1901 4776 est

724 4811 952 4908 inviolabilis,
980 4821 1020 4888 ut
1046 4815 1165 4911 iuquit
1196 4816 1275 4891 ille:
1301 4821 1379 4890 Hos
1403 4821 1525 4890 saltem
1549 4821 1665 4891 nullus
1685 4823 1799 4910 potuit
1815 4841 1903 4913 pcr-

790 5060 819 5126 (¹)
836 5065 890 5123 11⁷,
906 5063 1044 5128 aliquando
1060 5066 1139 5116 dedit.
