4542 6842
677 946 722 1014 30
1041 957 1245 1013 uouuuuuu
1269 959 1489 1013 runonronn

676 1103 771 1176 rium
788 1097 825 1195 (¹)
852 1089 942 1176 vero
968 1101 1138 1176 famulari
1163 1109 1278 1196 atque
1302 1104 1454 1200 servire,
1482 1104 1603 1200 primo
1628 1105 1851 1181 studuerunt

675 1243 806 1297 eorum
833 1223 989 1318 patriam
1020 1223 1100 1297 iore
1131 1222 1298 1318 liberam,
1328 1223 1459 1298 deinde
1492 1225 1691 1300 dominam.
1723 1228 1852 1302 Nonne

674 1344 810 1417 Brutus
835 1344 977 1439 primus
1011 1351 1120 1417 autor
1150 1364 1315 1418 romanae
1349 1344 1525 1418 libertatis
1557 1366 1723 1421 amorem
1757 1348 1852 1422 illius

673 1464 833 1558 praetulit
866 1465 983 1539 amori
1020 1463 1193 1560 filiorum,
1225 1485 1319 1558 quos
1349 1464 1419 1537 sub
1452 1465 1569 1538 oculis
1607 1467 1683 1541 suis
1716 1489 1852 1566 magno

673 1585 797 1658 animo
823 1586 907 1660 lecit
936 1584 1063 1679 occidi,
1089 1586 1176 1679 quia
1207 1605 1314 1682 reges
1343 1606 1366 1659 a
1395 1604 1435 1659 se
1468 1586 1639 1679 expulsos
1671 1589 1853 1664 reducere

674 1707 929 1780 conabantur?
955 1715 992 1780 et
1021 1707 1097 1801 ipse
1127 1707 1271 1780 fortiter
1302 1726 1470 1802 pugnans
1502 1705 1539 1778 in
1570 1726 1701 1802 campo
1734 1709 1850 1783 lilium

675 1826 772 1922 regis
794 1845 922 1901 amore
937 1826 1102 1903 vindictae
1119 1828 1223 1900 hasta
1243 1827 1433 1922 transfixit,
1451 1827 1499 1902 ab
1516 1847 1562 1900 eo
1575 1827 1712 1921 pariter
1731 1836 1851 1904 trans-

675 1945 799 2021 fixus?
824 1947 953 2022 Nonne
979 1947 1163 2042 Virginius
1193 1949 1434 2043 ¹recuperator
1463 1947 1639 2021 libertatis
1668 1969 1850 2044 oppressae

674 2065 874 2161 virginiam
903 2066 1082 2162 virginem
1110 2066 1222 2140 liliam
1250 2067 1436 2162 propriam
1458 2087 1572 2140 manu
1593 2088 1661 2140 sua
1678 2075 1715 2142 et
1732 2069 1850 2146 alieno

674 2185 794 2280 gladio
821 2186 935 2260 libere
960 2186 1115 2259 occidit?
1132 2186 1340 2260 Notandum
1364 2187 1475 2260 etiam
1503 2186 1602 2280 quod
1627 2187 1739 2281 aliqui
1764 2197 1851 2264 sunt

674 2303 779 2378 liberi
806 2315 844 2380 et
868 2305 964 2380 servi
991 2327 1013 2379 a
1039 2311 1185 2400 natura,
1203 2306 1315 2400 aliqui
1340 2328 1363 2380 a
1389 2306 1548 2403 fortuna,
1567 2315 1609 2381 ut
1626 2310 1757 2403 probat
1772 2311 1851 2406 pbi-

674 2427 848 2522 losopbus
878 2427 971 2500 libro
1004 2428 1264 2502 Politlcorum:
1296 2429 1512 2504 naturaliter
1541 2431 1638 2504 enim
1669 2432 1850 2527 sapientes

673 2554 710 2622 et
736 2549 799 2641 qui
826 2547 951 2643 vigent
977 2546 1162 2622 intellectu
1184 2547 1434 2643 dominantur,
1452 2556 1490 2623 ei
1506 2549 1712 2645 insipientes
1732 2558 1769 2625 et
1786 2571 1849 2626 ca-

675 2675 797 2742 rentes
824 2669 966 2743 ratione
992 2669 1168 2743 serviunt.
1196 2667 1263 2742 Alii
1288 2690 1379 2744 vero
1405 2669 1502 2743 servi
1529 2680 1567 2746 et
1598 2671 1703 2745 liberi
1727 2692 1748 2745 a
1775 2673 1850 2746 lor-

675 2796 778 2882 tuna,
805 2789 899 2862 sicut
924 2788 1018 2884 capti
1036 2790 1072 2861 in
1090 2789 1186 2863 bello
1204 2789 1415 2864 alliciuntur
1432 2789 1530 2864 servi
1552 2790 1785 2886 capientium,
1812 2799 1850 2866 et

674 2911 831 2985 uictores
845 2910 948 2985 liberi
967 2909 1162 3004 imponunt
1178 2909 1277 3006 leges
1295 2909 1399 2983 victis
1416 2909 1462 2984 de
1479 2910 1567 3005 jure
1587 2910 1765 3007 gentium,
1783 2918 1850 2986 aui

673 3031 801 3127 praetio
819 3031 992 3105 vendunt.
1010 3029 1055 3103 Et
1071 3029 1159 3123 quid
1178 3031 1334 3125 populus
1351 3031 1443 3105 liber
1462 3037 1604 3125 poterat
1621 3031 1710 3106 dare
1729 3032 1849 3105 maius

673 3151 867 3227 libertate?
892 3151 994 3225 Unde
1019 3151 1119 3225 Titus
1136 3149 1336 3224 Flaminius
1354 3151 1481 3224 consul
1503 3172 1690 3247 romaum,
1708 3152 1755 3227 de
1772 3173 1847 3246 quo

661 3252 768 3345 'iacta
794 3277 849 3344 est
874 3270 1011 3344 mentio
1036 3270 1147 3364 paulo
1173 3292 1298 3366 supra,
1315 3271 1467 3345 liberata
1490 3268 1631 3344 Graecia
1656 3271 1704 3345 de
1730 3272 1848 3345 mani-

672 3390 743 3464 bus
768 3390 918 3486 Pbilippi
945 3391 1041 3486 regis
1063 3391 1294 3485 Macedoniae,
1312 3391 1479 3465 oratione
1498 3391 1691 3488 magnilica
1712 3393 1848 3465 exhor·

672 3515 771 3582 tatus
797 3517 852 3584 est
876 3529 1016 3606 graecos
1041 3511 1087 3584 ad
1112 3510 1332 3605 libertatem,
1358 3517 1395 3585 et
1419 3511 1534 3608 gratis
1563 3510 1712 3585 donavit
1736 3511 1848 3586 liber-

673 3636 785 3704 tatem
812 3631 983 3704 omnibus
1008 3631 1216 3706 civitatibus
1241 3631 1410 3726 Graecia,
1436 3631 1517 3706 ideo
1539 3630 1586 3705 ad
1611 3653 1743 3706 sonum
1770 3639 1847 3709 tam

668 3751 842 3846 jocundae
867 3752 978 3847 rocio,
1006 3759 1079 3826 tam
1107 3753 1213 3826 laetus
1237 3759 1276 3826 et
1300 3753 1396 3826 altus
1422 3753 1562 3826 clamor
1583 3753 1699 3826 lactus
1720 3762 1785 3851 est,
1806 3762 1848 3830 ut

672 3892 761 3946 aves
786 3870 832 3946 de
857 3870 951 3946 coelo
976 3873 1148 3946 cecidisse
1169 3873 1354 3946 dicantur:
1373 3872 1546 3966 quoniam
1566 3875 1708 3947 nullum
1730 3875 1847 3949 maius

673 3992 826 4086 bonum,
852 3992 995 4065 nullum
1022 3991 1165 4066 dulcius
1191 3993 1280 4066 dare
1306 3999 1459 4087 poterat.
1482 3993 1657 4069 Naturale
1674 3996 1772 4069 enim
1790 4003 1847 4072 est

672 4112 773 4186 omni
794 4111 932 4186 bomini
957 4112 1049 4186 allici
1075 4113 1251 4187 libertatis
1272 4133 1417 4207 amore;
1434 4113 1517 4188 ideo
1534 4112 1630 4189 bene
1645 4114 1735 4190 Cato
1752 4116 1845 4191 liber

675 4234 786 4307 bomo
804 4240 911 4307 natus
930 4235 967 4307 in
983 4234 1098 4308 libera
1112 4234 1259 4309 civitate
1275 4235 1408 4308 merito
1426 4234 1556 4309 oderat
1572 4236 1768 4331 Caesarem,
1781 4237 1846 4331 qui

674 4352 882 4430 libertatem
910 4353 1198 4450 quingentorum
1223 4375 1407 4428 annorum
1432 4355 1634 4430 abstulerat
1653 4357 1700 4430 de
1715 4359 1844 4433 Roma.

670 4473 878 4548 Notandum
906 4474 1030 4568 etiam,
1057 4475 1157 4568 quod
1184 4495 1272 4549 vera
1299 4473 1449 4550 libertas
1481 4497 1671 4570 nunquam
1698 4477 1846 4553 inventa

670 4599 737 4686 est,
764 4599 1010 4688 utnusquam
1038 4615 1106 4668 nec
1131 4594 1229 4690 apud
1255 4615 1439 4690 romanoS,
1466 4617 1536 4671 nee
1565 4596 1663 4692 apud
1691 4617 1845 4694 graecos,

672 4716 709 4784 et
738 4712 855 4786 multo
891 4713 1012 4787 minus
1047 4714 1145 4809 apud
1186 4715 1277 4788 alios
1310 4717 1475 4812 populos,
1506 4721 1632 4791 tamen
1667 4737 1845 4792 romanus

671 4829 739 4905 luit
765 4832 912 4907 liberior
930 4835 1069 4909 cunctis
1086 4842 1124 4909 et
1144 4834 1299 4931 diutius,
1317 4843 1355 4909 et
1376 4837 1495 4911 omnis
1512 4837 1679 4932 populus,
1697 4839 1844 4931 quando

734 5099 763 5162 (¹)
780 5103 833 5160 lll,
851 5099 1021 5164 ingloriosum
1039 5115 1110 5155 raro.
