<?xml version="1.0" encoding="UTF-8"?>
<!DOCTYPE html PUBLIC "-//W3C//DTD XHTML 1.0 Transitional//EN"
    "http://www.w3.org/TR/xhtml1/DTD/xhtml1-transitional.dtd">
<html xmlns="http://www.w3.org/1999/xhtml" xml:lang="en" lang="en">
 <head>
  <title>
</title>
<meta http-equiv="Content-Type" content="text/html;charset=utf-8" />
  <meta name='ocr-system' content='tesseract 3.04.00' />
  <meta name='ocr-capabilities' content='ocr_page ocr_carea ocr_par ocr_line ocrx_word'/>
</head>
<body>
  <div class='ocr_page' id='page_1' title='image "./comentumsuperda01unkngoog_0066.png"; bbox 0 0 4542 6842; ppageno 0'>
   <div class='ocr_carea' id='block_1_1' title="bbox 710 951 1521 1017">
    <p class='ocr_par' dir='ltr' id='par_1_1' title="bbox 710 951 1521 1017">
     <span class='ocr_line' id='line_1_1' title="bbox 710 951 1521 1017; baseline -0.002 -1"><span class='ocrx_word' id='word_1_1' title='bbox 710 951 757 1016; x_wconf 67' lang='grc'>54</span> <span class='ocrx_word' id='word_1_2' title='bbox 1073 961 1278 1017; x_wconf 64' lang='grc' dir='ltr'>ΟΟΙΕΝΤΒΉ</span> <span class='ocrx_word' id='word_1_3' title='bbox 1301 961 1521 1016; x_wconf 72' lang='lat' dir='ltr'>rollenum!</span> 
     </span>
    </p>
   </div>
   <div class='ocr_carea' id='block_1_2' title="bbox 707 1106 1884 1800">
    <p class='ocr_par' dir='ltr' id='par_1_2' title="bbox 707 1106 1884 1800">
     <span class='ocr_line' id='line_1_2' title="bbox 710 1106 1882 1203; baseline 0 -21"><span class='ocrx_word' id='word_1_4' title='bbox 710 1107 840 1182; x_wconf 79' lang='lat' dir='ltr'>eudem</span> <span class='ocrx_word' id='word_1_5' title='bbox 881 1107 1043 1203; x_wconf 83' lang='lat' dir='ltr'>regione,</span> <span class='ocrx_word' id='word_1_6' title='bbox 1081 1107 1158 1180; x_wconf 93' lang='lat' dir='ltr'>imo</span> <span class='ocrx_word' id='word_1_7' title='bbox 1193 1106 1364 1200; x_wconf 69' lang='lat' dir='ltr'>quaemus</span> <span class='ocrx_word' id='word_1_8' title='bbox 1397 1114 1485 1180; x_wconf 86' lang='lat' dir='ltr'>sunt</span> <span class='ocrx_word' id='word_1_9' title='bbox 1518 1106 1636 1203; x_wconf 86' lang='lat' dir='ltr'>magis</span> <span class='ocrx_word' id='word_1_10' title='bbox 1664 1108 1882 1202; x_wconf 76' lang='lat' dir='ltr'>propinque</span> 
     </span>
     <span class='ocr_line' id='line_1_3' title="bbox 708 1225 1884 1323; baseline -0.001 -20"><span class='ocrx_word' id='word_1_11' title='bbox 708 1228 852 1322; x_wconf 84' lang='lat' dir='ltr'><strong>orienti,</strong></span> <span class='ocrx_word' id='word_1_12' title='bbox 873 1225 1044 1322; x_wconf 76' lang='lat' dir='ltr'>quedam</span> <span class='ocrx_word' id='word_1_13' title='bbox 1071 1228 1190 1323; x_wconf 84' lang='lat' dir='ltr'>magis</span> <span class='ocrx_word' id='word_1_14' title='bbox 1210 1235 1365 1302; x_wconf 75' lang='lat' dir='ltr'>remote</span> <span class='ocrx_word' id='word_1_15' title='bbox 1388 1227 1437 1302; x_wconf 94' lang='lat' dir='ltr'>ab</span> <span class='ocrx_word' id='word_1_16' title='bbox 1461 1248 1525 1320; x_wconf 73' lang='lat' dir='ltr'>eo,</span> <span class='ocrx_word' id='word_1_17' title='bbox 1552 1227 1651 1302; x_wconf 91' lang='lat' dir='ltr'>unde</span> <span class='ocrx_word' id='word_1_18' title='bbox 1667 1248 1736 1302; x_wconf 87' lang='lat' dir='ltr'>nec</span> <span class='ocrx_word' id='word_1_19' title='bbox 1760 1229 1884 1303; x_wconf 91' lang='lat' dir='ltr'>omni·</span> 
     </span>
     <span class='ocr_line' id='line_1_4' title="bbox 709 1347 1881 1443; baseline 0.001 -21"><span class='ocrx_word' id='word_1_20' title='bbox 709 1349 778 1422; x_wconf 91' lang='lat' dir='ltr'>bns</span> <span class='ocrx_word' id='word_1_21' title='bbox 802 1349 840 1422; x_wconf 94' lang='lat' dir='ltr'>in</span> <span class='ocrx_word' id='word_1_22' title='bbox 864 1349 994 1422; x_wconf 92' lang='lat' dir='ltr'>eodem</span> <span class='ocrx_word' id='word_1_23' title='bbox 1021 1355 1189 1443; x_wconf 87' lang='lat' dir='ltr'>tempore</span> <span class='ocrx_word' id='word_1_24' title='bbox 1204 1349 1258 1422; x_wconf 85' lang='lat' dir='ltr'>sol</span> <span class='ocrx_word' id='word_1_25' title='bbox 1275 1347 1406 1440; x_wconf 87' lang='lat' dir='ltr'>oritur,</span> <span class='ocrx_word' id='word_1_26' title='bbox 1429 1367 1498 1422; x_wconf 91' lang='lat' dir='ltr'>nec</span> <span class='ocrx_word' id='word_1_27' title='bbox 1514 1347 1660 1441; x_wconf 87' lang='lat' dir='ltr'>occidit;</span> <span class='ocrx_word' id='word_1_28' title='bbox 1681 1369 1750 1422; x_wconf 87' lang='lat' dir='ltr'>nec</span> <span class='ocrx_word' id='word_1_29' title='bbox 1770 1349 1881 1423; x_wconf 79' lang='lat' dir='ltr'>simrd</span> 
     </span>
     <span class='ocr_line' id='line_1_5' title="bbox 707 1466 1882 1561; baseline 0.001 -19"><span class='ocrx_word' id='word_1_30' title='bbox 707 1487 837 1542; x_wconf 92' lang='lat' dir='ltr'>omnes</span> <span class='ocrx_word' id='word_1_31' title='bbox 862 1469 1000 1543; x_wconf 86' lang='lat' dir='ltr'>babent</span> <span class='ocrx_word' id='word_1_32' title='bbox 1022 1468 1227 1561; x_wconf 81' lang='lat' dir='ltr'>meridiem,</span> <span class='ocrx_word' id='word_1_33' title='bbox 1252 1468 1348 1542; x_wconf 88' lang='lat' dir='ltr'>sieut</span> <span class='ocrx_word' id='word_1_34' title='bbox 1368 1487 1437 1542; x_wconf 87' lang='lat' dir='ltr'>nec</span> <span class='ocrx_word' id='word_1_35' title='bbox 1454 1466 1565 1541; x_wconf 82' lang='lat' dir='ltr'>sinml</span> <span class='ocrx_word' id='word_1_36' title='bbox 1585 1469 1721 1543; x_wconf 86' lang='lat' dir='ltr'>babent</span> <span class='ocrx_word' id='word_1_37' title='bbox 1750 1489 1882 1544; x_wconf 76' lang='lat' dir='ltr'>omnes</span> 
     </span>
     <span class='ocr_line' id='line_1_6' title="bbox 707 1587 1879 1683; baseline 0.001 -21"><span class='ocrx_word' id='word_1_38' title='bbox 707 1595 831 1662; x_wconf 92' lang='lat' dir='ltr'>ortum</span> <span class='ocrx_word' id='word_1_39' title='bbox 851 1595 887 1662; x_wconf 90' lang='lat' dir='ltr'>et</span> <span class='ocrx_word' id='word_1_40' title='bbox 903 1608 1094 1662; x_wconf 83' lang='lat' dir='ltr'>occasum:</span> <span class='ocrx_word' id='word_1_41' title='bbox 1113 1587 1189 1662; x_wconf 93' lang='lat' dir='ltr'>imo</span> <span class='ocrx_word' id='word_1_42' title='bbox 1205 1587 1255 1660; x_wconf 94' lang='lat' dir='ltr'>illi</span> <span class='ocrx_word' id='word_1_43' title='bbox 1271 1588 1437 1681; x_wconf 85' lang='lat' dir='ltr'>quisunt</span> <span class='ocrx_word' id='word_1_44' title='bbox 1453 1587 1732 1683; x_wconf 79' lang='lat' dir='ltr'>propinquiores</span> <span class='ocrx_word' id='word_1_45' title='bbox 1747 1587 1879 1664; x_wconf 83' lang='lat' dir='ltr'>oiienti</span> 
     </span>
     <span class='ocr_line' id='line_1_7' title="bbox 707 1707 1878 1800; baseline 0 -18"><span class='ocrx_word' id='word_1_46' title='bbox 707 1707 842 1782; x_wconf 87' lang='lat' dir='ltr'>babent</span> <span class='ocrx_word' id='word_1_47' title='bbox 867 1707 973 1782; x_wconf 87' lang='lat' dir='ltr'>citius</span> <span class='ocrx_word' id='word_1_48' title='bbox 1000 1707 1204 1800; x_wconf 82' lang='lat' dir='ltr'>meridiem,</span> <span class='ocrx_word' id='word_1_49' title='bbox 1227 1707 1395 1782; x_wconf 89' lang='lat' dir='ltr'>similiter</span> <span class='ocrx_word' id='word_1_50' title='bbox 1418 1714 1456 1782; x_wconf 90' lang='lat' dir='ltr'>et</span> <span class='ocrx_word' id='word_1_51' title='bbox 1481 1728 1593 1780; x_wconf 91' lang='lat' dir='ltr'>suum</span> <span class='ocrx_word' id='word_1_52' title='bbox 1621 1709 1878 1783; x_wconf 87' lang='lat' dir='ltr'>meridianum.</span> 
     </span>
    </p>
   </div>
   <div class='ocr_carea' id='block_1_3' title="bbox 564 1817 1882 1924">
    <p class='ocr_par' dir='ltr' id='par_1_3' title="bbox 564 1817 1882 1924">
     <span class='ocr_line' id='line_1_8' title="bbox 564 1817 1882 1924; baseline 0.002 -23"><span class='ocrx_word' id='word_1_53' title='bbox 564 1817 570 1826; x_wconf 82' lang='grc'><strong>’</strong></span> <span class='ocrx_word' id='word_1_54' title='bbox 707 1829 748 1901; x_wconf 98' lang='lat' dir='ltr'>ln</span> <span class='ocrx_word' id='word_1_55' title='bbox 773 1827 956 1924; x_wconf 87' lang='lat' dir='ltr'>proposito</span> <span class='ocrx_word' id='word_1_56' title='bbox 981 1847 1072 1924; x_wconf 93' lang='lat' dir='ltr'>ergo</span> <span class='ocrx_word' id='word_1_57' title='bbox 1097 1835 1206 1922; x_wconf 85' lang='lat' dir='ltr'>poeta</span> <span class='ocrx_word' id='word_1_58' title='bbox 1231 1848 1305 1902; x_wconf 91' lang='lat' dir='ltr'>non</span> <span class='ocrx_word' id='word_1_59' title='bbox 1329 1827 1493 1922; x_wconf 86' lang='lat' dir='ltr'>loquitur</span> <span class='ocrx_word' id='word_1_60' title='bbox 1517 1829 1565 1903; x_wconf 88' lang='lat' dir='ltr'>de</span> <span class='ocrx_word' id='word_1_61' title='bbox 1590 1821 1792 1904; x_wconf 87' lang='lat' dir='ltr'>meridiano</span> <span class='ocrx_word' id='word_1_62' title='bbox 1816 1852 1882 1904; x_wconf 89' lang='lat' dir='ltr'>ar-</span> 
     </span>
    </p>
   </div>
   <div class='ocr_carea' id='block_1_4' title="bbox 681 1946 1884 5169">
    <p class='ocr_par' dir='ltr' id='par_1_4' title="bbox 681 1946 1884 5169">
     <span class='ocr_line' id='line_1_9' title="bbox 709 1946 1882 2043; baseline 0.002 -22"><span class='ocrx_word' id='word_1_63' title='bbox 709 1947 852 2041; x_wconf 84' lang='lat' dir='ltr'>tificiali,</span> <span class='ocrx_word' id='word_1_64' title='bbox 879 1947 995 2042; x_wconf 87' lang='lat' dir='ltr'>qualis</span> <span class='ocrx_word' id='word_1_65' title='bbox 1020 1958 1077 2023; x_wconf 91' lang='lat' dir='ltr'>est</span> <span class='ocrx_word' id='word_1_66' title='bbox 1099 1948 1306 2042; x_wconf 76' lang='lat' dir='ltr'>predictus,</span> <span class='ocrx_word' id='word_1_67' title='bbox 1332 1946 1409 2022; x_wconf 95' lang='lat' dir='ltr'>imo</span> <span class='ocrx_word' id='word_1_68' title='bbox 1431 1948 1479 2024; x_wconf 90' lang='lat' dir='ltr'>de</span> <span class='ocrx_word' id='word_1_69' title='bbox 1504 1950 1675 2042; x_wconf 87' lang='lat' dir='ltr'>naturali,</span> <span class='ocrx_word' id='word_1_70' title='bbox 1701 1950 1765 2043; x_wconf 82' lang='lat' dir='ltr'>qui</span> <span class='ocrx_word' id='word_1_71' title='bbox 1789 1949 1882 2024; x_wconf 88' lang='lat' dir='ltr'>diri·</span> 
     </span>
     <span class='ocr_line' id='line_1_10' title="bbox 707 2069 1880 2164; baseline 0.002 -21"><span class='ocrx_word' id='word_1_72' title='bbox 707 2069 760 2143; x_wconf 94' lang='lat' dir='ltr'>dit</span> <span class='ocrx_word' id='word_1_73' title='bbox 784 2069 893 2143; x_wconf 90' lang='lat' dir='ltr'>istum</span> <span class='ocrx_word' id='word_1_74' title='bbox 921 2074 1089 2142; x_wconf 91' lang='lat' dir='ltr'>nostrum</span> <span class='ocrx_word' id='word_1_75' title='bbox 1116 2069 1378 2164; x_wconf 87' lang='lat' dir='ltr'>hemisperium</span> <span class='ocrx_word' id='word_1_76' title='bbox 1395 2070 1566 2164; x_wconf 86' lang='lat' dir='ltr'>superius</span> <span class='ocrx_word' id='word_1_77' title='bbox 1591 2070 1628 2142; x_wconf 95' lang='lat' dir='ltr'>in</span> <span class='ocrx_word' id='word_1_78' title='bbox 1652 2071 1730 2144; x_wconf 96' lang='lat' dir='ltr'>duo</span> <span class='ocrx_word' id='word_1_79' title='bbox 1753 2092 1880 2164; x_wconf 80' lang='lat' dir='ltr'>aequa3</span> 
     </span>
     <span class='ocr_line' id='line_1_11' title="bbox 708 2188 1883 2284; baseline 0.002 -20"><span class='ocrx_word' id='word_1_80' title='bbox 708 2197 746 2264; x_wconf 90' lang='lat' dir='ltr'>et</span> <span class='ocrx_word' id='word_1_81' title='bbox 771 2190 808 2263; x_wconf 93' lang='lat' dir='ltr'>in</span> <span class='ocrx_word' id='word_1_82' title='bbox 833 2209 909 2284; x_wconf 87' lang='lat' dir='ltr'>quo</span> <span class='ocrx_word' id='word_1_83' title='bbox 934 2188 1083 2282; x_wconf 87' lang='lat' dir='ltr'>quando</span> <span class='ocrx_word' id='word_1_84' title='bbox 1108 2196 1164 2263; x_wconf 85' lang='lat' dir='ltr'>est</span> <span class='ocrx_word' id='word_1_85' title='bbox 1183 2190 1237 2263; x_wconf 89' lang='lat' dir='ltr'>sol</span> <span class='ocrx_word' id='word_1_86' title='bbox 1257 2190 1449 2284; x_wconf 73' lang='lat' dir='ltr'>equaliter</span> <span class='ocrx_word' id='word_1_87' title='bbox 1464 2190 1572 2264; x_wconf 84' lang='lat' dir='ltr'>distat</span> <span class='ocrx_word' id='word_1_88' title='bbox 1590 2211 1614 2264; x_wconf 86' lang='lat' dir='ltr'>a</span> <span class='ocrx_word' id='word_1_89' title='bbox 1631 2211 1722 2265; x_wconf 83' lang='lat' dir='ltr'>vero</span> <span class='ocrx_word' id='word_1_90' title='bbox 1738 2192 1883 2266; x_wconf 84' lang='lat' dir='ltr'>oriente</span> 
     </span>
     <span class='ocr_line' id='line_1_12' title="bbox 708 2309 1884 2404; baseline -0.002 -16"><span class='ocrx_word' id='word_1_91' title='bbox 708 2321 746 2388; x_wconf 87' lang='lat' dir='ltr'>et</span> <span class='ocrx_word' id='word_1_92' title='bbox 769 2331 792 2385; x_wconf 87' lang='lat' dir='ltr'>a</span> <span class='ocrx_word' id='word_1_93' title='bbox 819 2330 908 2384; x_wconf 86' lang='lat' dir='ltr'>rero</span> <span class='ocrx_word' id='word_1_94' title='bbox 933 2309 1132 2402; x_wconf 87' lang='lat' dir='ltr'>occidente,</span> <span class='ocrx_word' id='word_1_95' title='bbox 1159 2315 1197 2384; x_wconf 87' lang='lat' dir='ltr'>ot</span> <span class='ocrx_word' id='word_1_96' title='bbox 1221 2310 1260 2384; x_wconf 93' lang='lat' dir='ltr'>in</span> <span class='ocrx_word' id='word_1_97' title='bbox 1290 2330 1337 2385; x_wconf 90' lang='lat' dir='ltr'>eo</span> <span class='ocrx_word' id='word_1_98' title='bbox 1370 2311 1490 2385; x_wconf 89' lang='lat' dir='ltr'>solum</span> <span class='ocrx_word' id='word_1_99' title='bbox 1526 2311 1698 2404; x_wconf 78' lang='lat' dir='ltr'>meridies</span> <span class='ocrx_word' id='word_1_100' title='bbox 1730 2311 1884 2386; x_wconf 87' lang='lat' dir='ltr'>deberet</span> 
     </span>
     <span class='ocr_line' id='line_1_13' title="bbox 711 2431 1882 2526; baseline -0.002 -20"><span class='ocrx_word' id='word_1_101' title='bbox 711 2451 792 2506; x_wconf 80' lang='lat' dir='ltr'>esse</span> <span class='ocrx_word' id='word_1_102' title='bbox 816 2431 845 2504; x_wconf 87' lang='lat' dir='ltr'>si</span> <span class='ocrx_word' id='word_1_103' title='bbox 870 2451 1000 2505; x_wconf 91' lang='lat' dir='ltr'>omnes</span> <span class='ocrx_word' id='word_1_104' title='bbox 1016 2437 1145 2526; x_wconf 87' lang='lat' dir='ltr'>gentes</span> <span class='ocrx_word' id='word_1_105' title='bbox 1163 2438 1286 2505; x_wconf 80' lang='lat' dir='ltr'>essent</span> <span class='ocrx_word' id='word_1_106' title='bbox 1301 2432 1493 2524; x_wconf 83' lang='lat' dir='ltr'>aequaliter</span> <span class='ocrx_word' id='word_1_107' title='bbox 1509 2432 1599 2525; x_wconf 81' lang='lat' dir='ltr'>sitae,</span> <span class='ocrx_word' id='word_1_108' title='bbox 1616 2439 1655 2506; x_wconf 87' lang='lat' dir='ltr'>et</span> <span class='ocrx_word' id='word_1_109' title='bbox 1671 2431 1738 2505; x_wconf 90' lang='lat' dir='ltr'>nisi</span> <span class='ocrx_word' id='word_1_110' title='bbox 1756 2439 1882 2506; x_wconf 90' lang='lat' dir='ltr'>tumor</span> 
     </span>
     <span class='ocr_line' id='line_1_14' title="bbox 710 2549 1883 2646; baseline -0.003 -19"><span class='ocrx_word' id='word_1_111' title='bbox 710 2562 820 2628; x_wconf 84' lang='lat' dir='ltr'>terrae</span> <span class='ocrx_word' id='word_1_112' title='bbox 845 2550 1047 2644; x_wconf 91' lang='lat' dir='ltr'>impediret.</span> <span class='ocrx_word' id='word_1_113' title='bbox 1074 2549 1197 2623; x_wconf 90' lang='lat' dir='ltr'>Tertio</span> <span class='ocrx_word' id='word_1_114' title='bbox 1222 2557 1308 2625; x_wconf 86' lang='lat' dir='ltr'>nota</span> <span class='ocrx_word' id='word_1_115' title='bbox 1332 2571 1445 2646; x_wconf 86' lang='lat' dir='ltr'>super</span> <span class='ocrx_word' id='word_1_116' title='bbox 1469 2571 1516 2625; x_wconf 91' lang='lat' dir='ltr'>eo</span> <span class='ocrx_word' id='word_1_117' title='bbox 1540 2551 1639 2645; x_wconf 86' lang='lat' dir='ltr'>quod</span> <span class='ocrx_word' id='word_1_118' title='bbox 1657 2559 1763 2646; x_wconf 82' lang='lat' dir='ltr'>poeta</span> <span class='ocrx_word' id='word_1_119' title='bbox 1783 2550 1883 2644; x_wconf 92' lang='lat' dir='ltr'>dicit,</span> 
     </span>
     <span class='ocr_line' id='line_1_15' title="bbox 709 2669 1882 2765; baseline 0.001 -22"><span class='ocrx_word' id='word_1_120' title='bbox 709 2670 809 2765; x_wconf 88' lang='lat' dir='ltr'>quod</span> <span class='ocrx_word' id='word_1_121' title='bbox 836 2670 1059 2744; x_wconf 86' lang='lat' dir='ltr'>meridianus</span> <span class='ocrx_word' id='word_1_122' title='bbox 1088 2669 1177 2765; x_wconf 84' lang='lat' dir='ltr'>tegit</span> <span class='ocrx_word' id='word_1_123' title='bbox 1210 2669 1458 2765; x_wconf 82' lang='lat' dir='ltr'>Hierusalem3</span> <span class='ocrx_word' id='word_1_124' title='bbox 1490 2693 1576 2745; x_wconf 91' lang='lat' dir='ltr'>nam</span> <span class='ocrx_word' id='word_1_125' title='bbox 1605 2671 1752 2746; x_wconf 83' lang='lat' dir='ltr'>ridetur</span> <span class='ocrx_word' id='word_1_126' title='bbox 1775 2670 1882 2745; x_wconf 92' lang='lat' dir='ltr'>dubi·</span> 
     </span>
     <span class='ocr_line' id='line_1_16' title="bbox 711 2789 1879 2884; baseline -0.002 -19"><span class='ocrx_word' id='word_1_127' title='bbox 711 2790 863 2865; x_wconf 84' lang='lat' dir='ltr'>tandum</span> <span class='ocrx_word' id='word_1_128' title='bbox 881 2789 927 2864; x_wconf 90' lang='lat' dir='ltr'>de</span> <span class='ocrx_word' id='word_1_129' title='bbox 947 2809 992 2863; x_wconf 90' lang='lat' dir='ltr'>eo</span> <span class='ocrx_word' id='word_1_130' title='bbox 1017 2789 1116 2881; x_wconf 86' lang='lat' dir='ltr'>quod</span> <span class='ocrx_word' id='word_1_131' title='bbox 1141 2789 1227 2862; x_wconf 88' lang='lat' dir='ltr'>dicit</span> <span class='ocrx_word' id='word_1_132' title='bbox 1243 2790 1312 2882; x_wconf 91' lang='lat' dir='ltr'>bic,</span> <span class='ocrx_word' id='word_1_133' title='bbox 1330 2798 1368 2865; x_wconf 89' lang='lat' dir='ltr'>et</span> <span class='ocrx_word' id='word_1_134' title='bbox 1386 2791 1472 2865; x_wconf 88' lang='lat' dir='ltr'>alibi</span> <span class='ocrx_word' id='word_1_135' title='bbox 1489 2792 1579 2864; x_wconf 81' lang='lat' dir='ltr'>dixit</span> <span class='ocrx_word' id='word_1_136' title='bbox 1598 2798 1637 2866; x_wconf 88' lang='lat' dir='ltr'>et</span> <span class='ocrx_word' id='word_1_137' title='bbox 1651 2791 1761 2884; x_wconf 85' lang='lat' dir='ltr'>dicet,</span> <span class='ocrx_word' id='word_1_138' title='bbox 1780 2790 1879 2884; x_wconf 84' lang='lat' dir='ltr'>quod</span> 
     </span>
     <span class='ocr_line' id='line_1_17' title="bbox 708 2909 1882 3003; baseline 0 -19"><span class='ocrx_word' id='word_1_139' title='bbox 708 2911 936 2986; x_wconf 84' lang='lat' dir='ltr'>Hierusalem</span> <span class='ocrx_word' id='word_1_140' title='bbox 963 2909 1008 2982; x_wconf 87' lang='lat' dir='ltr'>sil</span> <span class='ocrx_word' id='word_1_141' title='bbox 1033 2909 1069 2982; x_wconf 94' lang='lat' dir='ltr'>in</span> <span class='ocrx_word' id='word_1_142' title='bbox 1094 2909 1216 2982; x_wconf 91' lang='lat' dir='ltr'>medio</span> <span class='ocrx_word' id='word_1_143' title='bbox 1240 2909 1377 3003; x_wconf 88' lang='lat' dir='ltr'>mundi,</span> <span class='ocrx_word' id='word_1_144' title='bbox 1395 2932 1480 2984; x_wconf 88' lang='lat' dir='ltr'>nam</span> <span class='ocrx_word' id='word_1_145' title='bbox 1507 2911 1735 2985; x_wconf 89' lang='lat' dir='ltr'>contrarium</span> <span class='ocrx_word' id='word_1_146' title='bbox 1754 2910 1882 2984; x_wconf 82' lang='lat' dir='ltr'>riden-</span> 
     </span>
     <span class='ocr_line' id='line_1_18' title="bbox 710 3029 1883 3128; baseline 0 -24"><span class='ocrx_word' id='word_1_147' title='bbox 710 3037 771 3104; x_wconf 86' lang='lat' dir='ltr'>tur</span> <span class='ocrx_word' id='word_1_148' title='bbox 796 3030 918 3105; x_wconf 87' lang='lat' dir='ltr'>dieere</span> <span class='ocrx_word' id='word_1_149' title='bbox 943 3029 1066 3125; x_wconf 85' lang='lat' dir='ltr'>magni</span> <span class='ocrx_word' id='word_1_150' title='bbox 1085 3029 1285 3124; x_wconf 81' lang='lat' dir='ltr'>philosophi</span> <span class='ocrx_word' id='word_1_151' title='bbox 1310 3037 1348 3104; x_wconf 88' lang='lat' dir='ltr'>et</span> <span class='ocrx_word' id='word_1_152' title='bbox 1373 3031 1543 3128; x_wconf 86' lang='lat' dir='ltr'>theologi.</span> <span class='ocrx_word' id='word_1_153' title='bbox 1564 3031 1768 3106; x_wconf 83' lang='lat' dir='ltr'>Dicendum</span> <span class='ocrx_word' id='word_1_154' title='bbox 1794 3032 1883 3104; x_wconf 90' lang='lat' dir='ltr'>bre·</span> 
     </span>
     <span class='ocr_line' id='line_1_19' title="bbox 710 3149 1881 3245; baseline -0.001 -21"><span class='ocrx_word' id='word_1_155' title='bbox 710 3151 804 3226; x_wconf 88' lang='lat' dir='ltr'>viter</span> <span class='ocrx_word' id='word_1_156' title='bbox 829 3151 928 3245; x_wconf 88' lang='lat' dir='ltr'>quod</span> <span class='ocrx_word' id='word_1_157' title='bbox 954 3149 1182 3225; x_wconf 83' lang='lat' dir='ltr'>Hierusalem</span> <span class='ocrx_word' id='word_1_158' title='bbox 1200 3157 1318 3245; x_wconf 88' lang='lat' dir='ltr'>potest</span> <span class='ocrx_word' id='word_1_159' title='bbox 1341 3151 1412 3225; x_wconf 90' lang='lat' dir='ltr'>dici</span> <span class='ocrx_word' id='word_1_160' title='bbox 1436 3171 1518 3226; x_wconf 75' lang='lat' dir='ltr'>esse</span> <span class='ocrx_word' id='word_1_161' title='bbox 1542 3152 1579 3224; x_wconf 93' lang='lat' dir='ltr'>in</span> <span class='ocrx_word' id='word_1_162' title='bbox 1605 3151 1726 3226; x_wconf 93' lang='lat' dir='ltr'>medio</span> <span class='ocrx_word' id='word_1_163' title='bbox 1752 3150 1881 3224; x_wconf 89' lang='lat' dir='ltr'>mundi</span> 
     </span>
     <span class='ocr_line' id='line_1_20' title="bbox 709 3270 1882 3367; baseline 0.001 -21"><span class='ocrx_word' id='word_1_164' title='bbox 709 3292 756 3346; x_wconf 81' lang='lat' dir='ltr'>ex</span> <span class='ocrx_word' id='word_1_165' title='bbox 783 3270 989 3345; x_wconf 86' lang='lat' dir='ltr'>testimonio</span> <span class='ocrx_word' id='word_1_166' title='bbox 1014 3271 1136 3344; x_wconf 75' lang='lat' dir='ltr'>Sacrae</span> <span class='ocrx_word' id='word_1_167' title='bbox 1154 3271 1372 3367; x_wconf 74' lang='lat' dir='ltr'>Scripturas:</span> <span class='ocrx_word' id='word_1_168' title='bbox 1394 3279 1450 3346; x_wconf 88' lang='lat' dir='ltr'>est</span> <span class='ocrx_word' id='word_1_169' title='bbox 1471 3273 1581 3347; x_wconf 87' lang='lat' dir='ltr'>etiam</span> <span class='ocrx_word' id='word_1_170' title='bbox 1608 3272 1646 3346; x_wconf 92' lang='lat' dir='ltr'>in</span> <span class='ocrx_word' id='word_1_171' title='bbox 1671 3273 1794 3348; x_wconf 92' lang='lat' dir='ltr'>medio</span> <span class='ocrx_word' id='word_1_172' title='bbox 1819 3292 1882 3347; x_wconf 85' lang='lat' dir='ltr'>re·</span> 
     </span>
     <span class='ocr_line' id='line_1_21' title="bbox 708 3389 1883 3489; baseline 0.003 -26"><span class='ocrx_word' id='word_1_173' title='bbox 708 3389 825 3488; x_wconf 88' lang='lat' dir='ltr'>gionis</span> <span class='ocrx_word' id='word_1_174' title='bbox 851 3390 1003 3484; x_wconf 82' lang='lat' dir='ltr'>Judaeae3</span> <span class='ocrx_word' id='word_1_175' title='bbox 1020 3390 1120 3464; x_wconf 90' lang='lat' dir='ltr'>unde</span> <span class='ocrx_word' id='word_1_176' title='bbox 1141 3391 1332 3486; x_wconf 85' lang='lat' dir='ltr'>Egisippus</span> <span class='ocrx_word' id='word_1_177' title='bbox 1354 3391 1392 3464; x_wconf 92' lang='lat' dir='ltr'>in</span> <span class='ocrx_word' id='word_1_178' title='bbox 1409 3392 1501 3467; x_wconf 93' lang='lat' dir='ltr'>libro</span> <span class='ocrx_word' id='word_1_179' title='bbox 1521 3392 1569 3467; x_wconf 90' lang='lat' dir='ltr'>de</span> <span class='ocrx_word' id='word_1_180' title='bbox 1583 3393 1791 3489; x_wconf 84' lang='lat' dir='ltr'>captivitate</span> <span class='ocrx_word' id='word_1_181' title='bbox 1814 3393 1883 3466; x_wconf 84' lang='lat' dir='ltr'>be-</span> 
     </span>
     <span class='ocr_line' id='line_1_22' title="bbox 709 3510 1882 3605; baseline 0.002 -21"><span class='ocrx_word' id='word_1_182' title='bbox 709 3512 912 3605; x_wconf 81' lang='lat' dir='ltr'>braeorum,</span> <span class='ocrx_word' id='word_1_183' title='bbox 938 3510 1046 3585; x_wconf 86' lang='lat' dir='ltr'>dicit:</span> <span class='ocrx_word' id='word_1_184' title='bbox 1073 3512 1112 3585; x_wconf 95' lang='lat' dir='ltr'>ln</span> <span class='ocrx_word' id='word_1_185' title='bbox 1144 3512 1264 3586; x_wconf 88' lang='lat' dir='ltr'>medio</span> <span class='ocrx_word' id='word_1_186' title='bbox 1289 3519 1416 3586; x_wconf 89' lang='lat' dir='ltr'>autem</span> <span class='ocrx_word' id='word_1_187' title='bbox 1442 3513 1577 3587; x_wconf 74' lang='lat' dir='ltr'>iudaeae</span> <span class='ocrx_word' id='word_1_188' title='bbox 1602 3514 1729 3588; x_wconf 80' lang='lat' dir='ltr'>civitas</span> <span class='ocrx_word' id='word_1_189' title='bbox 1758 3514 1882 3593; x_wconf 81' lang='lat' dir='ltr'>bioro-</span> 
     </span>
     <span class='ocr_line' id='line_1_23' title="bbox 709 3631 1883 3728; baseline -0.002 -23"><span class='ocrx_word' id='word_1_190' title='bbox 709 3631 914 3707; x_wconf 90' lang='lat' dir='ltr'>solimitana</span> <span class='ocrx_word' id='word_1_191' title='bbox 931 3631 1037 3724; x_wconf 86' lang='lat' dir='ltr'>quasi</span> <span class='ocrx_word' id='word_1_192' title='bbox 1055 3631 1250 3705; x_wconf 84' lang='lat' dir='ltr'>umbilicus</span> <span class='ocrx_word' id='word_1_193' title='bbox 1267 3633 1426 3728; x_wconf 74' lang='lat' dir='ltr'>regionis</span> <span class='ocrx_word' id='word_1_194' title='bbox 1443 3633 1566 3727; x_wconf 90' lang='lat' dir='ltr'>totius,</span> <span class='ocrx_word' id='word_1_195' title='bbox 1584 3639 1626 3706; x_wconf 95' lang='lat' dir='ltr'>ut</span> <span class='ocrx_word' id='word_1_196' title='bbox 1642 3631 1883 3728; x_wconf 86' lang='lat' dir='ltr'>prudentibus</span> 
     </span>
     <span class='ocr_line' id='line_1_24' title="bbox 708 3751 1881 3848; baseline 0.003 -24"><span class='ocrx_word' id='word_1_197' title='bbox 708 3751 856 3846; x_wconf 85' lang='lat' dir='ltr'>placuit,</span> <span class='ocrx_word' id='word_1_198' title='bbox 874 3752 1066 3826; x_wconf 87' lang='lat' dir='ltr'>abundans</span> <span class='ocrx_word' id='word_1_199' title='bbox 1080 3751 1184 3846; x_wconf 88' lang='lat' dir='ltr'>regio</span> <span class='ocrx_word' id='word_1_200' title='bbox 1199 3752 1474 3826; x_wconf 86' lang='lat' dir='ltr'>mediterraneis</span> <span class='ocrx_word' id='word_1_201' title='bbox 1489 3754 1613 3848; x_wconf 90' lang='lat' dir='ltr'>copiis,</span> <span class='ocrx_word' id='word_1_202' title='bbox 1627 3773 1695 3828; x_wconf 87' lang='lat' dir='ltr'>nec</span> <span class='ocrx_word' id='word_1_203' title='bbox 1712 3753 1881 3828; x_wconf 81' lang='lat' dir='ltr'>fraudata</span> 
     </span>
     <span class='ocr_line' id='line_1_25' title="bbox 709 3871 1881 3967; baseline 0.003 -24"><span class='ocrx_word' id='word_1_204' title='bbox 709 3871 913 3964; x_wconf 82' lang='lat' dir='ltr'>maritimis,</span> <span class='ocrx_word' id='word_1_205' title='bbox 935 3871 983 3944; x_wconf 86' lang='lat' dir='ltr'>ita</span> <span class='ocrx_word' id='word_1_206' title='bbox 1010 3878 1051 3944; x_wconf 91' lang='lat' dir='ltr'>ut</span> <span class='ocrx_word' id='word_1_207' title='bbox 1076 3873 1181 3965; x_wconf 89' lang='lat' dir='ltr'>quasi</span> <span class='ocrx_word' id='word_1_208' title='bbox 1205 3878 1316 3967; x_wconf 85' lang='lat' dir='ltr'>caput</span> <span class='ocrx_word' id='word_1_209' title='bbox 1340 3872 1378 3945; x_wconf 93' lang='lat' dir='ltr'>in</span> <span class='ocrx_word' id='word_1_210' title='bbox 1403 3893 1559 3967; x_wconf 91' lang='lat' dir='ltr'>corpore</span> <span class='ocrx_word' id='word_1_211' title='bbox 1584 3893 1659 3948; x_wconf 93' lang='lat' dir='ltr'>non</span> <span class='ocrx_word' id='word_1_212' title='bbox 1683 3873 1881 3948; x_wconf 86' lang='lat' dir='ltr'>obumbret</span> 
     </span>
     <span class='ocr_line' id='line_1_26' title="bbox 709 3992 1882 4089; baseline 0.003 -25"><span class='ocrx_word' id='word_1_213' title='bbox 709 4013 777 4066; x_wconf 89' lang='lat' dir='ltr'>sua</span> <span class='ocrx_word' id='word_1_214' title='bbox 803 3993 970 4067; x_wconf 85' lang='lat' dir='ltr'>membra</span> <span class='ocrx_word' id='word_1_215' title='bbox 996 3992 1058 4065; x_wconf 90' lang='lat' dir='ltr'>sed</span> <span class='ocrx_word' id='word_1_216' title='bbox 1086 4000 1203 4088; x_wconf 86' lang='lat' dir='ltr'>regat,</span> <span class='ocrx_word' id='word_1_217' title='bbox 1220 3998 1334 4086; x_wconf 87' lang='lat' dir='ltr'>atque</span> <span class='ocrx_word' id='word_1_218' title='bbox 1353 3992 1387 4067; x_wconf 88' lang='lat' dir='ltr'>ei</span> <span class='ocrx_word' id='word_1_219' title='bbox 1405 3993 1547 4069; x_wconf 89' lang='lat' dir='ltr'>tuitioni</span> <span class='ocrx_word' id='word_1_220' title='bbox 1571 3995 1616 4068; x_wconf 91' lang='lat' dir='ltr'>sit</span> <span class='ocrx_word' id='word_1_221' title='bbox 1640 4001 1677 4069; x_wconf 90' lang='lat' dir='ltr'>et</span> <span class='ocrx_word' id='word_1_222' title='bbox 1702 3993 1882 4089; x_wconf 85' lang='lat' dir='ltr'>pulcritu-</span> 
     </span>
     <span class='ocr_line' id='line_1_27' title="bbox 708 4110 1882 4208; baseline 0.002 -24"><span class='ocrx_word' id='word_1_223' title='bbox 708 4110 805 4206; x_wconf 84' lang='lat' dir='ltr'>dini3</span> <span class='ocrx_word' id='word_1_224' title='bbox 832 4112 877 4186; x_wconf 93' lang='lat' dir='ltr'>de</span> <span class='ocrx_word' id='word_1_225' title='bbox 902 4133 977 4205; x_wconf 88' lang='lat' dir='ltr'>qua</span> <span class='ocrx_word' id='word_1_226' title='bbox 1002 4131 1099 4206; x_wconf 87' lang='lat' dir='ltr'>saepe</span> <span class='ocrx_word' id='word_1_227' title='bbox 1125 4113 1243 4187; x_wconf 86' lang='lat' dir='ltr'>multa</span> <span class='ocrx_word' id='word_1_228' title='bbox 1266 4112 1434 4186; x_wconf 86' lang='lat' dir='ltr'>dicentur</span> <span class='ocrx_word' id='word_1_229' title='bbox 1459 4113 1496 4186; x_wconf 93' lang='lat' dir='ltr'>in</span> <span class='ocrx_word' id='word_1_230' title='bbox 1522 4114 1591 4188; x_wconf 89' lang='lat' dir='ltr'>isto</span> <span class='ocrx_word' id='word_1_231' title='bbox 1616 4114 1720 4188; x_wconf 92' lang='lat' dir='ltr'>libro.</span> <span class='ocrx_word' id='word_1_232' title='bbox 1747 4115 1792 4186; x_wconf 88' lang='lat' dir='ltr'>Et</span> <span class='ocrx_word' id='word_1_233' title='bbox 1815 4133 1882 4208; x_wconf 94' lang='lat' dir='ltr'>po-</span> 
     </span>
     <span class='ocr_line' id='line_1_28' title="bbox 709 4231 1880 4326; baseline 0 -21"><span class='ocrx_word' id='word_1_234' title='bbox 709 4231 777 4306; x_wconf 90' lang='lat' dir='ltr'>sito</span> <span class='ocrx_word' id='word_1_235' title='bbox 803 4232 901 4326; x_wconf 87' lang='lat' dir='ltr'>quod</span> <span class='ocrx_word' id='word_1_236' title='bbox 927 4233 997 4307; x_wconf 92' lang='lat' dir='ltr'>hoc</span> <span class='ocrx_word' id='word_1_237' title='bbox 1023 4233 1160 4307; x_wconf 90' lang='lat' dir='ltr'>nonsit</span> <span class='ocrx_word' id='word_1_238' title='bbox 1180 4252 1311 4307; x_wconf 87' lang='lat' dir='ltr'>rerum</span> <span class='ocrx_word' id='word_1_239' title='bbox 1334 4233 1514 4326; x_wconf 86' lang='lat' dir='ltr'>historice,</span> <span class='ocrx_word' id='word_1_240' title='bbox 1534 4241 1657 4308; x_wconf 87' lang='lat' dir='ltr'>tamen</span> <span class='ocrx_word' id='word_1_241' title='bbox 1674 4239 1730 4307; x_wconf 87' lang='lat' dir='ltr'>est</span> <span class='ocrx_word' id='word_1_242' title='bbox 1747 4253 1880 4308; x_wconf 88' lang='lat' dir='ltr'>rerum</span> 
     </span>
     <span class='ocr_line' id='line_1_29' title="bbox 708 4351 1881 4450; baseline 0.001 -25"><span class='ocrx_word' id='word_1_243' title='bbox 708 4351 920 4448; x_wconf 83' lang='lat' dir='ltr'>allegorice:</span> <span class='ocrx_word' id='word_1_244' title='bbox 944 4359 980 4428; x_wconf 91' lang='lat' dir='ltr'>et</span> <span class='ocrx_word' id='word_1_245' title='bbox 998 4354 1187 4450; x_wconf 84' lang='lat' dir='ltr'>eleganter</span> <span class='ocrx_word' id='word_1_246' title='bbox 1206 4360 1315 4448; x_wconf 88' lang='lat' dir='ltr'>poeta</span> <span class='ocrx_word' id='word_1_247' title='bbox 1334 4352 1435 4449; x_wconf 88' lang='lat' dir='ltr'>lingit</span> <span class='ocrx_word' id='word_1_248' title='bbox 1455 4355 1554 4448; x_wconf 88' lang='lat' dir='ltr'>quod</span> <span class='ocrx_word' id='word_1_249' title='bbox 1574 4355 1642 4429; x_wconf 87' lang='lat' dir='ltr'>iste</span> <span class='ocrx_word' id='word_1_250' title='bbox 1660 4375 1766 4429; x_wconf 91' lang='lat' dir='ltr'>mons</span> <span class='ocrx_word' id='word_1_251' title='bbox 1790 4375 1881 4448; x_wconf 90' lang='lat' dir='ltr'>pur·</span> 
     </span>
     <span class='ocr_line' id='line_1_30' title="bbox 681 4472 1883 4568; baseline 0.002 -23"><span class='ocrx_word' id='word_1_252' title='bbox 681 4472 839 4568; x_wconf 52' lang='lat' dir='ltr'>,gatorii</span> <span class='ocrx_word' id='word_1_253' title='bbox 864 4472 1001 4547; x_wconf 88' lang='lat' dir='ltr'>directe</span> <span class='ocrx_word' id='word_1_254' title='bbox 1026 4481 1082 4548; x_wconf 88' lang='lat' dir='ltr'>est</span> <span class='ocrx_word' id='word_1_255' title='bbox 1114 4473 1302 4568; x_wconf 88' lang='lat' dir='ltr'>oppositus</span> <span class='ocrx_word' id='word_1_256' title='bbox 1330 4473 1484 4568; x_wconf 88' lang='lat' dir='ltr'>inlerno,</span> <span class='ocrx_word' id='word_1_257' title='bbox 1514 4474 1600 4568; x_wconf 85' lang='lat' dir='ltr'>quia</span> <span class='ocrx_word' id='word_1_258' title='bbox 1634 4475 1749 4548; x_wconf 86' lang='lat' dir='ltr'>virtus</span> <span class='ocrx_word' id='word_1_259' title='bbox 1781 4479 1883 4548; x_wconf 83' lang='lat' dir='ltr'>recte</span> 
     </span>
     <span class='ocr_line' id='line_1_31' title="bbox 709 4592 1881 4689; baseline 0.003 -23"><span class='ocrx_word' id='word_1_260' title='bbox 709 4592 955 4668; x_wconf 86' lang='lat' dir='ltr'>contrariatur</span> <span class='ocrx_word' id='word_1_261' title='bbox 982 4594 1080 4687; x_wconf 91' lang='lat' dir='ltr'>vitio,</span> <span class='ocrx_word' id='word_1_262' title='bbox 1107 4595 1201 4668; x_wconf 88' lang='lat' dir='ltr'>sient</span> <span class='ocrx_word' id='word_1_263' title='bbox 1221 4595 1299 4689; x_wconf 86' lang='lat' dir='ltr'>jam</span> <span class='ocrx_word' id='word_1_264' title='bbox 1325 4594 1554 4670; x_wconf 87' lang='lat' dir='ltr'>declaratum</span> <span class='ocrx_word' id='word_1_265' title='bbox 1580 4602 1636 4670; x_wconf 90' lang='lat' dir='ltr'>est</span> <span class='ocrx_word' id='word_1_266' title='bbox 1654 4597 1752 4670; x_wconf 88' lang='lat' dir='ltr'>circa</span> <span class='ocrx_word' id='word_1_267' title='bbox 1770 4596 1881 4670; x_wconf 89' lang='lat' dir='ltr'>linem</span> 
     </span>
     <span class='ocr_line' id='line_1_32' title="bbox 709 4710 1883 4810; baseline 0.007 -28"><span class='ocrx_word' id='word_1_268' title='bbox 709 4710 850 4784; x_wconf 90' lang='lat' dir='ltr'>inlerni.</span> <span class='ocrx_word' id='word_1_269' title='bbox 872 4711 1012 4800; x_wconf 85' lang='lat' dir='ltr'>Quarto</span> <span class='ocrx_word' id='word_1_270' title='bbox 1037 4721 1075 4788; x_wconf 90' lang='lat' dir='ltr'>et</span> <span class='ocrx_word' id='word_1_271' title='bbox 1101 4714 1230 4787; x_wconf 88' lang='lat' dir='ltr'>ultimo</span> <span class='ocrx_word' id='word_1_272' title='bbox 1255 4719 1342 4788; x_wconf 87' lang='lat' dir='ltr'>nota</span> <span class='ocrx_word' id='word_1_273' title='bbox 1367 4714 1466 4808; x_wconf 85' lang='lat' dir='ltr'>quod</span> <span class='ocrx_word' id='word_1_274' title='bbox 1489 4716 1580 4790; x_wconf 91' lang='lat' dir='ltr'>bora</span> <span class='ocrx_word' id='word_1_275' title='bbox 1607 4716 1782 4810; x_wconf 89' lang='lat' dir='ltr'>temporis</span> <span class='ocrx_word' id='word_1_276' title='bbox 1807 4735 1883 4810; x_wconf 83' lang='lat' dir='ltr'>qua</span> 
     </span>
     <span class='ocr_line' id='line_1_33' title="bbox 708 4831 1883 4929; baseline 0.007 -27"><span class='ocrx_word' id='word_1_277' title='bbox 708 4840 817 4905; x_wconf 88' lang='lat' dir='ltr'>autor</span> <span class='ocrx_word' id='word_1_278' title='bbox 842 4831 991 4905; x_wconf 89' lang='lat' dir='ltr'>intravit</span> <span class='ocrx_word' id='word_1_279' title='bbox 1011 4833 1267 4929; x_wconf 89' lang='lat' dir='ltr'>purgatorium</span> <span class='ocrx_word' id='word_1_280' title='bbox 1289 4833 1426 4928; x_wconf 88' lang='lat' dir='ltr'>optime</span> <span class='ocrx_word' id='word_1_281' title='bbox 1447 4836 1616 4909; x_wconf 88' lang='lat' dir='ltr'>convenit</span> <span class='ocrx_word' id='word_1_282' title='bbox 1633 4836 1799 4910; x_wconf 75' lang='lat' dir='ltr'>materie</span> <span class='ocrx_word' id='word_1_283' title='bbox 1817 4836 1883 4910; x_wconf 88' lang='lat' dir='ltr'>de-</span> 
     </span>
     <span class='ocr_line' id='line_1_34' title="bbox 709 4949 1882 5050; baseline 0.003 -26"><span class='ocrx_word' id='word_1_284' title='bbox 709 4949 928 5024; x_wconf 79' lang='lat' dir='ltr'>scribendae:</span> <span class='ocrx_word' id='word_1_285' title='bbox 956 4953 1054 5028; x_wconf 89' lang='lat' dir='ltr'>unde</span> <span class='ocrx_word' id='word_1_286' title='bbox 1078 4953 1248 5050; x_wconf 83' lang='lat' dir='ltr'>Virgilius</span> <span class='ocrx_word' id='word_1_287' title='bbox 1274 4953 1310 5025; x_wconf 93' lang='lat' dir='ltr'>in</span> <span class='ocrx_word' id='word_1_288' title='bbox 1336 4953 1443 5027; x_wconf 92' lang='lat' dir='ltr'>simili</span> <span class='ocrx_word' id='word_1_289' title='bbox 1468 4973 1557 5028; x_wconf 83' lang='lat' dir='ltr'>casu</span> <span class='ocrx_word' id='word_1_290' title='bbox 1581 4953 1753 5029; x_wconf 82' lang='lat' dir='ltr'>describit</span> <span class='ocrx_word' id='word_1_291' title='bbox 1777 4975 1882 5030; x_wconf 87' lang='lat' dir='ltr'>eam-</span> 
     </span>
     <span class='ocr_line' id='line_1_35' title="bbox 708 5071 1880 5169; baseline 0.004 -24"><span class='ocrx_word' id='word_1_292' title='bbox 708 5071 791 5146; x_wconf 91' lang='lat' dir='ltr'>dem</span> <span class='ocrx_word' id='word_1_293' title='bbox 820 5072 948 5147; x_wconf 86' lang='lat' dir='ltr'>horam</span> <span class='ocrx_word' id='word_1_294' title='bbox 975 5074 1112 5168; x_wconf 89' lang='lat' dir='ltr'>pulcre.</span> <span class='ocrx_word' id='word_1_295' title='bbox 1141 5075 1235 5148; x_wconf 87' lang='lat' dir='ltr'>Cum</span> <span class='ocrx_word' id='word_1_296' title='bbox 1264 5074 1363 5148; x_wconf 90' lang='lat' dir='ltr'>enim</span> <span class='ocrx_word' id='word_1_297' title='bbox 1389 5075 1506 5149; x_wconf 82' lang='lat' dir='ltr'>Encas</span> <span class='ocrx_word' id='word_1_298' title='bbox 1537 5076 1687 5151; x_wconf 85' lang='lat' dir='ltr'>veniens</span> <span class='ocrx_word' id='word_1_299' title='bbox 1712 5097 1734 5150; x_wconf 90' lang='lat' dir='ltr'>a</span> <span class='ocrx_word' id='word_1_300' title='bbox 1760 5077 1880 5169; x_wconf 82' lang='lat' dir='ltr'>lroia,</span> 
     </span>
    </p>
   </div>
   <div class='ocr_carea' id='block_1_5' title="bbox 0 0 2276 6836">
    <p class='ocr_par' dir='ltr' id='par_1_5' title="bbox 0 0 2276 6836">
     <span class='ocr_line' id='line_1_36' title="bbox 0 0 2276 6836; baseline 0 0"><span class='ocrx_word' id='word_1_301' title='bbox 0 0 2276 6836; x_wconf 95' lang='lat' dir='ltr'> </span> 
     </span>
    </p>
   </div>
  </div>
 </body>
</html>
