4542 6842
769 886 840 955 516
1133 898 1337 956 consuram
1361 900 1580 955 runuuronn

768 1042 954 1117 mirabiles
976 1042 1126 1139 figuras.
1144 1042 1246 1119 Sicut
1262 1064 1353 1143 ergo
1370 1044 1526 1120 Ioannes
1543 1043 1793 1141 procubuerat
1808 1038 1858 1115 ad
1878 1056 1946 1133 pe-

767 1163 832 1238 des
857 1162 988 1261 angeli,
1016 1164 1064 1239 ita
1089 1185 1189 1239 nunc
1213 1165 1349 1242 Dentes
1373 1166 1420 1241 ad
1446 1164 1556 1261 pedes
1577 1164 1700 1260 magni
1725 1157 1945 1251 sacerdotis3

768 1290 806 1359 et
830 1284 924 1357 sicut
940 1283 1095 1380 augelus
1115 1304 1190 1358 non
1206 1285 1408 1381 acceptavit
1428 1286 1527 1359 hune
1545 1286 1725 1359 honorem
1747 1300 1886 1357 vocans
1905 1298 1947 1351 se

768 1423 988 1479 conservum
1013 1404 1093 1478 eius
1110 1412 1148 1479 et
1163 1406 1321 1480 aliorum
1340 1405 1554 1481 habentium
1572 1402 1823 1479 testimonium
1843 1398 1945 1489 Iesu,

767 1524 817 1600 ita
856 1542 955 1598 nuuc
986 1545 1079 1620 papa
1111 1524 1207 1621 lecit,
1240 1547 1374 1602 vocans
1403 1545 1444 1601 se
1475 1545 1695 1600 conservum
1734 1520 1878 1598 autoris
1909 1524 1947 1592 et

766 1644 926 1719 aliorum
952 1644 1257 1740 christianorum3
1284 1646 1365 1721 ideo
1390 1651 1514 1721 textus
1538 1643 1602 1739 qui
1628 1643 1739 1719 habet
1771 1658 1945 1715 eunome

767 1784 965 1860 perversus
1000 1770 1064 1839 est.
1100 1765 1145 1839 Et
1174 1765 1297 1840 subdit
1330 1764 1510 1840 Adrianus
1543 1763 1768 1839 confirmans
1802 1760 1944 1836 dictum

768 1906 880 1959 suurn
906 1906 972 1980 per
996 1886 1096 1960 aliud
1122 1887 1372 1962 testimonium
1398 1906 1512 1961 sacrae
1538 1884 1753 1980 scripturae3
1775 1882 1840 1954 teu
1856 1882 1948 1973 paci

768 2008 874 2079 veder
895 2006 1058 2097 peretr’io
1083 1998 1154 2079 cosi
1177 2009 1343 2099 raprono,
1368 2027 1407 2079 oe
1430 2008 1504 2079 mai
1526 2005 1708 2079 intendesti
1731 2006 1811 2095 quet
1838 2006 1947 2072 santo

768 2128 966 2216 eoanpeltco
990 2146 1115 2218 suono,
1141 2126 1296 2201 llattlraei
1323 2126 1421 2200 xxti
1438 2125 1608 2222 capitulo,
1631 2126 1692 2197 cle
1716 2126 1812 2197 dice:
1829 2124 1869 2194 in
1890 2140 1949 2192 re-

767 2247 981 2318 sumectione
1004 2264 1114 2337 nepae
1128 2246 1256 2319 audeat
1269 2266 1378 2339 nepae
1393 2248 1573 2319 naturae.
1592 2244 1651 2318 Sio
1670 2242 1768 2317 enirn
1788 2260 1948 2336 respou-

767 2364 820 2440 dit
844 2365 1006 2440 Christus
1024 2385 1110 2440 cunr
1132 2366 1226 2441 lacta
1247 2373 1342 2441 esset
1360 2366 1426 2441 sibi
1444 2365 1597 2461 quaestio
1613 2364 1661 2439 de'
1681 2362 1839 2437 muliere
1859 2378 1948 2455 que

767 2486 893 2581 plures
918 2484 1045 2558 habuit
1070 2484 1180 2580 viros,
1202 2486 1308 2561 ouius
1332 2486 1464 2561 debeat
1489 2504 1570 2560 esse
1594 2482 1633 2559 in
1658 2478 1944 2558 resurrectione.

767 2604 822 2678 lix
849 2604 982 2699 quibus
1008 2609 1106 2699 patet
1130 2604 1230 2699 quod
1258 2604 1414 2701 dignitas
1444 2602 1656 2700 temporalis
1685 2599 1852 2676 vanescit
1878 2615 1945 2693 per

767 2730 939 2799 mortem.
955 2762 1005 2777 -
1024 2729 1169 2797 Vattene.
1195 2724 1261 2799 llic
1290 2724 1421 2798 ultimo
1451 2724 1631 2798 Adrianus
1660 2720 1822 2796 licentiat
1854 2738 1946 2814 poe·

768 2852 857 2939 tam,
882 2845 1022 2918 dicens:
1056 2850 1193 2917 Volture
1216 2847 1324 2936 omui,
1350 2844 1437 2940 quia
1462 2845 1576 2919 habes
1600 2843 1709 2939 plura
1740 2840 1872 2915 videre
1897 2837 1945 2911 de

767 2966 922 3042 materia
948 2964 1136 3039 uberrima
1161 2985 1375 3059 avarorum,
1393 2970 1431 3040 et
1447 2985 1517 3061 ego
1534 2964 1653 3039 habeo
1676 2961 1797 3037 redire
1817 2959 1867 3034 ad
1884 2976 1945 3031 so-

767 3086 874 3160 litum
907 3084 1105 3180 planctum.
1139 3083 1242 3159 Unde
1272 3083 1381 3159 dicit:
1410 3105 1483 3157 non
1513 3086 1640 3157 vo’clre
1664 3076 1730 3176 piri
1759 3082 1783 3154 ε’
1796 3078 1943 3166 aneso,

768 3206 855 3302 quia
881 3206 966 3280 satis
997 3203 1124 3279 stetisti
1150 3224 1310 3299 mecum,
1345 3200 1408 3278 cdd
1429 3208 1465 3278 to
1491 3210 1550 3277 tua
1579 3210 1707 3276 stoma
1739 3202 1808 3273 mio
1838 3202 1945 3291 plaa-

765 3349 832 3419 per
857 3328 1009 3416 dadam,
1035 3324 1135 3418 idest,
1161 3325 1247 3418 quia
1273 3330 1337 3398 tua
1364 3344 1470 3399 mora
1492 3321 1728 3417 interrumpit
1753 3321 1943 3416 planctum

768 3467 908 3540 meum,
934 3448 990 3517 cot
1013 3447 1097 3536 qual
1119 3452 1273 3536 namuro,
1298 3445 1401 3538 idest,
1418 3445 1598 3539 accelero,
1624 3436 1679 3517 eid
1703 3445 1764 3515 cte
1788 3450 1826 3514 tu
1852 3444 1945 3514 diec-

766 3570 825 3658 stt,
843 3564 953 3663 paulo
970 3585 1093 3658 supra,
1111 3564 1247 3638 scilieet
1269 3561 1532 3658 poeniteutiam.
1550 3564 1594 3637 itt
1617 3561 1793 3637 continuo
1810 3559 1946 3634 Adria-

767 3708 840 3760 nus
866 3682 1060 3779 respondet
1083 3684 1202 3759 tertiae
1227 3682 1410 3777 petitioni3
1436 3684 1523 3778 quia
1549 3682 1647 3757 enirn
1675 3681 1860 3777 petiverat
1880 3700 1943 3753 su·

766 3827 846 3902 pra,
873 3804 901 3877 si
927 3803 1073 3878 volebat
1098 3823 1185 3877 euru
1212 3802 1334 3876 tacere
1359 3801 1495 3895 aliquid
1517 3802 1553 3875 in
1574 3800 1727 3893 mundo,
1745 3797 1944 3893 respondet

765 3924 967 3997 Adrianus:
995 3926 1123 4014 Nepote
1147 3924 1192 3993 lro
1216 3924 1251 3995 to
1276 3924 1314 3994 di
1338 3912 1387 4012 tri,
1413 3921 1549 3995 scilicet
1573 3920 1611 3995 iu
1627 3920 1759 3994 Tuscia
1784 3919 1821 3991 in
1849 3917 1944 3992 valle

765 4046 908 4136 Maurae,
926 4044 1033 4115 clr’lra
1056 4062 1159 4113 norw
1183 4044 1312 4131 Alapta
1319 4068 1335 4133 ,·
1360 4040 1428 4115 ista
1454 4040 1571 4136 neptis
1588 4061 1692 4136 papae
1710 4039 1860 4113 Adriani
1877 4034 1943 4109 tuit

767 4184 865 4238 uxor
898 4159 1119 4235 marchionis
1144 4160 1302 4234 Marcelli
1331 4161 1547 4256 Malaspinae,
1579 4159 1643 4255 qu'i
1677 4160 1841 4232 multum
1876 4158 1943 4231 ho-

766 4281 913 4357 noravit
937 4300 1025 4355 eum
1052 4286 1218 4375 tempore
1242 4278 1298 4352 sui
1324 4279 1433 4374 exilii,
1461 4288 1502 4354 ut
1527 4280 1611 4354 alibi
1637 4280 1777 4353 dictum
1804 4284 1882 4371 est3
1907 4280 1943 4350 et

766 4402 836 4477 ista
853 4401 999 4475 domina
1017 4399 1176 4474 multum
1193 4400 1413 4494 complacuit
1429 4406 1519 4474 tuuc
1536 4398 1655 4474 Danti.
1668 4398 1775 4473 Unde
1791 4396 1941 4493 quidam

766 4522 906 4613 volunt,
927 4518 1026 4613 quod
1050 4529 1158 4613 poeta
1181 4518 1356 4613 loquatur
1382 4517 1427 4594 de
1453 4540 1497 4594 ea
1523 4518 1616 4593 inlra
1637 4517 1800 4613 capitulo
1816 4514 1941 4607 XXW,

768 4640 831 4715 ubi
857 4637 1071 4732 dicitquod
1097 4658 1171 4711 una
1196 4637 1331 4712 mulier
1356 4637 1462 4713 faciet
1488 4638 1554 4712 sibi
1581 4637 1729 4733 placere
1755 4636 1941 4711 civitatem

766 4760 978 4831 Lucanam:
1005 4754 1068 4830 sed
1094 4776 1167 4831 non
1191 4756 1312 4831 credo.
1340 4758 1382 4830 itt
1407 4757 1493 4831 dicit
1517 4757 1721 4832 Adrianus:
1751 4758 1871 4831 masa
1894 4756 1942 4828 do

767 4901 817 4971 se,
846 4876 932 4970 quia
965 4876 1181 4950 naturaliter
1205 4877 1336 4971 pudica
1366 4884 1402 4952 et
1432 4880 1596 4972 honesta,
1621 4900 1698 4971 patr
1730 4880 1793 4951 cde
1817 4880 1855 4951 la
1878 4895 1943 4947 oo-

768 5004 846 5071 stra
870 5014 955 5066 cosa
979 5012 1051 5065 uon
1073 4997 1189 5086 foedo
1213 4998 1257 5068 lev·
1276 5017 1343 5087 per
1368 5001 1516 5090 esemplo
1539 5000 1737 5089 adorata,
1763 4996 1868 5090 idest,
1884 4994 1941 5067 lu-
