4542 6842
710 889 757 957 66
1073 899 1277 954 commacu
1301 896 1521 952 runnnronu

707 1050 750 1122 Et
776 1046 897 1122 subdit
921 1051 1029 1140 poeta
1055 1043 1329 1140 responsionem
1357 1043 1495 1140 Virgilii
1519 1041 1566 1116 ad
1592 1042 1684 1136 illos,
1707 1041 1885 1116 dicens:e

716 1171 859 1260 vtrpitto
888 1169 1035 1259 ricpose,
1061 1165 1257 1240 ostendens
1287 1164 1443 1238 similem
1476 1163 1722 1260 ignorantiam
1752 1162 1791 1236 in
1823 1181 1883 1234 se:

710 1291 767 1359 voi
794 1289 927 1359 medela
949 1289 1048 1379 forse
1078 1287 1138 1359 cde
1166 1288 1279 1358 siamo
1308 1288 1436 1376 asperti
1469 1286 1503 1356 d'
1516 1291 1587 1356 osto
1617 1286 1706 1374 loco,
1737 1282 1885 1376 scilieet,

709 1407 795 1501 quia
820 1406 1018 1481 fecerimus
1034 1396 1070 1498 (⁴)
1097 1405 1159 1478 diu
1188 1404 1420 1479 residentiam
1450 1403 1521 1497 bic,
1546 1404 1611 1478 sed
1640 1423 1715 1477 non
1740 1410 1796 1477 est
1821 1401 1883 1497 sic,

710 1527 798 1622 quia
824 1527 891 1602 iste
916 1527 1029 1600 miser
1046 1531 1190 1600 tantum
1209 1545 1308 1600 nunc
1324 1524 1554 1621 recognoscit
1571 1544 1740 1599 errorem
1759 1544 1885 1616 suum,

710 1648 805 1722 sicut
830 1655 867 1722 et
893 1668 980 1740 vos,
1012 1647 1122 1720 babet
1155 1652 1280 1720 tamen
1312 1646 1607 1741 prerogativam,
1633 1645 1721 1739 quia
1753 1643 1885 1739 quaerit

712 1767 850 1843 reverti
882 1766 928 1841 ad
961 1767 1058 1840 viam
1090 1771 1229 1840 rectam
1262 1765 1298 1837 in
1323 1765 1410 1858 vita,
1440 1785 1507 1839 vos
1538 1785 1630 1840 vero
1654 1765 1773 1840 solum
1804 1770 1885 1862 post

712 1898 882 1964 mortem.
917 1887 1020 1962 Unde
1052 1885 1161 1959 dicit:
1191 1905 1252 1957 ma
1279 1888 1340 1957 noi
1374 1889 1466 1958 subm
1498 1889 1667 1978 porcario
1697 1905 1794 1958 corne
1828 1889 1888 1957 voi

710 2012 803 2102 sou,
822 2008 908 2110 quia
933 2006 1100 2082 vadimus
1126 2005 1172 2079 ad
1190 2010 1354 2079 montem
1372 2011 1541 2078 sanctum
1559 2026 1627 2101 pro
1648 2004 1885 2101 indulgentia,

712 2128 806 2203 sicut
831 2135 868 2203 et
892 2149 970 2223 voS,
991 2133 1028 2201 et
1052 2126 1160 2200 citius
1185 2125 1445 2221 perveniemus
1469 2124 1516 2199 ad
1543 2125 1745 2200 terminum
1771 2146 1885 2219 quam

711 2249 900 2350 vos„quia
921 2249 1001 2344 jam
1027 2248 1187 2320 multum
1214 2245 1488 2320 ambulavimus
1504 2267 1572 2341 per
1593 2247 1733 2343 sylvam
1759 2265 1887 2340 asper·

711 2370 855 2464 rimam,
881 2376 919 2444 et
947 2368 1009 2443 diu
1041 2367 1292 2442 laboravimus
1324 2387 1393 2460 pro
1424 2366 1670 2461 perveniendo
1699 2365 1746 2440 ad
1778 2367 1886 2441 istam

711 2491 821 2565 viam.
848 2489 952 2563 Unde
976 2487 1078 2562 dicit:
1104 2489 1228 2560 diaozi
1248 2488 1418 2559 oenimmo
1443 2489 1592 2558 innanzi
1607 2506 1631 2557 α
1648 2489 1706 2557 voi
1721 2507 1769 2558 oo
1780 2506 1887 2578 poco,

713 2611 816 2706 quasi
842 2611 961 2685 dicat:
990 2608 1242 2700 modo-modo,
1263 2629 1332 2700 per
1356 2611 1453 2681 altra
1477 2610 1548 2698 oio,
1574 2607 1888 2690 scilicetinlerna-

711 2732 798 2826 lem,
816 2733 876 2804 olto
898 2736 938 2824 fa
963 2723 993 2802 si
1018 2749 1130 2822 aspro
1155 2751 1174 2800 e
1195 2732 1301 2822 sorte,
1322 2727 1425 2821 idest,
1442 2748 1589 2822 semper
1613 2727 1886 2822 descendend03

712 2855 772 2924 cle
788 2855 814 2925 'l
836 2854 944 2925 salire
968 2853 1137 2942 appioni,
1155 2849 1258 2942 idest,
1276 2848 1475 2922 ascendere
1490 2847 1625 2922 amodo
1649 2847 1694 2920 ad
1722 2856 1887 2923 montem

712 2971 926 3068 purgatorii,
952 2993 996 3044 ae
1025 2959 1145 3062 parrd
1176 2973 1290 3059 ploro,
1320 2968 1423 3060 idest,
1449 2967 1537 3062 quid
1568 2967 1793 3063 delectabile,
1826 2989 1888 3044 re-

712 3092 882 3188 spective.
902 3091 945 3165 Et
961 3111 1061 3183 vere,
1079 3089 1307 3163 considerata
1323 3088 1419 3162 bene
1444 3094 1480 3162 et
1504 3087 1650 3183 cognita
1676 3087 1888 3166 infirmitate

713 3219 750 3286 et
776 3211 983 3285 infelicitate
1012 3214 1262 3304 peccatorum,
1293 3227 1377 3300 quae
1406 3227 1553 3302 semper
1579 3207 1694 3281 tendit
1722 3208 1769 3282 ad
1801 3209 1887 3302 ima,

712 3330 853 3406 facilius
887 3337 942 3404 est
972 3327 1173 3402 ascendere
1188 3319 1224 3420 (²)
1262 3327 1308 3400 ad
1343 3327 1573 3402 altitudinem
1608 3335 1646 3403 et
1679 3328 1887 3404 felicitatem

712 3451 1129 3526 virtutum-L'onime.
1145 3449 1211 3522 llic
1228 3456 1336 3543 poeta
1353 3448 1525 3522 describit
1541 3448 1715 3523 ellectum
1735 3469 1889 3544 respon·

712 3571 822 3646 sionis
848 3571 1002 3666 Virgilii5
1028 3578 1066 3644 et
1090 3569 1253 3643 breviter
1278 3567 1374 3662 dicit,
1401 3567 1501 3662 quod
1527 3566 1690 3642 videntes
1714 3575 1888 3642 autorem

713 3692 792 3767 lore
814 3692 940 3766 vivum
966 3691 1003 3764 in
1030 3697 1130 3764 tanta
1149 3690 1257 3763 turba
1274 3695 1525 3783 mortuorum,
1543 3710 1620 3783 prae
1636 3679 1672 3781 (³)
1692 3689 1805 3763 nimia
1822 3690 1888 3762 ad-

713 3811 909 3887 miratione
935 3811 1039 3884 iactae
1068 3817 1155 3883 sunt
1179 3809 1342 3885 attonitae
1375 3816 1413 3882 et
1441 3808 1593 3904 pallidae.
1626 3808 1670 3882 ut
1702 3817 1758 3883 est
1783 3809 1888 3884 litera

714 3933 833 4025 clara3
861 3930 960 4005 unde
984 3929 1092 4004 dicit:
1119 3932 1286 4002 L'ooime
1311 3931 1371 4020 cde
1395 3931 1427 4001 si
1446 3932 1510 4023 ptr
1526 3931 1564 4002 di
1583 3950 1637 4000 me
1653 3935 1804 4019 accone,
1821 3949 1889 4024 per

715 4053 864 4128 evidens
898 4052 1056 4148 signum,
1091 4052 1189 4123 olz'io
1220 4071 1286 4122 era
1319 4070 1431 4122 nacor
1465 4052 1543 4122 otoo
1573 4069 1640 4140 por
1670 4051 1705 4121 lo
1734 4051 1888 4142 spuere,

716 4173 813 4268 quia,
840 4171 987 4266 scilicet,
1008 4169 1240 4264 attrahebam
1264 4176 1302 4244 et
1326 4168 1540 4244 emittebam
1560 4189 1699 4264 aerem,
1718 4169 1796 4244 sine
1813 4188 1889 4264 quo

715 4299 770 4367 est
799 4292 1020 4388 impossibile
1054 4291 1242 4365 hominem
1273 4291 1410 4384 vivere,
1441 4290 1541 4384 quod
1572 4289 1706 4363 animae
1741 4289 1887 4363 illorum

715 4433 789 4486 non
814 4412 1006 4505 iaciebant,
1033 4431 1117 4505 quae
1143 4416 1270 4485 carent
1294 4412 1470 4505 pulmone
1503 4417 1542 4484 et
1569 4409 1713 4484 caeteris
1741 4407 1889 4504 organis

714 4533 977 4629 corporalibus,
1003 4534 1284 4622 mcrooipliando
1300 4534 1483 4605 diventaro
1500 4537 1639 4604 rmorte.
1658 4531 1703 4602 Et
1727 4531 1787 4605 bic
1804 4535 1891 4603 nota

713 4654 821 4747 quod·
842 4661 969 4749 stupor
995 4659 1051 4728 est
1081 4653 1251 4747 quaedam
1285 4652 1424 4746 species
1456 4651 1598 4726 timoris
1628 4651 1693 4744 qui
1722 4651 1891 4746 provenit

714 4793 762 4848 cx
787 4773 930 4848 insolita
956 4773 1238 4870 imaginatione;
1256 4773 1338 4848 ideo
1356 4778 1471 4846 terret
1488 4772 1688 4866 bominem,
1709 4778 1746 4845 et
1771 4777 1890 4847 mutat

780 5027 808 5091 (¹)
823 5027 848 5078 S.
865 5028 983 5079 lecimus.
1109 5027 1136 5091 (b
1153 5027 1184 5078 li.
1200 5027 1306 5078 madere
1321 5039 1367 5077 ceu
1383 5027 1531 5078 Μῶα.
1656 5023 1683 5087 (¹)
1700 5023 1731 5075 E.
1747 5035 1804 5086 pro.
