4542 6842
695 952 773 1020 4326
1060 964 1266 1021 comburunt
1291 962 1512 1019 runonronu

700 1109 794 1183 bene
818 1107 1011 1202 dispositus
1038 1113 1210 1183 moretur
1227 1109 1273 1182 ad
1290 1107 1581 1201 compassionem
1600 1113 1637 1181 et
1656 1105 1873 1181 recordatur

699 1247 740 1302 se
771 1227 1006 1321 moriturum,
1038 1227 1221 1323 superbus
1252 1248 1341 1302 vero
1370 1227 1573 1302 obstinatus
1606 1248 1678 1301 non
1710 1232 1874 1301 terretur

699 1346 833 1422 timore
858 1346 916 1422 vel
944 1346 1122 1422 memoria
1147 1347 1296 1439 mortis;
1312 1348 1363 1422 ita
1385 1368 1483 1422 nunc
1508 1354 1616 1441 poeta
1635 1347 1762 1423 videns
1778 1347 1873 1442 ligu·
1988 1347 1991 1352 ’

702 1489 759 1541 ras
791 1467 1050 1563 superborum,
1085 1467 1148 1562 qui
1184 1467 1332 1542 lucrant
1365 1474 1442 1541 tam
1476 1468 1539 1542 alti
1573 1474 1610 1543 et
1645 1466 1796 1564 gloriosi
1820 1467 1870 1541 in

701 1587 849 1680 mundo,
877 1587 1050 1683 nuncita
1075 1587 1236 1663 deiectos
1260 1595 1298 1662 et
1323 1592 1534 1683 prostratos,
1551 1586 1785 1662 considerans
1806 1586 1870 1679 qui

699 1709 844 1783 inerant
869 1714 906 1782 et
931 1708 993 1802 qni
1020 1714 1136 1803 erant,
1159 1708 1276 1782 lactus
1298 1708 1445 1781 bumilis
1469 1708 1686 1783 condolebat
1711 1708 1870 1781 miseriae

699 1830 870 1903 bumanae
900 1835 937 1903 et
966 1829 1083 1903 ruinae
1115 1829 1341 1924 irreparabili
1374 1829 1634 1923 superborum,
1661 1835 1699 1903 et
1726 1827 1869 1902 ridebat

697 1950 807 2023 altam
834 1948 990 2047 gloriam
1016 1968 1149 2023 eorum
1176 1950 1245 2022 sub
1270 1947 1423 2043 pedibus
1449 1949 1713 2023 conculcatam.

779 2074 888 2145 Veden
912 2073 1012 2144 colui.
1039 2071 1109 2143 lsta
1135 2075 1191 2144 est
1214 2069 1375 2144 secunda
1401 2091 1485 2165 pars
1512 2070 1705 2166 generalis,
1732 2068 1868 2163 inqua

696 2197 803 2287 poeta
829 2191 936 2265 docet
961 2190 1077 2265 vitare
1102 2189 1313 2285 superbiam
1333 2210 1554 2284 percurrens
1581 2191 1698 2264 multa
1725 2210 1869 2265 memo·

698 2312 810 2386 randa
828 2312 1035 2407 spectacula
1053 2311 1312 2406 superborum.
1328 2310 1372 2382 Et
1390 2309 1508 2404 primo
1525 2309 1649 2404 incipit
1665 2332 1688 2385 a
1706 2309 1869 2384 maxima

696 2431 862 2505 omnium
889 2431 1159 2527 superbiarum,
1177 2437 1215 2505 et
1236 2451 1320 2524 quac
1343 2451 1548 2523 numquam
1576 2428 1704 2504 babuit
1728 2451 1868 2526 parem,

696 2553 843 2647 scilicet,
868 2573 891 2627 a
917 2552 1087 2647 snperbia
1114 2550 1222 2646 primi
1255 2550 1375 2647 angeli
1407 2550 1471 2643 qui
1499 2551 1614 2625 voluit
1638 2550 1717 2625 fieri
1744 2551 1868 2625 similis

696 2672 887 2746 ditissimo.
918 2672 1011 2747 llicit
1042 2691 1156 2768 ergo:
1192 2674 1301 2744 Vcdeo
1332 2674 1436 2760 colui,
1465 2669 1612 2764 scilicet,
1642 2671 1867 2766 Luciferum,

695 2791 759 2887 qni
785 2791 903 2885 primo
920 2791 1081 2865 occurrit
1097 2790 1213 2865 oculis
1231 2790 1363 2864 mentis
1385 2789 1477 2884 eius,
1498 2793 1558 2863 cle
1576 2795 1616 2884 sn
1636 2792 1732 2865 nobil
1746 2800 1865 2866 creato

692 2908 754 3005 piri
779 2915 813 2985 d'
826 2916 920 2985 altro
944 2918 1123 3001 creatura,
1148 2911 1233 3005 quia
1252 2911 1334 3005 plus
1357 2911 1494 3006 recepit
1511 2911 1557 2985 de
1577 2912 1661 2987 luce
1686 2918 1724 2987 et
1748 2914 1866 3009 gratia

695 3053 719 3105 u
744 3032 930 3125 creatore,
947 3034 1093 3104 scendar
1112 3026 1173 3123 piri
1189 3033 1253 3103 dol
1269 3034 1354 3104 ciclo
1369 3034 1677 3126 solporcppiando‚
1696 3052 1782 3106 curn
1803 3054 1867 3105 su-

697 3152 822 3249 perbia
847 3172 926 3243 sua,
952 3154 1001 3226 da
1025 3172 1074 3223 nn
1097 3154 1183 3242 loto,
1213 3151 1349 3226 scilicet
1373 3151 1421 3225 ab
1445 3152 1666 3247 hemisperio
1692 3153 1866 3250 interiori,

697 3279 738 3347 ut
762 3274 868 3368 plene
893 3272 1030 3348 dictum
1056 3278 1111 3347 est
1136 3272 1234 3347 finali
1260 3272 1419 3368 capitulo
1450 3272 1595 3347 luterni.
1622 3276 1666 3347 lit
1690 3274 1742 3349 sic
1769 3283 1866 3372 nota,

696 3392 806 3486 quod,
832 3394 925 3467 sicut
939 3384 977 3485 (¹)
1002 3392 1126 3466 scribit
1151 3392 1348 3467 Petrarcba
1373 3392 1411 3465 iu
1436 3392 1544 3465 simili
1570 3414 1671 3487 casn,
1695 3394 1785 3469 dans
1808 3417 1868 3472 re·

696 3511 857 3587 medium
885 3518 1012 3587 contra
1038 3512 1265 3608 superbiam:
1292 3512 1572 3589 fundamentum
1599 3535 1699 3591 verae
1724 3517 1868 3593 virtutis

695 3641 750 3709 est
775 3634 971 3727 humilitas,
998 3653 1066 3707 nec
1092 3638 1193 3707 tanta
1217 3633 1363 3707 claritas
1376 3625 1414 3725 (²)
1437 3634 1510 3707 ulla
1528 3640 1583 3709 est
1601 3657 1713 3729 quam
1736 3658 1868 3733 super·

694 3754 753 3829 bia
779 3776 852 3828 nou
877 3755 1072 3847 obscuret3
1099 3753 1166 3828 scit
1197 3754 1257 3828 ille
1287 3754 1350 3847 qui
1382 3754 1607 3829 clarissimus
1640 3765 1799 3852 creatus
1825 3780 1866 3835 se

695 3874 812 3971 ipsum
840 3874 1026 3968 extollens,
1054 3895 1126 3948 non
1152 3874 1272 3948 solum
1299 3874 1479 3948 obscurus
1504 3875 1566 3949 sed
1594 3876 1760 3973 princeps
1785 3878 1866 3954 lieri

695 3995 831 4071 meruit
856 3994 1107 4069 tenebrarum.
1124 3995 1222 4090 Ergo
1247 3994 1342 4070 bene
1367 3995 1415 4068 ad
1439 4016 1625 4071 summam
1651 3999 1862 4094 snperbiam

694 4122 819 4191 secuta
844 4120 900 4190 est
931 4135 1076 4189 summa
1108 4113 1283 4188 ruina-
1297 4118 1440 4189 Vedeua.
1466 4116 1532 4190 llic
1555 4114 1663 4213 poeta
1693 4118 1863 4195 describit

694 4234 896 4311 secundum
922 4242 1048 4310 actum
1074 4240 1112 4309 et
1137 4232 1310 4309 ellectum
1337 4236 1520 4329 superbiae
1542 4237 1713 4313 maxime
1730 4260 1864 4315 secun·

693 4356 782 4431 dum
809 4353 982 4453 figmenta
1002 4359 1207 4449 poetarum,
1234 4354 1369 4429 scilicet
1389 4355 1528 4431 briarei
1554 4358 1705 4431 maximi
1732 4359 1862 4457 gigan·

693 4476 749 4571 tis,
768 4476 831 4570 qni
857 4476 972 4550 voluit
995 4473 1140 4570 eripere
1158 4495 1314 4571 regnum
1333 4496 1483 4550 summo
1500 4477 1591 4571 lori,
1609 4478 1703 4552 sicut
1720 4480 1865 4557 Lucifer

693 4596 923 4693 praesumpsit
949 4600 1077 4670 contra
1104 4595 1391 4690 omnipotentem
1418 4596 1555 4690 Denm3
1586 4597 1667 4673 ideo
1694 4600 1865 4677 tulmina-

692 4724 752 4792 tus
768 4722 823 4791 est
839 4736 926 4790 cum
947 4715 1024 4789 aliis
1049 4713 1269 4811 gigantibus.
1288 4716 1341 4789 lle
1367 4716 1435 4790 isto
1461 4716 1611 4792 Briareo
1632 4726 1670 4793 et
1690 4714 1864 4814 tabulati)

690 4836 881 4935 gigantum
903 4834 1039 4909 dictum
1059 4840 1115 4909 est
1131 4833 1265 4909 lulerui
1283 4834 1441 4929 capitulo
1460 4837 1574 4911 lllllll
1593 4844 1630 4912 et
1647 4839 1731 4913 alibi
1748 4861 1860 4936 saepe3

753 5022 782 5086 (¹)
798 5023 828 5074 E.
845 5023 914 5073 sicut
928 5022 1007 5073 semel
1024 5022 1174 5072 Potrarcba.
1362 5022 1389 5084 (¹)
1405 5023 1436 5073 ll.
1452 5024 1554 5074 claritas
1569 5028 1618 5074 cst.

753 5100 779 5163 (¹)
795 5100 821 5151 S.
838 5100 870 5151 de
886 5099 972 5151 tabula
988 5100 1129 5164 gigantum.
