4542 6842
684 954 754 1045 er
1041 962 1246 1049 comm
1268 960 1491 1053 restuto

682 1117 719 1213 et
743 1108 927 1205 interdum
952 1108 1186 1211 amplectitur
1206 1126 1345 1205 genua,
1371 1111 1413 1210 ql
1440 1106 1566 1212 serinii
1594 1107 1789 1184 Homerus.
1803 1145 1853 1205 -ς-

529 1206 534 1221 ’
686 1231 874 1323 optorto.
906 1227 971 1302 llic
1004 1237 1111 1323 poeta
1141 1227 1257 1323 posita
1288 1226 1535 1333 gratulatione
1569 1226 1719 1333 Virgilii,
1754 1226 1855 1331 ponit

680 1348 914 1457 magnificam
939 1348 1145 1425 orationem
1164 1347 1259 1452 illins
1278 1346 1501 1449 magnanimi
1524 1368 1638 1452 spper
1662 1366 1852 1451 commem

592 1446 602 1463 ¹
680 1471 865 1577 dationem
883 1468 1029 1579 Virgilii.
1049 1468 1093 1544 lit
1114 1468 1162 1543 ad
1187 1468 1298 1557 huius
1316 1468 1402 1577 altae
1418 1467 1745 1551 commendationis
1762 1488 1852 1560 oon·

681 1591 938 1696 firmationem,
969 1588 1027 1666 hic
1058 1595 1135 1667 tota
1149 1582 1186 1683 ι’)
1223 1595 1348 1691 mente
1378 1588 1580 1708 considera,
1614 1589 1712 1692 qnod
1742 1596 1851 1687 poeta

681 1720 806 1815 noster
839 1710 1048 1819 dignissime
1072 1709 1347 1846 prorumpitur
1380 1708 1529 1810 laudem
1559 1699 1849 1791 excellentissimi

681 1831 831 1931 Virgilii,
857 1831 903 1906 de
928 1831 1033 1907 cuins
1058 1830 1203 1926 copiosa
1229 1828 1437 1936 eloquentia
1461 1828 1644 1937 mirabilia
1664 1828 1750 1906 dicit
1774 1830 1851 1916 lla,-

681 1952 827 2057 crobius
852 1950 881 2024 V
902 1949 1164 2045 Saturnalium,
1181 1950 1325 2057 dicens:
1348 1926 1531 2052 Facundia
1550 1953 1737 2037 Mantuani
1761 1953 1851 2054 mul-

681 2075 788 2172 tiplee
819 2078 853 2144 el
881 2072 1102 2165 multiformis
1134 2077 1197 2161 est,
1235 2078 1268 2144 el
1303 2072 1440 2175 moeniti
1470 2091 1581 2174 penus
1617 2090 1719 2160 omne
1756 2090 1851 2143 oom-

678 2194 846 2287 plectum.
868 2188 1039 2287 Virgilius
1057 2210 1220 2285 namque
1237 2189 1484 2285 eloquentiam
1511 2211 1559 2267 ex
1584 2189 1687 2265 omni
1710 2209 1850 2287 genere

680 2309 821 2387 dicendi
855 2309 1035 2385 enullavit.
1060 2310 1228 2400 Quatnor
1265 2310 1364 2386 enim
1401 2316 1489 2390 sunt
1524 2330 1664 2413 genera
1696 2308 1849 2405 dicendi,

680 2432 816 2509 scillcet
845 2430 1045 2525 copiosum,
1064 2430 1101 2507 in
1132 2451 1207 2525 quo
1236 2430 1364 2508 Cicero
1393 2430 1630 2526 dominatum
1660 2430 1786 2525 breve,
1812 2429 1848 2530 in
1932 2423 1935 2428 ’

681 2570 756 2656 qqo
788 2549 967 2625 Salustius
993 2558 1142 2649 regnat;
1167 2550 1318 2645 siccum,
1346 2550 1445 2645 quod
1474 2550 1649 2625 Frontoni
1673 2548 1849 2624 adscribi-

681 2680 759 2771 tup;
781 2672 918 2769 pingue
943 2678 980 2765 et
1005 2671 1188 2766 lloridum,
1206 2670 1243 2745 iu
1273 2691 1349 2767 quo
1376 2670 1511 2749 Plinius
1536 2670 1759 2749 luxuriatur.
1777 2668 1848 2746 Sed

679 2773 778 2901 apud
803 2791 953 2869 lunium
969 2782 1006 2884 (²)
1034 2793 1221 2870 Maronem
1248 2792 1326 2865 hae
1352 2796 1513 2885 quatuor
1527 2780 1564 2883 (³)
1582 2809 1722 2887 genera
1740 2808 1847 2884 repe-

680 2914 763 2989 ries.
781 2914 948 2988 Fuerunt
964 2911 1076 2987 etiarn
1094 2912 1181 2986 olim
1199 2910 1348 2986 Athenis
1364 2910 1493 3004 decem
1512 2909 1651 3013 nobiles
1666 2917 1843 3003 oratores,

680 3053 841 3143 qporum
867 3032 1033 3107 omnium
1062 3030 1174 3128 stylos
1206 3029 1376 3127 Virgilius
1395 3029 1559 3107 imitatus
1584 3036 1659 3124 est;
1690 3050 1735 3105 ex
1763 3029 1846 3134 qui·
1977 3124 1980 3131 Ι

679 3155 748 3261 lpus
765 3152 936 3228 omuibus
961 3152 1044 3227 lecit
1066 3173 1183 3228 unum
1203 3150 1468 3247 pulcerrimum
1486 3157 1846 3249 temperamentum:

680 3274 777 3381 unde
808 3273 917 3369 paulo
943 3272 1036 3379 lplra
1060 3272 1164 3352 dicit:
1191 3270 1401 3372 eloquentia
1425 3272 1583 3375 Maronis
1607 3270 1655 3347 ad
1680 3271 1846 3371 omnium

679 3415 801 3483 mores
826 3394 968 3490 integra
986 3399 1051 3487 est,
1066 3414 1165 3468 nune
1183 3392 1317 3487 brevis,
1335 3412 1435 3468 nune
1451 3392 1609 3495 eopiosa,
1627 3414 1725 3489 nuno
1742 3392 1847 3488 sicca,

677 3534 775 3589 nunc
801 3512 939 3607 florida,
965 3533 1064 3587 nunc
1089 3512 1200 3598 simul
1225 3510 1360 3607 omnia.
1379 3513 1424 3586 Et
1449 3520 1529 3600 erat
1554 3513 1612 3589 hic
1636 3521 1746 3616 autor
1771 3512 1848 3614 elq-

678 3612 835 3729 queutiae
850 3633 1011 3707 metrioae
1030 3653 1119 3708 vere
1135 3631 1363 3734 necessarius
1376 3639 1457 3729 post
1469 3632 1627 3727 Tullium
1646 3632 1845 3738 prinoipem

677 3755 894 3863 eloquentie
919 3753 1104 3849 prosaice,
1122 3753 1184 3847 qui
1206 3753 1252 3830 de
1281 3752 1429 3851 Virgilio
1454 3753 1604 3851 egregie
1630 3736 1847 3855 vaticinatus

677 3884 754 3984 est3
790 3897 875 3951 nam
910 3896 996 3950 cum
1031 3874 1178 3954 vidisset
1208 3873 1395 3983 quoddam
1424 3872 1591 3971 juvenile
1624 3874 1845 3975 opusculum

677 3979 766 4091 eins,
793 4003 830 4071 et
854 3995 1055 4071 admiratus
1081 3994 1307 4089 quaesivisset
1331 3999 1501 4096 aptorem
1523 3994 1603 4092 jam
1630 3994 1763 4089 senior,
1790 3992 1845 4078 vir

675 4118 764 4222 dens
784 4116 961 4211 juvenem
987 4114 1077 4188 dixit
1102 4113 1259 4188 verbum
1292 4113 1380 4219 illud
1411 4113 1674 4218 magnificum:
1701 4119 1844 4221 lloppqn

674 4259 752 4330 spes
781 4237 894 4309 altero
919 4240 1050 4311 Romu.
1085 4233 1190 4323 Quod
1215 4231 1353 4309 dictum
1378 4232 1546 4339 auditqpr
1573 4255 1619 4330 ep
1645 4254 1711 4313 ore
1737 4232 1841 4339 Tullii

674 4362 816 4465 nuptum
851 4354 985 4455 praem
1017 4353 1166 4454 virello
1201 4352 1300 4456 duod.
1333 4359 1415 4448 post
1447 4374 1563 4459 eures
1595 4352 1734 4451 vieini,
1763 4351 1842 4455 iem

674 4482 823 4557 mortuo
848 4473 974 4567 Tullio,
1001 4474 1155 4554 inseruit
1180 4473 1283 4569 operi
1307 4493 1388 4577 sqq.
1415 4471 1517 4583 Sioqt
1538 4494 1630 4575 ergo
1647 4472 1785 4553 Tullius
1807 4472 1844 4575 iq

673 4594 844 4703 oratoria,
875 4594 924 4672 lta
958 4593 1128 4700 Vipgllins
1154 4593 1191 4667 in
1216 4592 1545 4698 poetioapalmam
1576 4593 1669 4689 tulit,
1694 4592 1741 4668 de
1765 4612 1841 4695 ,qno

672 4716 883 4821 Rropertlus
914 4735 988 4821 non
1014 4714 1134 4817 timuit
1165 4713 1311 4808 dicere:
1342 4716 1453 4791 dedito
1476 4716 1621 4820 romoni
1642 4716 1842 4818 scriptores,

673 4838 777 4947 qedp'te
805 4838 921 4929 Graii,
962 4840 1083 4920 Nesoio
1122 4837 1206 4926 quid
1242 4836 1356 4918 molus
1380 4836 1536 4945 nosndq
1571 4838 1693 4912 illude
1723 4834 1768 4907 Et
1796 4855 1843 4942 pp

734 5018 761 5080 ι’)
778 5021 832 5079 117,
849 5022 918 5079 nott,
935 5023 962 5069 el
979 5024 1033 5071 tota
1048 5023 1144 5068 mente.
1346 5014 1375 5080 (q
1390 5016 1422 5067 Ε,
1437 5017 1505 5081 ,Μ
1520 5030 1603 5068 „m
1619 5017 1764 5068 mmm

733 5094 761 5159 l'l
777 5100 831 5159 117,
848 5096 934 5147 omnin
949 5100 1069 5161 quatuor.
1306 5118 1309 5123 -
