4542 6842
705 959 842 1015 murus
867 960 1025 1017 nncrnus
1048 960 1220 1019 ocrnvus.
1484 952 1553 1019 491

383 1105 421 1175 et
445 1102 514 1175 boc
539 1102 585 1178 de
611 1123 737 1179 mense
762 1104 888 1179 Martii.
916 1105 959 1178 ut
984 1106 1082 1180 stetit
1113 1106 1165 1180 sic
1190 1106 1419 1181 destructum
1446 1109 1556 1202 quin-

383 1240 458 1315 que
473 1222 588 1296 annis.
605 1224 648 1296 Et
668 1224 726 1298 bic
744 1230 829 1299 nota
848 1224 946 1319 quod
962 1224 1206 1300 Mediolanum
1220 1228 1431 1323 metropolis
1443 1228 1556 1303 Lorn-

382 1342 519 1417 bardiae
544 1342 631 1418 olim
658 1344 877 1419 aedilicatum
903 1350 958 1420 est
982 1366 1005 1420 a
1030 1345 1144 1443 gallis.
1171 1348 1263 1421 Nam
1289 1349 1374 1443 galli
1399 1369 1554 1424 senones

381 1464 478 1540 duce
499 1466 655 1561 Brenno,
675 1465 893 1541 transcensis
909 1466 1058 1562 Alpibus
1084 1474 1120 1543 et
1146 1469 1306 1564 expulsis
1332 1470 1455 1564 tuscis,
1481 1492 1555 1547 non

382 1587 491 1685 longe
515 1609 538 1663 a
564 1587 687 1662 Ticino
713 1588 864 1663 llumine
889 1588 1111 1663 audiverunt
1137 1609 1224 1662 eum
1255 1592 1379 1665 locum
1410 1590 1448 1664 in
1479 1612 1555 1685 quo

383 1706 671 1782 conscenderant
695 1728 829 1801 agrurn
855 1706 1061 1781 insubrium
1088 1709 1280 1805 appellari3
1302 1717 1339 1785 et
1364 1711 1450 1805 quia
1469 1711 1553 1786 villa

382 1825 507 1905 Galliae
525 1826 576 1902 sic
593 1827 808 1920 vocabatur,
836 1832 1031 1921 sequentes
1056 1848 1193 1903 nomen
1218 1829 1287 1903 loci
1313 1830 1554 1905 condiderunt

382 1948 515 2021 urbem
533 1968 644 2041 quarn
663 1946 905 2021 Mediolanum
925 1948 1170 2045 appellarunt;
1188 1949 1288 2024 unde
1305 1949 1554 2026 mediolanen·

380 2088 439 2143 ses
463 2068 549 2164 galli
574 2066 742 2141 insubres
768 2088 864 2163 saepe
885 2077 1065 2144 vocantur
1091 2091 1113 2143 a
1138 2069 1217 2144 Tito
1237 2070 1338 2144 Livio
1356 2077 1394 2145 et
1409 2071 1499 2165 aliis,
1517 2078 1554 2145 et

382 2209 500 2284 nsque
525 2188 562 2261 in
587 2186 800 2263 hodiernam
828 2188 926 2263 diem
951 2189 1047 2263 bona
1074 2210 1159 2285 pars
1189 2190 1270 2286 agri
1302 2191 1552 2265 mediolanen-

381 2309 477 2383 sium
505 2316 659 2384 vocatur
676 2308 894 2382 insubrium.
911 2306 1147 2383 vocaverunt
1163 2317 1290 2383 autem
1306 2310 1551 2384 Mediolanum

379 2429 427 2503 ab
451 2428 609 2525 augurio
636 2428 795 2526 notabili,
818 2427 904 2521 qnia
922 2427 959 2501 in
977 2427 1056 2503 eius
1074 2428 1311 2503 aediticatione
1330 2429 1476 2503 inventa
1496 2436 1552 2503 est

380 2570 493 2644 porca
517 2570 585 2644 pro
621 2548 741 2623 media
778 2555 881 2644 parte
919 2549 1054 2623 lanosa.
1082 2548 1185 2622 Unde
1210 2548 1399 2623 Mediolani
1425 2549 1463 2622 in
1487 2570 1553 2643 pa-

366 2656 466 2743 latio
491 2688 647 2744 annonae
673 2677 758 2743 sunt
785 2667 943 2763 inscripti
976 2668 1012 2742 bi
1039 2689 1188 2743 versus:
1216 2672 1283 2741 Sus
1304 2672 1372 2761 fait
1393 2670 1550 2741 inventos

380 2788 438 2863 ubi
458 2792 542 2881 ficit
564 2796 683 2861 castro
700 2790 885 2879 jacodus:
910 2792 953 2861 In
978 2789 1090 2861 nwdto
1111 2796 1211 2878 tergo
1237 2790 1358 2861 tanam
1383 2789 1470 2880 tulit,
1487 2809 1552 2861 oc-

380 2910 463 2983 edit
486 2930 585 2998 ergo,
615 2913 657 2981 Ut
680 2929 806 2981 nomen
831 2914 972 2999 optaret
988 2910 1290 2999 Medioluoomqne
1316 2915 1466 2981 vocaret.
1485 2908 1552 2982 lllii

381 3036 505 3104 tamen
531 3028 658 3103 dicunt
683 3028 782 3122 quod
806 3028 1049 3103 Mediolanum
1067 3034 1122 3103 est
1139 3028 1244 3123 qnasi
1262 3027 1298 3101 in
1320 3028 1441 3103 medio
1459 3028 1553 3102 duo-

381 3170 464 3222 rum
491 3149 669 3241 amnium,
696 3148 830 3223 scilicet
855 3147 965 3222 Ticini
991 3154 1028 3223 et
1053 3148 1179 3222 Ambri
1209 3149 1268 3223 vel
1294 3148 1442 3222 Addnae.
1468 3148 1553 3222 Fuit

378 3274 502 3343 autem
529 3268 772 3343 Mediolanum
799 3268 886 3341 olim
920 3273 1048 3363 potens
1080 3268 1218 3363 civitas,
1244 3275 1282 3343 et
1307 3269 1386 3364 jarn
1417 3268 1552 3343 florens

380 3394 545 3483 tempore
573 3388 696 3485 magni
728 3387 897 3483 Marcelli,
926 3388 990 3483 qui
1020 3408 1149 3483 regem
1182 3408 1314 3462 eorum
1346 3386 1551 3461 Viridoma-

379 3528 463 3581 rum
493 3528 603 3581 manu
630 3529 698 3581 sua
723 3507 967 3582 obtruncavit.
999 3506 1069 3582 Sed
1100 3507 1211 3602 Papia
1241 3515 1367 3600 postea
1394 3508 1461 3580 luit
1485 3527 1552 3602 po-

377 3626 513 3702 tentior
539 3634 705 3723 tempore
731 3627 834 3723 regni
861 3627 1193 3725 longobardorum;
1220 3628 1287 3701 luit
1317 3628 1415 3701 enirn
1445 3626 1549 3701 sedes

379 3747 482 3843 regni
508 3768 658 3822 eornm:
686 3747 793 3822 bodie
819 3752 944 3821 tamen
969 3754 1023 3821 est
1048 3745 1213 3821 subiecta
1237 3747 1439 3821 Mediolano
1465 3768 1551 3821 cnm

380 3868 508 3942 maiori
535 3874 638 3963 parte
662 3850 900 3942 Lombardiae.
914 3906 964 3920 -
977 3872 1010 3940 Ε
1033 3869 1100 3939 tale
1116 3868 1163 3938 bo
1179 3856 1250 3958 yid.
1268 3866 1334 3941 llic
1350 3866 1467 3941 dictus
1484 3867 1552 3941 ab·

379 3988 456 4079 bas,
482 3988 567 4082 quia
594 3987 730 4063 lecerat
761 3986 984 4061 mentionem
1021 3986 1068 4060 de
1097 3991 1223 4060 sancto
1254 3987 1410 4080 Zenone,
1442 3986 1549 4059 cuius

379 4108 642 4181 monasterium
662 4108 738 4203 ipse
758 4105 907 4203 egregie
924 4106 1210 4203 gubernaverat,
1231 4106 1397 4180 dolenter
1415 4106 1500 4180 lacit
1509 4099 1547 4197 (¹)

379 4227 568 4322 querelam
600 4228 646 4303 de
677 4228 748 4302 alio
779 4226 940 4321 quodam
971 4226 1104 4301 abbate
1136 4246 1349 4301 successore
1379 4247 1458 4319 suo,
1485 4226 1548 4319 qni

378 4348 548 4442 nequiter
575 4348 753 4422 tractabat
780 4346 866 4420 illud
892 4346 992 4421 dives
1018 4352 1055 4421 et
1080 4346 1202 4421 nobile
1228 4348 1417 4441 templum.
1441 4346 1484 4419 ut
1503 4346 1550 4420 ad

378 4465 651 4563 intelligentiam
679 4466 789 4539 buius
815 4466 930 4540 literae
955 4471 1099 4560 oportet
1130 4466 1236 4558 scire,
1268 4465 1367 4560 quod
1401 4470 1550 4539 mortuo

379 4582 554 4657 Eccerino
576 4582 622 4658 de
638 4584 815 4677 Romano,
833 4581 1006 4655 Mastinus
1027 4581 1073 4657 de
1090 4583 1126 4656 la
1146 4581 1250 4656 Scala
1272 4581 1389 4659 lactus
1409 4592 1465 4659 est
1485 4582 1551 4656 do-

378 4702 500 4776 minus
526 4704 690 4778 Veronae.
709 4705 790 4791 Quo
808 4701 988 4776 trucidato
1005 4701 1053 4775 ab
1072 4700 1227 4796 aemnlis,
1248 4699 1416 4776 tilbertus
1437 4701 1550 4777 lrater

379 4822 457 4898 eius
482 4824 656 4898 successit
682 4824 718 4896 in
743 4821 904 4897 dominio
930 4828 966 4897 et
998 4821 1193 4897 vindicarit
1226 4829 1385 4896 mortem
1415 4821 1550 4919 fratris..

441 5088 468 5147 i'l
483 5085 514 5136 Ε.
532 5084 593 5137 lecit
608 5082 771 5135 memorium.
