4542 6842
786 969 925 1026 caurus
949 970 1132 1026 snrmuus.
1479 960 1551 1026 alil-

379 1114 580 1209 confinalis,
607 1114 835 1189 tardantibus
864 1114 1127 1210 poenitentiam,
1154 1114 1219 1209 qui
1247 1136 1321 1189 uon
1351 1120 1551 1191 tenuerunt

379 1236 475 1311 viam
502 1240 641 1310 certam
669 1234 931 1330 virtutisque
956 1234 1057 1310 ducit
1081 1235 1128 1309 ad
1153 1234 1372 1330 felicitatem,
1391 1236 1455 1309 sed
1471 1236 1550 1310 ive·-

379 1361 465 1430 runt
479 1355 657 1462 ,namuco
683 1361 720 1431 et
744 1355 902 1430 errando
924 1376 990 1451 per
1007 1355 1222 1451 temporalia
1242 1374 1327 1448 quce
1343 1362 1429 1429 suut
1446 1374 1549 1449 qrrae·

377 1474 462 1551 dam
481 1476 605 1571 devia3
630 1474 711 1551 ideo
728 1475 832 1551 dicit:
847 1498 914 1569 per
931 1482 1061 1568 quanto
1077 1478 1112 1548 ir
1124 1494 1246 1568 posco,
1264 1475 1410 1571 scilicet,
1428 1495 1550 1570 usque

378 1595 426 1669 ad
450 1595 653 1671 convallem
680 1595 844 1670 virorum
872 1594 1080 1688 illustrium,
1107 1614 1131 1666 a
1156 1597 1265 1686 paldo
1286 1598 1335 1667 mi
1356 1598 1552 1688 roccone,-

380 1715 428 1789 ita
454 1715 554 1811 quod
579 1716 653 1789 dux
681 1714 805 1789 Bautis
829 1714 888 1790 hic
913 1714 1049 1789 invenit
1078 1713 1211 1788 ducem
1237 1713 1327 1788 dum
1354 1716 1550 1810 appropin-

380 1842 512 1931 quaret
536 1836 583 1912 ad
607 1836 730 1912 locum
758 1856 833 1929 quo
857 1834 1104 1931 principaliter
1129 1834 1311 1909 tendebat.
1335 1835 1380 1908 Et
1404 1834 1551 1910 Sordel-

380 1956 437 2029 lus
462 1956 524 2030 dat
549 1975 658 2029 suum
692 1954 881 2029 consilium
913 1954 1085 2051 Virgilio,
1099 1953 1236 2028 scilicet
1264 1962 1307 2028 ul
1335 1954 1551 2050 provideant

379 2075 426 2150 de
451 2077 531 2150 loco
556 2075 698 2169 idoneo,
724 2074 787 2148 ubi
813 2075 1002 2169 quiescant
1027 2075 1063 2149 in
1090 2081 1208 2150 nocte.
1235 2074 1329 2150 llicit
1353 2094 1463 2172 ergo:
1490 2094 1550 2147 mo

381 2197 458 2269 uerti
481 2198 577 2268 omui
600 2214 695 2268 come
720 2196 859 2268 molino
884 2198 911 2268 il
933 2199 1073 2287 murno,
1092 2195 1196 2289 idest,
1212 2196 1355 2290 primus
1380 2195 1456 2269 dics
1473 2195 1551 2269 sole

375 2317 453 2411 jam
492 2316 690 2409 occidente,
728 2315 834 2411 quasi
871 2316 977 2409 dicat,
1013 2335 1145 2411 parum
1183 2335 1380 2411 possumus
1416 2315 1551 2391 amodo

380 2436 574 2512 ambulare
603 2436 641 2511 in
672 2436 730 2512 die
754 2436 846 2530 ista3
872 2435 953 2511 ideo
978 2436 1086 2511 dicit:
1122 2444 1156 2511 et
1181 2440 1301 2511 undar
1325 2458 1367 2510 su
1398 2440 1436 2510 di
1460 2444 1551 2510 noue

380 2578 452 2631 non
475 2561 644 2650 sipuote,
670 2565 707 2633 et
731 2558 801 2631 hoc
826 2556 872 2632 de
898 2564 1030 2631 natura
1057 2556 1201 2649 montis,
1221 2564 1262 2631 ut
1286 2557 1429 2632 dicetur
1454 2558 1547 2632 inira

380 2676 539 2773 capitulo
556 2677 683 2751 xxvu
709 2676 806 2753 circa
833 2678 1015 2771 medium;
1031 2670 1123 2770 perd
1144 2671 1273 2751 atum
1288 2698 1423 2771 pensor
1442 2680 1480 2750 dt
1495 2678 1550 2751 bel

379 2800 585 2889 mpetum,
610 2798 712 2892 idest,
738 2797 785 2873 de
817 2798 897 2872 loco
922 2797 986 2870 ubi
1012 2798 1258 2891 quiescamus,
1284 2798 1379 2872 sicut
1410 2798 1548 2872 iaciunt

380 2916 552 3008 viatores,
569 2917 631 3012 qui
650 2918 841 3013 provident
865 2916 931 2991 sibi
957 2916 1003 2993 de
1028 2919 1133 2993 bono'
1151 2918 1305 3014 hospitio
1330 2918 1569 2994 adveniente.

380 3056 484 3131 ser03
511 3042 549 3112 et
573 3036 654 3112 ideo
680 3036 764 3111 dicit
789 3036 994 3112 Sordellus:
1017 3059 1064 3113 na
1088 3039 1287 3134 perdamus
1304 3044 1462 3135 tempus,
1482 3039 1552 3113 du-

381 3176 462 3231 cam
491 3178 555 3231 vos
579 3157 626 3232 ad
651 3152 774 3232 locum
801 3178 1003 3253 amoenum,
1021 3159 1082 3232 ubi
1103 3158 1269 3233 ridebitis
1288 3158 1549 3233 nobilissimam

380 3284 517 3352 sectam
544 3277 747 3352 hominum.
774 3278 878 3353 Unde
902 3278 1009 3352 dicit:
1045 3282 1163 3352 anime
1192 3298 1282 3351 sono
1306 3298 1330 3351 a
1355 3281 1488 3370 destra,
1513 3278 1551 3352 in

379 3396 474 3471 bona
501 3404 617 3492 parte,
643 3417 713 3491 qua
737 3402 874 3489 mmou,
896 3397 999 3492 idest,
1017 3398 1053 3471 in
1072 3398 1153 3473 loco
1171 3397 1393 3472 nobilissimo
1414 3418 1550 3492 seque-

378 3523 501 3591 stratae
518 3516 566 3592 ab
582 3517 681 3591 omni
698 3537 815 3614 grege
831 3517 1041 3614 vulgarium
1061 3517 1271 3611 hominum3
1294 3517 1387 3612 ideo,
1405 3540 1443 3590 se
1461 3520 1554 3591 ilmt

376 3640 541 3730 comma,
560 3642 596 3711 to
619 3642 645 3711 t·
663 3631 782 3711 merari
798 3640 848 3712 ud
868 3660 954 3728 esse,
975 3638 1003 3711 si
1028 3638 1166 3712 iaciunt
1189 3637 1236 3711 ad
1262 3637 1400 3712 iactum
1429 3644 1550 3732 tuum,

335 3844 339 3853 .
377 3778 492 3831 cnon
514 3778 625 3831 senza
655 3760 769 3831 dilecto
801 3760 918 3851 tifien
942 3764 1030 3831 noc.
1057 3757 1101 3831 Et
1126 3757 1343 3852 benedicit,
1371 3758 1458 3853 quia
1483 3757 1550 3833 de·

379 3877 544 3953 laetabile
568 3884 624 3953 ast
647 3876 773 3953 videre
803 3876 1108 3974 magnificentiam
1141 3877 1297 3951 istorum
1331 3878 1549 3973 principum,

379 4004 416 4071 el
440 3997 570 4073 audire
594 4003 696 4095 gesta
722 4018 865 4091 eorum,
891 4004 929 4073 et
953 3998 1138 4093 precipue
1163 3998 1290 4093 poetis,
1317 3999 1380 4092 qui
1413 3998 1549 4073 habent

379 4136 447 4214 pro
472 4118 625 4193 materia
650 4118 858 4195 describere
881 4125 983 4215 gesta
1010 4118 1207 4192 illustrium
1234 4119 1420 4215 virorum3
1451 4128 1489 4194 et
1518 4122 1548 4195 si

379 4236 553 4332 antiquus
577 4246 684 4334 poeta
711 4259 874 4335 paganus
900 4238 1070 4336 Virgilius
1089 4240 1159 4313 hoc
1182 4239 1268 4313 lecit
1282 4236 1318 4333 (¹)
1345 4240 1392 4316 de
1417 4241 1549 4337 aliqui·

379 4357 450 4432 bus
474 4358 633 4453 antiquis
657 4358 817 4457 paganis,
835 4368 974 4453 quanto
990 4360 1126 4456 justius
1150 4360 1209 4435 hic
1234 4380 1353 4435 novus
1377 4368 1485 4457 poeta
1503 4362 1549 4438 de

380 4478 565 4553 modernis
602 4479 833 4554 christianis?
855 4520 905 4535 —
925 4476 1049 4555 Oom'e*
1070 4473 1134 4553 oid.
1161 4480 1227 4555 llic
1251 4488 1360 4576 poeta
1393 4483 1551 4558 ostendit

379 4599 565 4693 quomodo
598 4599 767 4697 Virgilius
800 4601 968 4695 petiverit
992 4601 1038 4675 de
1069 4621 1193 4697 causa,
1220 4622 1339 4696 quare
1363 4602 1410 4676 de
1441 4610 1550 4679 nocte

379 4740 452 4794 non
478 4726 596 4816 potest
620 4720 665 4794 iri
689 4740 756 4815 per
781 4721 1061 4817 purgatorium?
1086 4721 1186 4797 unde
1203 4722 1306 4798 dicit:
1325 4726 1478 4816 msposlo
1495 4729 1550 4820 pr,

378 4840 515 4915 scilicet
531 4860 597 4937 per
614 4841 804 4937 Virgilium
822 4841 1002 4917 Sordello:
1020 4846 1114 4916 Oom'
1127 4839 1149 4918 e*
1161 4836 1247 4917 eid?
1272 4844 1374 4940 idest,
1394 4866 1477 4940 quae
1495 4856 1551 4924 est

441 5088 468 5150 (Ἴ
484 5090 515 5141 B.
531 5090 604 5143 laetu
