4542 6842
750 919 889 976 clusus
913 921 1071 977 nucruus
1095 923 1239 977 omnus.
1505 912 1574 981 tm

405 1062 539 1137 ctualia
555 1064 726 1139 omnibus
751 1072 837 1140 sunt
862 1066 1093 1161 communia,
1115 1067 1295 1162 undequi
1321 1069 1484 1143 abundat
1508 1090 1575 1165 pa·
1658 1084 1664 1091 ·

404 1180 510 1257 nibus
536 1191 573 1259 et
599 1205 670 1259 non
696 1185 758 1259 dat
783 1185 1038 1283 indigentibus,
1056 1208 1128 1261 non
1147 1188 1266 1262 solum
1295 1189 1491 1264 manducat
1509 1210 1574 1284 pa-

404 1322 487 1377 nem
516 1324 638 1396 suum,
664 1304 726 1379 sed
753 1304 863 1380 etiam
889 1306 1064 1401 alienum,
1097 1314 1136 1381 ut
1162 1308 1247 1381 dicit
1271 1308 1572 1405 chrysostomus:

403 1442 469 1518 per
488 1426 557 1498 boc
575 1424 673 1517 quod
691 1423 776 1499 dicit
793 1425 1045 1519 quotidianum
1065 1426 1279 1523 intelligitur
1296 1428 1394 1523 quod
1412 1429 1574 1523 quotidie

403 1550 459 1617 est
484 1530 742 1619 necessarium.
769 1545 971 1641 Cyprianus
1000 1554 1124 1623 autem
1159 1548 1324 1643 exponit:
1354 1557 1394 1623 ut
1428 1557 1572 1625 tantum

403 1666 486 1757 quis
512 1666 718 1759 manducet,
745 1674 925 1761 quantum
953 1668 1045 1742 ratio
1073 1669 1249 1743 naturalis
1273 1670 1404 1766 exigit,
1422 1672 1452 1743 si
1473 1672 1571 1745 enim

257 1786 261 1793 '
403 1783 440 1859 in
467 1806 542 1859 uno
562 1786 729 1859 convivio
748 1792 889 1860 tantum
910 1787 1095 1882 expendis,
1114 1796 1294 1881 quantum
1316 1790 1379 1864 tibi
1399 1791 1572 1867 sufficere

402 1910 518 1999 potest
552 1925 618 2000 per
647 1911 796 1981 centum
828 1905 917 2000 dies,
942 1907 1022 2002 jam
1055 1928 1128 1982 non
1160 1909 1414 2002 quotidianum
1447 1910 1571 1986 cibum

402 2027 604 2100 manducas
638 2026 702 2101 sed
734 2026 937 2101 multorum
970 2027 1140 2102 dierum:
1180 2030 1239 2103 rel
1271 2030 1322 2107 sic
1353 2030 1497 2122 dicitur,
1524 2050 1571 2107 ue

400 2144 620 2220 desiderium
648 2145 827 2241 petitionis
852 2148 1072 2223 extendatur
1105 2150 1141 2223 in
1166 2150 1329 2247 longum.
1356 2151 1428 2226 Sed
1453 2172 1571 2246 quare

399 2266 565 2359 dicimus,
596 2265 642 2341 da
675 2267 789 2361 nobis,
815 2267 844 2341 si
880 2274 1046 2343 nostrum
1077 2274 1162 2344 esti
1191 2269 1395 2365 Respondet
1429 2270 1571 2366 Grego-

400 2385 499 2461 rius:
527 2394 693 2461 nostrum
721 2395 776 2461 est
801 2408 866 2483 per
891 2390 1153 2483 acceptionem,
1178 2410 1201 2463 a
1231 2391 1307 2465 lieo
1338 2412 1428 2465 vero
1461 2391 1572 2465 datur

399 2526 444 2580 ex
479 2527 658 2600 munere3
685 2528 732 2581 ne
763 2508 875 2603 igitur
908 2508 972 2583 liat
1005 2515 1173 2583 nostrum
1208 2511 1313 2604 quasi
1345 2532 1405 2585 res
1436 2511 1570 2585 furtiva

399 2628 477 2701 sine
507 2628 696 2705 voluntate
727 2628 872 2735 Domini
907 2627 1085 2702 dicimus:
1119 2628 1165 2705 da
1201 2629 1304 2704 uobis
1334 2631 1452 2723 bodie,
1482 2631 1569 2724 quia

400 2769 472 2823 non
499 2748 673 2844 cogitabis
698 2749 744 2823 de
769 2749 938 2823 crastino.
964 2750 1017 2824 Ad
1044 2750 1188 2824 literam
1216 2771 1318 2846 crgo,
1335 2751 1421 2825 dicit
1443 2758 1567 2846 poeta:
1654 2816 1660 2827 .

399 2872 458 2943 do'
475 2874 606 2961 oppia
635 2874 696 2942 noi
724 2874 760 2943 lu
785 2873 988 2961 quotidiano
1016 2891 1159 2944 manno.
1186 2871 1230 2944 Et
1261 2872 1319 2946 bic
1343 2879 1443 2965 nota,
1469 2872 1567 2965 quod

399 2990 561 3084 loquitur
587 2989 777 3082 subtiliter,
804 2990 891 3083 quia
917 3010 983 3085 pro
1007 3010 1141 3066 manna
1159 2992 1229 3065 sub
1246 2992 1468 3086 pulcerrima
1491 3012 1571 3067 me-

398 3114 550 3207 taphora
588 3110 650 3185 dat
688 3110 835 3205 intelligi
861 3110 985 3185 cibum
1007 3110 1234 3206 spiritualem
1261 3118 1299 3188 et
1323 3114 1567 3207 corporalem,

398 3232 483 3326 quia
510 3230 625 3325 pluvit
643 3221 679 3320 (¹)
707 3251 729 3303 a
756 3231 850 3304 coelo
871 3238 906 3305 et
925 3231 1023 3325 pavit
1043 3232 1283 3327 corporaliter
1307 3233 1483 3327 populum
1503 3232 1569 3308 Dei

397 3352 432 3425 in
458 3353 621 3443 deserto;
648 3350 697 3424 ita
723 3354 759 3424 et
786 3351 843 3424 bic
869 3351 970 3445 panis
996 3352 1109 3446 pascit
1133 3352 1373 3447 corporaliter
1398 3360 1435 3427 et
1463 3352 1570 3446 spiri-

396 3472 544 3546 tualiter
556 3462 593 3563 (²)
620 3470 656 3545 in
681 3469 826 3545 deserto
852 3470 962 3543 buius
988 3472 1125 3565 mundi,
1153 3472 1217 3565 qui
1246 3478 1303 3547 est
1332 3490 1420 3547 vere
1444 3472 1570 3549 deser-

397 3597 489 3685 tum,
523 3592 617 3666 sicut
649 3597 756 3685 poeta
788 3590 915 3684 pulcre
946 3590 1049 3665 tinxit
1083 3591 1204 3685 primo
1233 3592 1392 3686 capitulo
1420 3591 1567 3665 lnlerni.

396 3712 498 3787 Unde
532 3710 640 3785 dicit:
665 3732 774 3783 senza
809 3714 845 3785 tu
875 3714 970 3801 qual,
1004 3712 1140 3786 scilicet
1179 3732 1327 3804 manna,
1352 3733 1421 3804 per
1452 3720 1569 3803 questo

396 3854 505 3925 aspro
530 3834 680 3921 deserto,
705 3830 807 3924 idest,
834 3830 870 3905 in
895 3830 963 3905 isto
991 3832 1140 3925 mundo,
1170 3853 1195 3904 u
1226 3839 1323 3905 retro
1353 3853 1400 3903 ou
1432 3833 1486 3905 cli
1505 3826 1569 3923 piri

396 3955 434 4025 dt
457 3956 516 4043 ptr
539 3954 754 4042 s’offauoo:
779 3952 878 4046 quod
904 3971 1036 4027 verum
1070 3959 1126 4025 cst
1154 3956 1231 4026 tarn
1256 3952 1303 4025 de
1328 3951 1409 4026 cibo
1436 3972 1568 4045 corpo

397 4073 463 4147 rall
489 4093 600 4166 quam
628 4071 823 4165 spirituali;
846 4072 932 4166 quia
959 4072 1036 4146 sine
1061 4072 1242 4167 corporali
1265 4072 1423 4146 moritur
1448 4092 1567 4166 quan.

396 4200 474 4267 tum
502 4192 547 4267 ad
573 4212 718 4286 corpus,
744 4198 781 4266 et
806 4192 884 4266 sine
908 4192 1084 4287 spirituali
1119 4192 1276 4266 moritur
1307 4198 1488 4286 quantum
1520 4191 1566 4266 ad

395 4312 665 4387 animam-E
679 4334 784 4385 come.
804 4314 873 4387 lsta
895 4320 949 4387 est
966 4314 1092 4407 quinta
1111 4313 1247 4408 petitio,
1261 4313 1298 4387 in
1314 4334 1389 4407 qua
1410 4313 1567 4408 petimus

395 4434 646 4509 remissionem
673 4440 930 4527 peccatorum3
947 4434 1068 4508 debita
1084 4424 1121 4527 (³)
1148 4442 1234 4509 sunt
1258 4440 1405 4528 peccata
1433 4454 1566 4509 sccun-

393 4557 482 4631 dum
508 4555 767 4650 augustinum,
794 4574 878 4647 qua:
911 4554 1069 4649 petimus
1102 4555 1206 4629 uobis
1236 4554 1378 4647 dimitti,
1404 4556 1466 4629 sed
1496 4555 1566 4629 sub

392 4677 614 4752 conditione:
641 4676 825 4750 dimittere
845 4682 970 4750 autem
989 4676 1168 4749 debemus
1187 4696 1259 4750 non
1276 4677 1396 4750 solum
1419 4674 1565 4753 veniam

392 4795 670 4893 postulantibus,
688 4796 751 4869 sed
777 4796 886 4869 etiarn
906 4816 979 4869 non
997 4797 1272 4891 postulantibus.
1294 4796 1456 4870 Petimus
1473 4816 1564 4891 ergo

455 4980 482 5042 (¹)
499 4980 529 5028 Ε.
546 4978 612 5041 pluit
628 4979 659 5028 do
676 4978 751 5029 cmlo.
1001 4976 1028 5040 (¹)
1045 4978 1076 5028 Ε.
1094 4978 1262 5041 spiritualiter
1283 4992 1330 5028 nos
1346 4978 1372 5027 in
1389 4978 1500 5027 deserto.

455 5055 482 5118 (¹)
497 5054 529 5104 Ε.
546 5054 606 5117 quia
622 5053 715 5103 debita.
