4542 6842
713 992 853 1049 esurus
877 994 1034 1050 uncinus
1059 995 1227 1061 oumsus.
1481 984 1552 1054 rto

381 1137 537 1214 milliare
561 1159 649 1215 eum
674 1139 833 1235 dimidio,
860 1140 947 1234 quia
980 1142 1086 1216 leuca
1112 1141 1360 1217 eommuniter
1392 1141 1554 1219 eontinet

379 1259 449 1334 tria
475 1258 653 1354 milliaria,
680 1263 829 1334 vetando
852 1264 903 1353 pt·
927 1264 1034 1354 ocelli,
1060 1281 1155 1355 quos
1184 1282 1259 1336 non
1290 1269 1393 1356 potes
1426 1270 1555 1340 tenere

361 1380 599 1477 .*apertos,e
616 1401 682 1454 oon
695 1383 726 1454 le
737 1383 862 1473 pambo
879 1385 1029 1473 aooolb,
1042 1402 1127 1476 que
1140 1402 1216 1458 non
1229 1389 1332 1476 potes
1349 1377 1553 1476 tenere*(⁴l

380 1509 501 1596 recta3
534 1507 571 1576 et
601 1501 703 1577 dicit:
729 1523 753 1574 a
777 1505 880 1594 putre
905 1505 943 1576 di
966 1505 1023 1576 eui
1047 1505 1129 1576 otoo
1155 1524 1177 1576 o
1202 1524 1316 1577 sonno
1339 1507 1463 1596 popa,
1489 1506 1554 1599 qui

380 1641 453 1698 non
479 1622 576 1698 valet
600 1643 641 1698 se
666 1621 881 1698 substinere.
901 1624 945 1696 lit
970 1614 1121 1717 pontid)
1142 1622 1418 1719 responsionem
1444 1646 1553 1700 suam

379 1742 432 1818 ad
452 1742 657 1839 Virgilium,
681 1742 822 1818 dicens:
848 1745 996 1816 dass'io:
1022 1764 1044 1815 o
1076 1745 1174 1817 dolce
1199 1747 1316 1835 padre
1344 1748 1428 1836 ario,
1452 1767 1491 1818 se
1519 1753 1555 1819 ta

381 1865 580 1954 m'asoolte,
595 1865 631 1936 io
656 1865 683 1936 a·
705 1857 786 1936 diro
811 1855 865 1936 rib
890 1865 950 1936 obe
974 1866 1020 1936 ιη’
1033 1883 1205 1956 appareo,
1222 1863 1259 1937 in
1277 1863 1418 1940 visione
1438 1885 1553 1958 quarn

381 1981 460 2076 ieoi,
486 1983 629 2074 pundo
654 1985 685 2056 le
707 1984 833 2074 parabo
858 1986 907 2056 mi
927 1987 1038 2078 [ιιιοιι
1065 1975 1096 2056 si
1127 1985 1218 2076 totta,
1243 1983 1338 2058 siant
1367 1991 1408 2058 tu
1440 1983 1554 2077 rides,

380 2104 466 2199 quia
492 2103 596 2178 amisi
614 2121 743 2178 omnes
761 2103 858 2178 vires
874 2103 1038 2200 corporis
1056 2123 1102 2178 en
1122 2125 1255 2200 magna
1275 2105 1556 2200 perturbatione

379 2223 502 2300 animi
529 2225 574 2298 lit
598 2223 657 2298 bie
682 2231 767 2298 nota
793 2223 892 2318 quod
915 2231 1025 2320 poeta
1052 2229 1178 2300 noster
1204 2225 1385 2302 subtiliter
1414 2226 1500 2302 iecit
1515 2217 1553 2319 (ι)

379 2343 485 2419 imm
514 2343 721 2418 fictionem:
749 2344 851 2441 lingit
876 2345 974 2419 enim
1001 2345 1117 2419 seila
1143 2345 1280 2420 sessum
1302 2351 1340 2421 et
1361 2346 1554 2444 fatigatum

379 2463 724 2559 onustumque
756 2464 912 2540 debebat
941 2465 1061 2559 potius
1091 2485 1172 2541 osse
1203 2465 1393 2563 vigoratus
1424 2474 1554 2544 eontra

379 2585 558 2680 impetum
584 2585 661 2680 irre,
687 2591 731 2658 ut
754 2603 821 2679 per
846 2585 916 2660 boc
940 2585 1002 2660 det
1017 2573 1053 2679 (ι)
1081 2585 1244 2681 intelligi,
1265 2587 1366 2679 quod
1388 2587 1443 2662 ira
1469 2609 1555 2682 quae

379 2711 435 2780 est
453 2705 634 2800 appetitus
651 2704 830 2798 vindicte,
848 2711 903 2780 est
919 2704 970 2781 ita
988 2705 1165 2780 naturalis
1186 2706 1338 2802 bomini,
1358 2707 1457 2802 quod
1478 2709 1554 2782 llo·
1607 2752 1643 2788 ω

380 2845 508 2901 merus
532 2825 633 2922 dixit,
659 2824 758 2919 quod
784 2825 839 2900 ira
864 2833 920 2902 est
943 2825 1086 2902 dulcior
1112 2825 1221 2900 melle
1245 2825 1449 2902 distillante.
1459 2815 1554 2903 ‘llu-

380 2945 567 3020 sissimum
594 2965 686 3043 ergo
704 2945 896 3022 videbatur
916 2945 982 3020 sibi
1001 2944 1177 3041 quidquid
1194 2946 1336 3020 viderat
1352 2947 1390 3020 in
1407 2947 1554 3024 lictione

381 3067 454 3162 illa,
486 3067 631 3160 seilioet,
666 3067 765 3162 quod
798 3066 949 3142 deberet
980 3087 1085 3142 more
1116 3066 1240 3140 Mariae
1269 3087 1310 3142 se
1339 3067 1478 3143 babere
1506 3067 1555 3143 ad

381 3187 510 3281 lilium,
536 3186 683 3281 quando
708 3193 804 3262 esset
828 3192 1049 3281 provocatus
1081 3185 1126 3260 ad
1158 3186 1271 3280 iram3
1298 3192 1336 3261 et
1365 3187 1464 3281 quod
1489 3187 1556 3262 de·

380 3308 486 3383 beret
507 3325 613 3381 more
633 3305 805 3382 Pisistrati
824 3305 1014 3382 remittere
1034 3305 1206 3380 iniuriam
1224 3305 1358 3381 laetam
1385 3306 1425 3380 ιιι
1443 3305 1554 3382 liliam

380 3449 506 3522 suam;
532 3433 570 3503 et
594 3426 694 3521 quod
717 3447 824 3501 more
848 3425 1021 3522 Stepbani
1037 3425 1190 3501 deberet
1211 3445 1364 3521 paruere
1385 3425 1556 3502 dantibus

380 3549 447 3624 sibi
472 3547 655 3622 innocenti
682 3554 854 3640 mortem,
880 3547 967 3641 quia
992 3545 1199 3640 increparet
1224 3545 1304 3620 illos
1316 3545 1428 3641 juste.
1447 3548 1557 3624 Certe

380 3667 573 3744 ridebatur
598 3666 666 3741 sibi
690 3665 869 3741 difficilius
887 3685 1041 3762 parcere
1060 3653 1270 3758 offendenti,
1289 3685 1403 3759 quam
1424 3688 1557 3762 super·

381 3790 447 3864 bos
471 3787 669 3882 humiliari,
693 3793 730 3862 et
755 3786 877 3862 invido
907 3785 1086 3860 misereri.
1121 3785 1201 3880 lpse
1230 3785 1329 3860 enim
1358 3786 1557 3881 aliquando

380 3909 606 4004 appetiverat
630 3907 839 4001 undictam,
866 3905 965 4001 quod
991 3903 1155 3980 maxime
1185 3903 1324 3979 iaciunt
1352 3906 1556 4002 llorentini3

382 4035 419 4105 et
444 4049 533 4105 rere
558 4029 608 4105 ita
633 4027 780 4104 videtur
804 4026 949 4102 difficile
974 4025 1113 4100 bomini
1142 4045 1307 4121 parcere,
1323 4026 1422 4120 quod
1449 4027 1555 4102 multi

382 4149 568 4226 eonstituti
592 4150 628 4224 in
654 4149 809 4224 articulo
836 4146 974 4242 mortis,
992 4167 1078 4222 eum
1105 4147 1143 4220 in
1165 4146 1307 4222 ceteris
1323 4154 1445 4222 essent
1462 4147 1558 4223 bene

383 4270 554 4366 dispositi,
579 4270 679 4344 nulla
705 4268 847 4344 ratione
871 4267 931 4342 vel
955 4268 1194 4364 persuasione
1222 4273 1424 4363 potuerunt
1454 4268 1558 4343 ineli-

384 4392 463 4467 nari
489 4391 535 4466 ad
561 4389 799 4486 parcendum.
821 4387 880 4462 Sic
905 4407 997 4484 ergo
1017 4387 1100 4463 vide
1117 4387 1217 4482 quod
1237 4387 1334 4464 istud
1354 4388 1554 4484 capitulum

383 4518 439 4588 est
463 4511 569 4588 valde
594 4509 727 4585 subtile
755 4509 792 4583 in
822 4508 946 4582 multis
979 4508 1146 4604 passibus
1178 4507 1387 4583 suis-nr
1414 4511 1456 4582 ei.
1491 4508 1557 4584 llic

383 4637 490 4727 poeta
508 4631 610 4727 ponit
627 4628 900 4723 responsionem
919 4625 1056 4724 Virgilii
1072 4627 1119 4702 ad
1140 4649 1194 4723 se,
1210 4627 1274 4722 qui
1291 4628 1376 4704 dicit
1393 4649 1434 4703 se
1450 4649 1557 4704 nosse

383 4749 577 4826 intrinseca
602 4755 744 4825 secreta
769 4747 888 4822 oonlis
914 4747 1004 4822 eius.
1024 4747 1117 4822 Dicit
1142 4769 1250 4844 ergo:
1278 4753 1324 4822 Et
1345 4751 1389 4840 ei,
1414 4750 1555 4844 supple,

444 4977 473 5043 (ι)
488 4979 526 5031 Le
542 4977 631 5042 perole
647 4977 687 5030 ιιι
703 4979 712 5030 l
728 4979 780 5030 dna
797 4977 930 5030 uterisebi
945 4991 1009 5030 sono
1025 4977 1094 5042 degli
1111 4977 1170 5029 altri
1185 4977 1281 5030 Codiel.

446 5053 474 5119 ι’)
491 5055 521 5107 n.
539 5055 573 5107 Et
589 5057 661 5120 ponlt
676 5056 803 5107 rationem
820 5069 901 5107 surm
1059 5055 1086 5120 (Ἴ
1104 5059 1159 5117 117,
1176 5056 1245 5106 tacit.

445 5133 474 5198 (⁸)
489 5133 520 5185 li.
536 5133 613 5185 detur
628 5133 746 5199 inteblgt
1237 5143 1242 5156 ·
