4542 6842
701 921 772 987 att
1060 935 1264 993 GcMENTUM
1288 938 1507 993 runarrcuu

699 1308 864 1379 CANTUS
886 1310 1086 1393 DECIMUS,
1110 1316 1147 1381 in
1169 1336 1229 1399 qao
1251 1320 1370 1381 tractat
1391 1316 1473 1381 nord
1486 1321 1658 1399 postquam
1673 1317 1798 1400 fuerint
1819 1322 1870 1386 in-

773 1426 878 1509 anessi
892 1431 1023 1507 portam
1043 1427 1190 1493 uiderant
1203 1426 1366 1525 sculptitia
1386 1428 1423 1491 in
1448 1426 1585 1509 quadam
1608 1448 1704 1511 rnna·
1720 1434 1751 1494 et
1761 1431 1869 1511 poian

776 1537 922 1622 anaetoom
940 1540 1185 1605 annunciantem
1199 1538 1342 1605 Matrem
1360 1538 1502 1617 Domini,
1519 1560 1557 1605 ao
1574 1540 1669 1605 dmm
1687 1540 1868 1608 baianum

773 1650 1003 1731 imperatam
1026 1654 1056 1715 et
1076 1650 1206 1715 adaram
1220 1655 1379 1732 petatem
1399 1650 1669 1733 misericordiam
1692 1656 1723 1717 et
1744 1654 1780 1719 in
1801 1654 1866 1735 fine

775 1760 814 1826 de
834 1762 1011 1829 inventione
1031 1762 1238 1844 superbornm
1259 1766 1460 1827 annnorum
1474 1762 1590 1843 petrns.

769 2066 875 2232 Por
895 2163 1029 2253 [ammo
1053 2162 1178 2233 dentre
1202 2161 1242 2230 at
1262 2158 1375 2248 soatio
1399 2159 1492 2230 delto
1517 2163 1637 2249 porta.
1666 2156 1866 2251 Postquam

693 2276 936 2375 insuperiori
966 2279 1124 2374 capitulo
1155 2278 1322 2373 proxime
1352 2276 1570 2373 praecedenti
1602 2285 1711 2371 poeta
1742 2285 1867 2351 noster

694 2397 863 2471 tractavit
880 2404 917 2473 et
933 2398 1190 2473 determinavit
1206 2397 1253 2471 de
1270 2418 1338 2470 suu
1356 2396 1507 2469 introitu
1525 2396 1572 2469 ad
1589 2398 1865 2493 purgatorium,

694 2538 792 2591 nunc
821 2525 1088 2611 cousequenter
1125 2518 1163 2590 in
1201 2517 1269 2591 isto
1305 2518 1337 2591 X
1368 2516 1528 2611 capitulo
1560 2516 1635 2612 agit
1665 2524 1703 2591 et
1734 2524 1866 2592 tractat

693 2636 739 2712 de
772 2640 891 2733 primo
917 2638 1003 2713 vitio
1037 2638 1192 2733 capitali,
1218 2637 1353 2712 scilicet
1378 2636 1561 2732 superbia,
1586 2636 1686 2730 quod
1710 2638 1863 2732 punitur

693 2763 729 2831 et
753 2764 934 2855 purgatur
971 2758 1008 2831 in
1046 2758 1166 2852 primo
1203 2757 1341 2833 circulo
1383 2756 1598 2853 purgatorii.
1624 2758 1669 2830 Et
1701 2776 1864 2852 praesens

692 2878 892 2972 capitulum
922 2885 1041 2974 potest
1074 2878 1236 2953 breviter
1272 2877 1380 2952 unici
1419 2878 1456 2950 in
1490 2883 1565 2951 tres
1601 2883 1723 2973 partes
1747 2897 1864 2975 gene·

693 2999 799 3092 rates,
818 2998 853 3071 in
880 3020 1040 3093 quarum
1066 2998 1184 3093 prima
1204 3004 1312 3093 poeta
1329 2997 1499 3072 describit
1519 2997 1771 3072 difficultatem
1795 2998 1863 3073 vire

692 3138 757 3212 per
786 3139 899 3211 quam
933 3124 1039 3193 erant
1068 3118 1168 3212 ituri,
1199 3125 1235 3192 et
1264 3118 1449 3193 cautelam
1479 3117 1600 3193 eundi.
1631 3119 1671 3190 ln
1700 3118 1861 3192 secunda

690 3238 861 3313 describit
885 3238 1042 3335 insignes
1059 3244 1163 3313 actus
1185 3238 1510 3332 humilitatisque
1526 3237 1774 3312 contrariatur
1796 3259 1862 3312 su·

689 3357 836 3453 perbiae,
863 3378 946 3452 quae
973 3359 1030 3432 bic
1047 3358 1210 3453 punitur,
1229 3363 1270 3429 ut
1287 3357 1338 3432 sic
1355 3358 1485 3432 doceat
1502 3378 1569 3431 uos
1586 3379 1748 3453 purgare
1765 3357 1860 3432 istud

689 3477 850 3573 primum
885 3478 1085 3572 pessimum
1117 3477 1282 3551 amnium
1315 3477 1500 3571 vitiorum,
1530 3478 1603 3551 ibi:
1634 3468 1686 3551 bd
1715 3499 1757 3551 sa
1788 3498 1860 3551 non

688 3620 788 3672 eran
814 3600 854 3672 ln
879 3597 987 3673 tertia
1020 3597 1191 3671 describit
1219 3619 1368 3692 poenam
1402 3598 1564 3692 ipsorum
1599 3598 1858 3693 superborum,

688 3726 725 3795 a
750 3719 834 3794 raet
860 3718 1076 3793 invectivam
1104 3724 1232 3793 contra
1257 3738 1332 3812 eos,
1358 3718 1431 3793 m:
1462 3724 1596 3791 urnae
1624 3721 1671 3790 a.
1702 3697 1755 3791 uu
1785 3718 1861 3813 prr-

688 3860 792 3913 mum
823 3841 972 3915 veniens
1006 3840 1098 3933 dico,
1129 3839 1228 3933 quod
1262 3846 1368 3934 poeta
1400 3839 1572 3914 describit
1605 3838 1857 3913 difficultatem

689 3959 757 4034 vice
782 3980 868 4033 cum
894 3960 1036 4034 cautela
1063 3959 1197 4053 eundi3
1224 3960 1286 4034 sed
1313 3960 1433 4054 primo
1458 3958 1644 4053 praemittit
1664 3959 1859 4034 continua·

688 4080 823 4155 tionem
849 4080 896 4154 ad
920 4100 1031 4175 supra
1058 4086 1193 4154 tactam
1222 4080 1428 4174 materiam,
1454 4086 1491 4154 et
1507 4080 1603 4172 dicit,
1621 4078 1721 4173 quod
1745 4079 1858 4153 sensit

637 4232 639 4235 ·
687 4207 830 4295 portam
856 4198 1059 4296 purgatorii
1084 4198 1204 4273 claudi
1237 4205 1318 4294 post
1349 4200 1555 4295 ingressum
1582 4218 1728 4273 eorum.
1755 4199 1858 4273 Unde

686 4321 793 4396 dicit:
820 4342 889 4419 ego
915 4328 1023 4417 poeta
1047 4320 1192 4414 Dantes,
1218 4324 1255 4393 ta
1282 4324 1380 4393 senti
1397 4342 1492 4393 esser
1515 4324 1682 4411 rictiaco,
1708 4319 1857 4413 scilicet,

686 4441 783 4516 iliam
810 4448 953 4535 portam
980 4440 1182 4536 purgatorii
1208 4440 1343 4515 iterum
1364 4440 1484 4515 claudi
1511 4445 1591 4534 post
1615 4438 1856 4534 apertionem,

685 4562 778 4636 sicut
803 4562 921 4657 primo
948 4566 1027 4635 erat
1053 4562 1178 4634 clausa
1203 4567 1402 4654 antequam
1429 4560 1665 4651 intraremus,
1681 4561 1857 4653 sonando,

685 4680 788 4775 quasi
815 4679 928 4754 dicat:
955 4701 1022 4774 per
1046 4679 1226 4773 auditum,
1247 4700 1321 4753 nou
1338 4699 1406 4774 per
1425 4680 1543 4754 visum
1562 4677 1719 4775 cognovi
1739 4677 1854 4772 ipsam

685 4822 765 4877 esse
789 4802 964 4893 clausam,
987 4803 1062 4892 poi,
1088 4800 1190 4893 idest,
1217 4806 1423 4895 postquam,
1437 4804 1572 4895 sonmo
1593 4801 1719 4872 dentro
1736 4801 1775 4870 ct
1792 4818 1854 4871 so-

684 4924 755 5015 atio
784 4922 876 4993 detta
903 4928 1023 5012 porta,
1053 4918 1146 4994 idest
1171 4919 1294 5013 limen,
1320 4920 1420 5013 quod
1449 4941 1561 5015 supra
1590 4918 1739 5025 ponitur
1765 4919 1853 5019 ada·

685 5048 887 5135 manteum,
913 5043 985 5133 atre,
1002 5039 1104 5137 idest,
1122 5061 1207 5135 quae
1233 5047 1339 5134 porta
1362 5041 1576 5137 purgatorii,
1597 5042 1730 5130 dbnsa,
1748 5038 1851 5133 idest,
