4542 6842
722 927 792 995 538
1077 938 1281 996 concursus
1305 940 1527 995 ronouronu

719 1082 869 1159 damnat
899 1082 1148 1178 multipliciter
1179 1086 1389 1189 avaritiam,
1415 1086 1610 1159 ostendens
1642 1086 1770 1179 quates
1803 1093 1894 1158 sunt

720 1204 862 1279 tructus
878 1204 975 1280 eius:
997 1211 1041 1279 ct
1064 1205 1183 1300 primo
1208 1206 1364 1281 ostendit
1389 1206 1546 1300 qualiter
1565 1205 1673 1301 tingo
1695 1204 1893 1299 respondet

719 1323 767 1400 ad
792 1325 991 1401 secundam
1008 1317 1044 1417 (¹)
1066 1326 1290 1421 petitionem,
1317 1347 1392 1420 qua
1417 1326 1597 1421 petiverat
1621 1347 1745 1421 supra,
1772 1345 1892 1419 quare

721 1445 821 1519 solus
847 1445 1096 1522 renovellabat
1121 1445 1200 1519 ilias
1224 1445 1351 1541 dignas
1376 1445 1513 1520 laudes.
1533 1445 1624 1520 Dicit
1648 1465 1739 1542 ergo
1764 1446 1890 1541 Hugo:

725 1557 785 1639 ctd
811 1567 910 1638 ctr'r'o
935 1568 1045 1656 daea,
1071 1584 1159 1639 cum
1185 1566 1330 1659 planctu
1357 1566 1429 1659 pio,
1449 1568 1487 1637 dr’
1511 1567 1626 1655 quoda
1648 1569 1753 1639 suma
1785 1586 1893 1662 sporo

721 1688 812 1760 dervo
830 1688 959 1777 Spiritu
984 1692 1099 1776 sunm,
1120 1685 1224 1779 idest,
1248 1685 1295 1759 de
1319 1684 1495 1781 singulari
1520 1685 1664 1781 virgine
1687 1684 1800 1758 Maria
1828 1684 1894 1759 de-

721 1812 873 1881 cantans
899 1812 1153 1901 paupertatem
1178 1805 1278 1898 eius,
1297 1808 1391 1878 ecte
1415 1808 1441 1879 ti
1462 1809 1536 1899 [ece
1561 1808 1682 1895 ootprr
1701 1824 1803 1877 verm
1824 1824 1892 1894 me,

723 1926 865 2019 utiam
891 1924 1029 1999 dictum
1057 1932 1112 1999 est
1140 1946 1264 2019 snpra,
1291 1924 1389 2020 quod
1420 1925 1532 1999 traxit
1565 1945 1606 1999 se
1638 1925 1802 2016 ulterius,
1822 1944 1893 2016 per

722 2046 851 2121 alama
877 2046 1006 2135 amosa,
1027 2043 1129 2139 idest,
1147 2052 1296 2140 propter
1321 2044 1436 2119 verba
1456 2051 1582 2119 secuta
1600 2045 1638 2119 in
1658 2045 1805 2120 laudem
1822 2044 1895 2117 Fa·

722 2163 838 2256 bricii,
864 2184 948 2258 quae
973 2164 1124 2237 suerunt
1148 2164 1389 2239 declaratoria
1415 2162 1523 2259 p'rimi
1548 2164 1645 2256 dicti,
1671 2171 1767 2237 tuoto
1790 2158 1812 2237 a*
1834 2166 1893 2237 di-

721 2290 838 2377 sposto
864 2305 888 2355 a
911 2291 990 2357 tutte
1006 2292 1125 2357 nostre
1138 2304 1255 2376 prece,
1273 2283 1375 2376 idest,
1394 2284 1563 2378 precibus
1579 2304 1673 2378 quas
1690 2274 1889 2374 iacimusff)

722 2403 914 2496 cantando,
947 2403 1081 2497 quibus
1116 2402 1336 2499 respondent
1368 2403 1429 2477 aiii
1464 2402 1620 2497 spiritus,
1659 2406 1777 2495 quant
1789 2406 1821 2475 et
1857 2396 1893 2475 di
1940 2459 1943 2462 .

723 2528 831 2614 duro,
857 2522 961 2616 quasi
986 2523 1099 2599 dicat:
1124 2524 1243 2597 solum
1267 2523 1314 2597 de
1338 2522 1397 2599 die
1421 2524 1576 2597 iacimus
1601 2523 1711 2597 talem
1742 2522 1894 2598 cantile-

726 2666 811 2718 nam
822 2668 833 2737 ;
845 2666 906 2717 rao
922 2646 1064 2735 quaudo
1075 2647 1101 2717 't
1114 2646 1310 2734 s’aaaotto,
1323 2642 1425 2735 idest,
1438 2643 1655 2717 adveniente
1673 2651 1789 2733 nocte,
1806 2664 1893 2715 coa-

724 2767 839 2837 tr‘orr'o
864 2785 953 2837 soon
967 2766 1160 2855 preademo
1174 2766 1213 2837 ia
1229 2766 1344 2855 quetta
1360 2782 1451 2851 oeae,
1469 2762 1572 2856 quasi
1590 2761 1701 2836 dicat:
1719 2762 1765 2837 de
1784 2768 1892 2837 nocte

724 2890 917 2957 cantamus
934 2882 1140 2957 cantionem
1160 2888 1260 2956 recte
1277 2882 1511 2956 contrariam.
1529 2882 1573 2953 Et
1597 2881 1655 2955 hic
1681 2888 1765 2955 nota
1793 2882 1891 2976 quod

724 3002 962 3076 contrarietas
980 3008 1051 3075 stat
1071 3002 1107 3075 in
1127 3001 1209 3094 hoc,
1226 3002 1325 3095 quod
1344 3000 1518 3075 nominati
1536 3000 1572 3073 in
1590 3001 1708 3097 prima
1725 3002 1895 3078 cantione

607 3116 608 3121 ‘
724 3121 857 3195 diurna
883 3122 1034 3195 suerunt
1063 3121 1271 3196 amicissimi
1296 3121 1520 3215 paupertatis
1552 3129 1589 3195 et
1618 3121 1818 3217 largitatis,
1845 3122 1908 3219 iilin

724 3262 814 3316 vero
840 3243 886 3316 de
912 3243 1051 3336 quibus·
1071 3241 1111 3315 tit
1136 3242 1273 3317 mentio
1299 3242 1335 3313 in
1360 3241 1530 3316 cantione
1547 3248 1727 3316 nocturna
1745 3242 1896 3317 iderunt

724 3364 830 3439 amici
865 3364 1028 3439 avaritias
1058 3369 1094 3437 et
1123 3362 1338 3457 cupiditatis.
1372 3364 1464 3436 Nota
1496 3362 1607 3437 etiarn
1639 3363 1739 3455 quod
1768 3362 1896 3436 laudes

725 3485 901 3581 largitatis
932 3488 1127 3558 cantantur
1157 3482 1194 3555 in
1223 3483 1293 3577 die,
1320 3483 1406 3577 quia
1437 3483 1586 3577 largitas
1617 3482 1701 3557 iacit
1728 3482 1896 3557 homines

726 3605 865 3696 claros3
891 3603 954 3677 sed
973 3602 1121 3676 infamia
1142 3602 1306 3677 avaritiae
1325 3610 1495 3679 cantatur
1513 3603 1549 3675 in
1568 3611 1687 3696 nocte,
1703 3603 1789 3698 quia
1806 3624 1897 3677 ava·

726 3726 806 3800 ritia
833 3724 918 3799 iacit
943 3722 1109 3797 homines
1134 3722 1321 3797 obscuros.
1335 3726 1477 3795 -Noi,
1504 3724 1569 3797 Hic
1587 3723 1694 3819 Hugo
1712 3723 1897 3817 percurrit

726 3844 886 3920 breviter
905 3844 1020 3917 multa
1038 3842 1259 3935 improperia
1276 3862 1489 3935 avarorum,
1507 3849 1545 3917 et
1562 3844 1681 3937 primo
1700 3842 1896 3918 avaritiam

727 3963 980 4061 Pygmalionis,
999 3961 1062 4055 qui
1083 3963 1197 4036 irater
1216 3960 1363 4035 Didonis
1380 3981 1475 4035 caeca
1494 3962 1691 4057 cupiditate
1711 3964 1795 4036 auri
1812 3984 1894 4037 ma-

726 4078 837 4159 ctavit
852 4072 888 4176 (³)
916 4083 1097 4157 Sichaeum
1130 4080 1314 4155 sororium
1341 4100 1466 4173 suum,
1492 4082 1771 4175 propterquod
1803 4081 1895 4156 Dido

725 4205 818 4301 sugit
842 4205 889 4279 de
913 4204 1020 4298 Tyro,
1047 4208 1083 4277 et
1109 4201 1209 4275 venit
1238 4201 1275 4274 in
1306 4200 1456 4296 Lybiam
1472 4190 1523 4295 (⁸),
1551 4208 1591 4275 ut
1616 4201 1759 4278 dicetur
1784 4204 1897 4276 Para-

725 4326 802 4419 disi,
829 4324 987 4418 capitulo
1012 4322 1072 4395 lx.
1099 4322 1193 4395 Dicit
1206 4312 1264 4413 (ἥς
1292 4324 1361 4393 Noi
1384 4325 1547 4413 ripctiam
1572 4325 1705 4413 altato,
1729 4322 1831 4415 idest,
1856 4322 1895 4395 in

726 4448 786 4521 iila
812 4445 902 4537 vice,
929 4442 1076 4535 quando
1103 4441 1143 4514 fit
1160 4462 1246 4534 nov,
1273 4446 1502 4533 Pipmottoae,
1519 4463 1688 4535 avarum,
1706 4445 1762 4515 ud
1778 4445 1814 4515 ta
1831 4464 1896 4515 oo-

724 4569 798 4657 ptta
814 4586 879 4637 sua
895 4565 1026 4653 piiotta
1043 4564 1121 4634 dett’
1136 4581 1216 4650 oro,
1235 4560 1337 4654 idest,
1355 4580 1466 4654 quem
1491 4563 1659 4635 voluntas
1679 4582 1746 4635 sua
1764 4562 1893 4655 cupida
1965 4560 1970 4568 '

724 4685 818 4779 auri,
851 4688 924 4779 seor
954 4685 1119 4771 traditor,
1156 4680 1361 4775 rumpendo
1394 4680 1581 4793 vinculum
1612 4680 1695 4755 fidei
1727 4681 1895 4755 strictum

789 4905 815 4967 (Ι)
832 4904 862 4955 E.
878 4906 910 4955 sd
926 4905 1064 4955 secundam
1081 4908 1183 4966 partem
1199 4904 1337 4965 petitionis,
1354 4918 1405 4966 qur
1422 4904 1556 4965 petiverat.
1675 4900 1703 4961 (²)
1719 4900 1750 4949 Ε.
1766 4899 1883 4949 iacimus.

787 4980 814 5043 (⁸)
831 4980 861 5031 E.
879 4981 1001 5031 mactavit
1016 4980 1166 5043 Pigmsleon
1182 4980 1292 5043 ipsemet
1299 4978 1430 5029 Stchoeum
1446 4985 1585 5043 cognatum
1601 4991 1678 5028 mum
1691 4977 1775 5027 viru·
1784 4976 1898 5034 Didonis,

727 5061 834 5121 propter
850 5056 927 5121 quod.
1115 5056 1143 5119 (¹)
1158 5058 1190 5107 E.
1206 5056 1316 5105 Lidiam.
1500 5056 1528 5117 (⁸)
1544 5054 1575 5105 Ε.
1593 5054 1662 5105 Dicit
1677 5066 1755 5117 ergo:
1771 5052 1799 5103 N
1813 5052 1820 5065 ‘
