4542 6842
721 942 792 1011 322
1087 957 1291 1013 couauruu
1316 960 1536 1014 roaolronu

719 1333 883 1401 CANTUS
906 1336 1098 1403 DECIMUS
1122 1336 1357 1418 SECUNDUS,
1380 1339 1417 1403 iu
1431 1358 1491 1419 patu
1506 1337 1635 1420 exponit
1648 1341 1730 1405 stem
1743 1341 1778 1405 in
1793 1342 1894 1409 medio

795 1449 921 1513 itineris
949 1450 1135 1515 inuenerunt
1162 1449 1264 1515 multa
1290 1448 1450 1532 seulpurliu
1480 1448 1555 1513 olim
1581 1449 1787 1531 superborum
1816 1474 1894 1535 quos

797 1578 902 1625 omues
923 1561 1074 1625 nominat.
1098 1560 1144 1626 Et
1160 1564 1196 1625 in
1209 1563 1274 1643 fine
1286 1562 1367 1627 sicut
1381 1560 1510 1645 quidum
1532 1560 1664 1645 angelus
1686 1562 1791 1629 deurit
1804 1565 1892 1645 ipsos

794 1672 864 1749 iter,
877 1676 907 1736 et
921 1673 1000 1737 sicut
1015 1672 1061 1737 ibt
1076 1673 1265 1739 audiverunt
1278 1693 1367 1739 uoces
1381 1673 1559 1756 aliquorum
1569 1674 1740 1755 spirituum
1751 1676 1890 1743 tandin.

792 1964 899 2129 Dr
919 2073 1007 2124 rnnr
1026 2072 1121 2125 come
1139 2052 1220 2124 buoi
1236 2054 1296 2124 clu
1312 2071 1430 2125 uunuo
1446 2073 1470 2124 u
1485 2055 1602 2143 piopo.
1629 2052 1826 2146 Postquam
1855 2053 1891 2129 iu

716 2172 894 2268 superiori
921 2174 1080 2267 capitulo
1106 2172 1274 2268 proxime
1298 2171 1516 2267 praeoedeuti
1540 2179 1647 2267 poeta
1673 2179 1797 2248 noster
1815 2179 1891 2248 tra-

715 2291 825 2366 ctavit
850 2297 887 2365 et
912 2292 1170 2367 determinavit
1194 2292 1240 2366 de
1272 2291 1492 2387 purgatione
1523 2292 1706 2386 superbire
1740 2293 1777 2366 in
1808 2314 1891 2388 spe·

714 2411 794 2485 ciali
812 2418 850 2486 et
867 2412 982 2485 inanis
999 2410 1138 2509 gloriae,
1156 2431 1241 2505 quae
1258 2416 1314 2486 est
1337 2410 1409 2485 lilia
1426 2411 1670 2507 primogenita
1688 2412 1889 2507 superbiae3

716 2554 814 2607 nunc
839 2538 1106 2628 consequenter
1132 2534 1169 2606 in
1194 2534 1262 2606 isto
1287 2532 1446 2627 capitulo
1464 2534 1527 2607 llll
1547 2534 1654 2607 docet
1680 2554 1746 2607 nos
1773 2533 1890 2607 vitare

716 2663 919 2753 utrumque
945 2657 1085 2731 vitium.
1112 2658 1157 2730 Et
1182 2678 1342 2753 praesens
1366 2658 1573 2751 capitulum
1590 2663 1707 2752 potest
1728 2658 1889 2733 breviter

716 2778 822 2853 dividi
848 2779 884 2851 in
913 2784 985 2853 tres
1003 2785 1124 2873 partes
1141 2780 1351 2875 generales:
1379 2778 1414 2852 in
1435 2778 1553 2872 prima
1571 2798 1732 2872 quarum
1752 2778 1889 2854 descri-

715 2899 766 2971 bit
792 2920 900 2972 suum
928 2905 1144 3001 apparatum
1172 2899 1217 2974 ad
1243 2904 1459 2993 sequentem
1486 2899 1692 2992 materiam,
1710 2905 1748 2974 et
1772 2901 1887 2996 tangit

715 3020 829 3116 ipsam
848 3020 1049 3105 ¹materiam
1077 3019 1328 3095 dicendorum.
1355 3020 1394 3091 ln
1421 3020 1581 3094 secunda
1599 3020 1782 3114 percurrit
1802 3021 1887 3095 bre-

715 3142 808 3215 viter
826 3140 941 3213 multa
965 3139 1203 3213 memoranda
1228 3141 1397 3234 exempla
1415 3140 1674 3234 superborum,
1692 3139 1886 3214 ostendens

713 3259 939 3334 miserabiles
965 3258 1117 3333 effectus
1132 3252 1168 3351 (¹)
1197 3258 1468 3354 superbiarum,
1495 3260 1563 3333 ibi:
1593 3259 1886 3334 rauracorum

712 3380 817 3453 tertia
843 3378 1013 3453 describit
1040 3400 1157 3453 unum
1183 3380 1358 3473 angelum
1384 3378 1448 3473 qui
1474 3379 1628 3454 mundat
1652 3367 1741 3454 eum
1758 3400 1781 3452 a
1799 3378 1886 3453 vitio

712 3500 903 3595 superbia,
923 3506 960 3575 et
981 3500 1103 3596 dirigit
1127 3498 1174 3573 ad
1199 3500 1402 3574 secundum
1428 3499 1622 3592 circulum,
1640 3499 1770 3593 inquo
1795 3520 1886 3594 pur·

710 3626 820 3717 gatur
846 3620 990 3714 invidia,
1017 3621 1084 3695 ibi:
1103 3616 1170 3694 Pul
1194 3618 1266 3694 eru
1280 3610 1352 3711 qut
1374 3619 1606 3715 ltprimum
1626 3619 1883 3714 veniensdico,

711 3741 809 3833 quod
835 3747 940 3835 poeta
967 3740 1087 3835 primo
1102 3740 1275 3815 describit
1291 3747 1509 3835 apparatum
1531 3760 1641 3813 suum
1660 3739 1706 3812 ad
1724 3759 1885 3833 sequeu-

710 3866 785 3935 tem
813 3860 1005 3934 materiam
1032 3881 1146 3955 quam
1173 3860 1363 3956 proponit3
1390 3859 1453 3934 sed
1479 3860 1664 3954 praemittit
1692 3844 1884 3935 mationa-

711 3980 845 4056 tionem
872 3980 1054 4054 dictorum
1079 3981 1125 4055 ad
1151 3981 1304 4056 dicenda
1320 4002 1387 4076 per
1404 4001 1517 4054 unam
1539 3980 1703 4075 pulcram
1731 4000 1882 4074 compa-

711 4100 888 4176 rationem
924 4106 961 4175 et
994 4102 1146 4195 claram,
1181 4100 1327 4175 dicens:
1363 4104 1404 4173 lo
1436 4104 1481 4173 m'
1495 4103 1639 4173 andana
1672 4120 1739 4173 con
1770 4103 1882 4191 quella

709 4225 830 4294 urrimu
855 4242 977 4312 curru,
1004 4221 1106 4315 idest,
1123 4219 1289 4295 Odorisio
1314 4225 1469 4295 onerato
1494 4219 1656 4314 pondere
1670 4210 1708 4311 (¹)
1729 4219 1820 4314 saxi,
1846 4223 1884 4294 di

702 4343 803 4433 puri,
830 4340 931 4435 idest,
950 4341 1086 4435 pariter
1112 4346 1149 4415 et
1174 4339 1379 4433 aqualiter,
1404 4360 1501 4413 corne
1524 4339 1604 4412 buoi
1628 4342 1687 4411 cte
1712 4360 1831 4412 vanno
1856 4362 1880 4413 a

705 4466 833 4557 popm·
860 4467 897 4536 et
922 4468 976 4537 est
1001 4461 1411 4557 propriaeomparati03
1434 4460 1644 4534 sicutenim
1669 4466 1799 4533 taurus
1816 4482 1881 4533 su-

705 4584 841 4679 perbus
866 4583 1013 4678 ponitur
1039 4581 1264 4677 subjugum
1295 4586 1335 4654 ut
1365 4580 1537 4655 dometur
1568 4587 1606 4655 et
1638 4580 1702 4655 dat
1735 4581 1880 4655 bumilis

705 4711 742 4779 et
768 4710 992 4798 mansuetus,
1019 4704 1068 4778 ita
1094 4703 1191 4798 quod
1218 4702 1322 4777 discit
1346 4722 1420 4776 non
1447 4702 1556 4777 ierire
1580 4702 1736 4797 amplius
1762 4724 1878 4777 cornu

704 4827 763 4900 vel
789 4825 896 4921 pede3
923 4824 971 4899 ita
999 4844 1097 4900 nranc
1121 4822 1306 4897 Odorisius
1331 4823 1514 4917 superbus
1539 4822 1678 4918 positus
1702 4830 1783 4899 erat
1808 4822 1878 4897 sub

768 5089 795 5151 (¹)
812 5092 865 5145 117,
882 5086 990 5139 effectus
1005 5088 1186 5152 superborum.
1377 5085 1405 5152 (²)
1423 5088 1453 5137 Ε.
1470 5088 1584 5151 pondere
1599 5088 1726 5152 superbire
1742 5089 1804 5138 saxi.
