4542 6842
807 991 945 1048 caurus
970 991 1164 1048 sucunuus.
1523 983 1569 1048 tt

397 1159 481 1233 que
507 1144 563 1213 est
587 1145 687 1212 terra
712 1137 918 1232 voluptatis,
936 1159 1064 1232 passus
1085 1138 1201 1211 multa
1223 1139 1378 1214 etruria
1404 1140 1568 1234 pericula

397 1259 554 1334 venisset
584 1258 631 1333 ad
663 1265 897 1352 conspectum
928 1258 1160 1352 Italiaeque
1191 1258 1339 1353 ponitur
1369 1281 1436 1354 pro
1467 1265 1568 1335 terra

395 1379 551 1473 virtutis,
576 1379 774 1474 apparebat
791 1369 827 1472 (¹)
855 1399 1009 1474 aurora3
1029 1379 1128 1454 unde
1149 1379 1235 1453 dicit
1252 1380 1361 1455 tertio
1387 1381 1564 1456 Eneidos:

396 1503 543 1591 lemque
566 1499 768 1572 marcebat
789 1501 894 1572 stcld's
918 1519 1056 1570 eurora
1077 1501 1222 1592 manns,
1250 1503 1334 1571 Cum
1354 1505 1483 1592 procrd
1505 1503 1569 1574 ob-

396 1641 519 1694 scuros
543 1623 646 1693 colles
678 1621 885 1712 annalesque
914 1621 1066 1692 officinas
1092 1622 1243 1693 ltaliam.
1267 1623 1407 1693 ltaliam
1428 1625 1570 1714 prinmo

398 1744 595 1814 mrwlnnrot
617 1743 776 1831 Aetates,
803 1741 943 1812 ltaliam
967 1742 1046 1812 lecto
1061 1741 1149 1811 socii
1163 1740 1318 1812 clamore
1333 1743 1497 1814 salawnt.
1515 1741 1569 1815 lta

259 1929 261 1934 ,
399 1881 498 1936 nunc
522 1867 630 1957 poeta
651 1862 785 1936 Dantes
806 1860 956 1935 veniens
972 1859 1019 1933 de
1035 1866 1136 1933 terra
1158 1858 1330 1933 vitiorum
1356 1860 1402 1934 ad
1429 1866 1568 1935 terram

399 1980 543 2055 virtutis
568 2001 655 2055 cum
680 1979 752 2054 fido
770 1979 868 2054 socio
889 1978 1049 2075 Virgilio,
1075 1979 1308 2054 illucescente
1330 2001 1467 2055 aurora
1485 2002 1571 2075 qnae

397 2106 454 2176 est
483 2101 625 2174 initium
656 2100 739 2194 diei,
768 2101 911 2173 laetatus
940 2105 996 2174 est
1020 2099 1147 2174 videns
1176 2105 1340 2176 montem
1365 2101 1569 2203 purgatorii

398 2227 435 2297 et
455 2221 637 2296 bumilem
664 2220 849 2316 planitiem
875 2239 960 2315 quae
985 2219 1188 2294 circumdat
1213 2240 1312 2295 eum.

472 2345 541 2416 Not
564 2361 721 2415 nonant.
747 2341 817 2414 Ista
844 2346 899 2415 est
923 2341 1082 2414 secunda
1109 2361 1193 2436 pars
1224 2342 1405 2437 generalis
1431 2342 1468 2414 in
1494 2364 1569 2439 qua

397 2468 516 2558 poeta,
534 2461 722 2558 praemissa
741 2460 982 2556 descriptione
1008 2461 1182 2555 temporis
1207 2466 1244 2535 et
1274 2461 1356 2556 loci,
1382 2483 1480 2536 nunc
1505 2463 1571 2536 de-

398 2583 522 2658 scribb
544 2603 660 2656 unum
674 2581 855 2678 Angelum
874 2579 937 2675 qui
955 2601 1002 2656 ex
1021 2581 1143 2655 officio
1163 2602 1232 2655 suo
1254 2582 1362 2656 babet
1379 2589 1569 2678 transpor-

399 2709 480 2777 tare
510 2702 651 2777 animas
676 2702 722 2776 ad
753 2701 1029 2797 purgatorium,
1055 2707 1093 2775 et
1123 2701 1210 2794 quia
1239 2700 1345 2775 litera
1377 2708 1432 2775 est
1463 2703 1571 2777 ratde

398 2821 552 2896 difficilis
578 2832 615 2897 et
644 2821 821 2896 sententia
851 2819 1059 2894 abscondita
1074 2812 1124 2913 (²),
1152 2822 1236 2894 roto
1268 2825 1305 2894 te
1337 2820 1442 2914 scire,
1469 2822 1568 2915 quod

399 2947 506 3037 poeta
532 2940 793 3016 sententialiter
824 2941 904 3014 vult
934 2939 1055 3014 dicere
1085 2939 1182 3034 quod
1214 2960 1299 3015 cum
1333 2941 1503 3037 Virgilius
1533 2949 1570 3016 et

398 3063 476 3158 ipse
501 3067 640 3136 starent
664 3061 785 3135 adbuc
810 3059 847 3133 in
873 3060 980 3134 litore
1005 3059 1117 3134 maris
1146 3059 1348 3155 cogitantes
1377 3061 1570 3136 circuitor

398 3183 596 3280 agendum,
614 3182 701 3256 vidit
726 3181 846 3255 subito
864 3181 991 3256 venire
1007 3201 1074 3276 per
1092 3200 1197 3255 mare
1214 3202 1331 3254 unum
1352 3182 1479 3257 lumen
1496 3184 1571 3257 tul-

397 3302 664 3399 gentissimum,
690 3301 986 3376 ardentissimum
1012 3300 1236 3375 admodum
1266 3302 1422 3396 planetae
1447 3304 1570 3378 Martis

398 3442 483 3496 cum
502 3421 696 3496 velocitate
713 3420 886 3514 mirabili;
905 3419 1004 3514 quod
1021 3420 1169 3514 quidem
1188 3421 1313 3495 lumen
1332 3429 1470 3515 quanto
1488 3443 1571 3497 ma-

324 3609 326 3614 .
396 3541 452 3638 gis
477 3540 802 3636 appropinquabat,
821 3545 922 3614 tanto
949 3540 1065 3636 magis
1083 3539 1336 3615 invalescebat.
1357 3541 1422 3615 ilie
1442 3548 1568 3616 autem

397 3666 479 3736 erat
495 3660 644 3754 quidam
659 3661 829 3756 angelus,
844 3660 906 3753 qui
921 3680 1006 3734 cum
1022 3659 1190 3733 navicula
1204 3660 1386 3733 levissima
1401 3661 1570 3755 portabat

397 3781 539 3856 animas
552 3781 829 3877 purgandorum
843 3780 889 3854 ad
903 3780 998 3853 istud
1012 3780 1106 3853 litus,
1118 3780 1172 3853 nd
1185 3779 1329 3854 literam
1344 3799 1451 3876 ergo:
1462 3787 1570 3875 poeta

399 3901 519 3996 primo
544 3899 715 3976 describit
740 3899 1008 3995 dispositionem
1038 3900 1202 3995 ipsorum
1233 3899 1393 3973 duorum
1423 3899 1568 4002 dieensq

400 4024 469 4094 Not
492 4040 639 4093 novant
665 4022 847 4111 lungdcsso
879 4023 907 4093 tt
934 4040 1034 4092 marc
1064 4039 1213 4111 ancora,
1243 4017 1334 4093 idest
1362 4040 1429 4094 nos
1458 4021 1569 4094 ambo
1622 4077 1625 4086 .

398 4146 517 4236 poetae
542 4141 663 4214 adbuc
688 4159 838 4214 eramus
863 4159 977 4235 prope
1003 4159 1106 4214 mare
1131 4139 1169 4212 in
1194 4138 1300 4212 litore
1325 4138 1424 4213 unde
1448 4140 1570 4215 tuerat

399 4261 551 4334 avulsus
576 4261 736 4355 juncus,
763 4268 800 4336 et
829 4237 916 4334 ecce
941 4259 1127 4353 quomodo
1160 4259 1315 4352 stabant,
1344 4279 1442 4331 come
1471 4267 1571 4352 pente

399 4383 460 4454 clte
472 4402 584 4474 perrea
596 4402 620 4453 n
632 4401 696 4455 suo
713 4385 900 4472 curamine,
918 4380 1020 4474 idest,
1038 4380 1133 4454 sicut
1150 4378 1333 4475 peregrini
1352 4379 1415 4473 qni
1431 4380 1571 4453 radunt

399 4521 467 4596 pro
493 4501 729 4597 indulgentia,
754 4501 806 4574 sic
831 4499 941 4575 modo
970 4500 1027 4573 isti
1057 4499 1169 4592 ibant,
1194 4500 1257 4592 qui
1287 4499 1416 4574 timent
1441 4519 1570 4574 errare

363 4643 364 4646 ‘
399 4621 436 4694 in
455 4620 525 4715 via,
546 4620 695 4714 quando
719 4620 839 4714 primo
865 4626 951 4693 sunt
975 4619 1144 4694 intraturi
1165 4624 1317 4692 stratam
1342 4625 1493 4712 rectam,
1511 4622 1571 4692 clre

400 4763 446 4815 vn
470 4744 526 4814 ool
549 4761 643 4832 core,
669 4740 773 4836 idest,
798 4761 883 4815 cum
910 4739 1045 4833 animo,
1071 4762 1090 4814 e
1119 4742 1176 4812 col
1204 4759 1313 4832 corpo
1343 4741 1497 4831 dimnrn,
1524 4759 1572 4814 ne

401 4861 605 4936 inoonsulte
630 4866 801 4935 moveat:
828 4850 916 4952 et(³)
943 4859 1087 4934 interim
1116 4858 1286 4935 viderunt
1311 4859 1490 4956 Angelum
1512 4860 1572 4932 ln-

464 5124 493 5188 ς’)
509 5125 539 5176 Ε.
556 5128 752 5191 approperobnt.
876 5125 903 5190 (⁸)
920 5125 952 5176 Ε.
968 5125 1098 5176 absconsa.
1222 5123 1249 5187 (¹)
1264 5123 1290 5174 S.
1306 5124 1452 5174 etiterum.
