4542 6842
856 961 994 1020 CANTUS
1018 964 1161 1020 ruimus.
1549 956 1596 1025 23

422 1108 601 1182 luntatem
628 1105 817 1202 nobilium,
836 1109 900 1204 qui
921 1111 1020 1184 bunc
1042 1110 1165 1184 virum
1183 1110 1338 1186 oderant
1354 1117 1391 1186 et
1408 1112 1598 1208 timebant,

421 1227 540 1302 lactus
565 1246 697 1301 censor
722 1247 806 1301 cum
834 1228 872 1302 b
901 1229 1045 1304 Valerio
1069 1231 1200 1306 Flacco
1230 1250 1341 1324 quem
1376 1232 1452 1327 ipse
1483 1233 1598 1308 voluit

421 1350 599 1445 collegam
630 1348 706 1444 egit
738 1349 1008 1425 severissimam
1041 1371 1251 1445 censuram,
1284 1353 1420 1425 multos
1453 1360 1598 1429 notatos

422 1470 570 1546 inlamia
595 1470 735 1564 expulit
760 1470 807 1545 de
828 1470 977 1565 Senatu,
996 1473 1181 1567 praecipue
1205 1472 1242 1544 b
1262 1473 1438 1560 Quintum
1460 1475 1597 1548 Flami-

422 1591 525 1664 nium
550 1589 705 1665 fratrem
722 1590 789 1663 'liti
807 1590 973 1666 Flaminii
996 1592 1120 1688 magni
1141 1591 1256 1685 ducis,
1274 1592 1338 1685 qui
1357 1592 1495 1668 vicerat
1512 1593 1597 1667 Phi-

422 1711 559 1809 lippum
587 1731 715 1806 regem
742 1712 973 1804 Macedoniae,
992 1712 1077 1806 quia
1096 1713 1157 1786 ille
1176 1712 1312 1787 Lucius
1329 1713 1523 1788 Placentia
1540 1713 1596 1788 ie-

422 1838 524 1910 cerat
557 1830 753 1926 decapitari
788 1831 975 1906 huminem
1012 1831 1048 1905 in
1080 1832 1249 1906 convivio
1285 1832 1455 1926 quamvis
1488 1852 1594 1907 rcum

423 1952 550 2026 mortis
566 1951 612 2026 ad
630 1951 838 2026 instantiam
858 1951 966 2024 unius
983 1972 1060 2026 suae
1078 1952 1335 2047 meretriculae,
1351 1973 1435 2047 quae
1452 1951 1597 2026 dicebat

423 2093 626 2166 numquam
663 2070 793 2146 vidisse
821 2071 1007 2146 bominem
1039 2070 1230 2166 decollari,
1261 2093 1386 2146 mores
1419 2092 1533 2146 novos
1558 2078 1596 2147 et

422 2199 613 2288 corruptos
638 2191 833 2287 extirpavit
858 2198 895 2266 et
919 2193 1090 2286 antiquos
1116 2193 1348 2268 rclormavit:
1376 2200 1413 2268 et
1437 2202 1479 2268 ut
1505 2215 1597 2270 cou-

420 2313 565 2388 cludam
592 2312 675 2406 cito,
702 2312 782 2386 talis
807 2312 875 2389 luit
900 2312 968 2386 ista
997 2333 1167 2406 censura,
1194 2313 1404 2406 quodcum
1432 2314 1533 2410 prius
1559 2321 1596 2390 el

420 2438 546 2528 postea
572 2431 678 2505 multi
707 2430 842 2505 luerint
873 2452 1044 2507 censores
1078 2432 1146 2504 viri
1181 2432 1350 2528 illustres,
1376 2432 1466 2508 Cato
1496 2435 1595 2508 solus

421 2552 558 2628 meruit
581 2571 787 2648 cognomen
812 2553 985 2645 censoris,
1012 2557 1048 2625 et
1079 2559 1231 2627 vocatus
1260 2561 1314 2628 est
1339 2554 1429 2627 Cato
1455 2554 1593 2629 Censo-

421 2675 498 2748 rius
512 2666 560 2767 (¹).
587 2673 641 2748 De
666 2673 804 2748 Catone
828 2673 1019 2767 superiore
1036 2673 1122 2748 satis
1141 2673 1280 2746 dictum
1302 2679 1376 2747 est:
1403 2673 1449 2747 de
1475 2684 1596 2768 poste·

422 2795 520 2868 riore
552 2792 646 2868 dicta
685 2799 771 2866 suut
806 2792 984 2866 mirabilia
1016 2793 1151 2867 lulerni
1188 2791 1348 2887 capitulo
1382 2794 1485 2866 Xllll.
1529 2794 1595 2868 llic

422 2915 523 2990 euim
545 2913 635 2988 Cato
661 2913 788 2987 babuit
814 2933 948 3006 corpus
973 2912 1195 3009 inlatigabile
1219 2919 1257 2985 et
1282 2914 1449 2986 animum
1475 2914 1595 2988 inviu-

420 3034 578 3129 cibilem,
596 3035 659 3128 qui
685 3033 827 3108 sortiter
852 3039 888 3108 et
906 3033 1084 3128 patienter
1102 3033 1261 3128 portavit
1277 3033 1314 3106 in
1331 3054 1444 3108 arena
1464 3034 1596 3108 Africae

420 3155 543 3229 omnia
578 3153 818 3228 intolerabilia
848 3152 1092 3247 incommoda,
1118 3154 1293 3248 pericula,
1324 3153 1469 3246 damna,
1500 3155 1596 3228 sicut

420 3273 630 3349 violentiam
669 3274 768 3347 venti
806 3272 977 3368 austrini,
1017 3292 1210 3348 excessum
1248 3273 1396 3366 caloriS,
1433 3273 1592 3368 inopiam

417 3414 616 3488 aquarum,
634 3413 800 3467 errorem
815 3392 974 3488 viarum,
989 3393 1147 3467 multum
1167 3393 1298 3468 timeus
1317 3393 1489 3467 omuibus
1506 3393 1593 3488 suis,

418 3514 484 3594 sibi
514 3534 604 3588 vcro
637 3511 735 3585 nibil.
762 3511 834 3588 Sed
865 3513 989 3588 omnia
1021 3514 1099 3588 baec
1135 3513 1230 3588 mala
1262 3519 1369 3587 eraut
1398 3512 1592 3588 levissima

416 3635 485 3708 uisi
518 3633 714 3709 invenisset
743 3632 887 3708 diversa
918 3653 1055 3730 genera
1087 3639 1298 3728 serpentum
1333 3634 1592 3728 pestilentium,

419 3756 659 3852 iulligeutium
687 3755 788 3829 varia
813 3774 951 3850 genera
978 3753 1155 3828 mortium
1181 3753 1355 3847 inaudita,
1375 3753 1470 3827 sicut
1485 3754 1593 3849 plene

418 3876 593 3971 scriptum
621 3886 677 3952 est
700 3874 834 3950 lulerni
867 3875 1026 3970 capitulo
1052 3875 1180 3948 XXllll
1204 3881 1241 3948 et
1267 3874 1377 3969 XXV,
1405 3881 1593 3950 ettamen

384 3991 385 3996 ‘
418 3997 514 4072 iuter
541 4001 593 4071 tot
617 4001 737 4090 pestes
763 4000 800 4069 et
825 4001 964 4070 mortes
993 4015 1149 4068 suorum
1181 4014 1386 4088 numquam
1417 3994 1475 4068 bic
1503 3994 1593 4068 Cato

421 4118 520 4194 visus
543 4122 599 4193 est
624 4116 763 4192 lractus
783 4121 848 4189 aut
871 4114 1077 4212 negligens,
1099 4115 1174 4188 imo
1193 4115 1310 4188 virtus
1326 4114 1472 4188 Catonis
1492 4114 1594 4187 simi-

417 4240 462 4316 lis
480 4245 559 4316 erat
585 4236 711 4312 virtuti
737 4235 921 4310 nutritivae
947 4256 1030 4330 quae
1055 4256 1261 4330 numquam
1282 4235 1445 4329 quiescit,
1464 4226 1590 4327 imo(²)

418 4360 560 4437 caeteris
573 4357 845 4454 quiescentibus
870 4357 947 4452 ipsa
974 4355 1109 4452 vigilat,
1136 4363 1174 4431 et
1196 4355 1313 4452 magis
1329 4356 1472 4429 laborat
1491 4354 1593 4451 dige-

417 4481 534 4559 rendo
560 4480 685 4556 cibum
711 4484 748 4554 et
773 4475 1012 4551 ministrando
1037 4474 1210 4550 omuibus
1234 4475 1412 4549 membris
1436 4475 1593 4549 alimen·

417 4609 510 4676 tum.
544 4602 628 4676 ldeo
660 4600 750 4674 Cato
782 4597 850 4670 iste
880 4595 1374 4689 merentiustriumpbasset
1403 4594 1450 4669 de
1478 4614 1591 4669 arena

417 4722 559 4816 Airicae,
585 4741 698 4815 quam
725 4719 819 4793 alter
845 4716 934 4790 Cato
960 4735 1027 4810 pro
1052 4713 1221 4809 Hispania
1248 4714 1453 4811 subiugata.
1480 4715 1590 4790 Multa

418 4843 573 4939 sparsim
599 4839 732 4935 scripta
757 4844 843 4912 sunt
859 4835 966 4938 apud
988 4835 1153 4912 diversos
1178 4841 1327 4910 autores
1352 4834 1398 4909 de
1423 4835 1593 4908 laudibus

483 5092 509 5154 (¹)
526 5091 556 5141 li.
573 5091 735 5160 Cemorlnus.
969 5085 996 5151 (¹)
1013 5089 1043 5139 Ε.
1061 5089 1104 5139 sod
1121 5088 1230 5139 ceteris.
