4542 6842
710 950 779 1017 1⁸1⁰
1065 960 1271 1015 uounnrmr
1296 959 1514 1016 rununmnu

706 1108 852 1183 barum.
878 1108 922 1181 Et
947 1107 1016 1181 hoc
1041 1111 1096 1179 est
1121 1104 1221 1200 quod
1244 1103 1328 1179 dicit
1342 1096 1380 1197 ζ’)
1409 1124 1506 1178 nunc
1531 1110 1640 1199 poeta
1669 1103 1715 1179 de
1744 1104 1878 1179 Beuin·

702 1246 812 1321 ousa3
838 1228 899 1300 cde
922 1229 972 1300 du
997 1228 1029 1299 le
1052 1226 1196 1298 maccio
1217 1226 1302 1317 fiere
1328 1227 1366 1298 dt
1400 1226 1489 1297 etin
1521 1226 1559 1297 di
1593 1230 1705 1299 Taceo
1730 1225 1810 1297 etue
1837 1227 1878 1297 tu

703 1353 824 1420 morte.
850 1347 895 1419 Et
919 1352 1005 1420 nota
1019 1335 1057 1438 (¹)
1083 1344 1183 1439 quod
1212 1350 1249 1419 et
1279 1343 1354 1439 ipse
1386 1342 1526 1418 Gninus
1557 1344 1686 1418 habuit
1717 1350 1875 1419 mortem

704 1466 904 1543 violentam
929 1467 978 1541 ab
1010 1465 1094 1541 alio.
1126 1467 1219 1539 Nam
1249 1486 1340 1561 papa
1368 1464 1574 1540 Bouiluoius
1604 1465 1875 1562 magnanimus,

703 1587 827 1663 audita
854 1594 986 1661 natura
1013 1584 1170 1660 mirabili
1196 1585 1298 1660 istius
1327 1584 1495 1679 hominis,
1523 1587 1641 1661 relatu
1675 1594 1712 1661 et
1743 1592 1873 1682 rogatu

704 1708 843 1805 praelati
863 1706 1005 1783 abbatis
1022 1705 1269 1781 Cluniaeensis
1285 1706 1383 1780 misit
1400 1727 1468 1802 pro
1486 1726 1532 1781 eo
1549 1718 1587 1783 et
1603 1705 1737 1801 petivit,
1756 1725 1876 1800 quare

703 1834 779 1902 tam
806 1828 936 1902 nobilis
959 1826 1105 1901 animus
1130 1826 1182 1900 sic
1210 1846 1251 1901 sa
1282 1826 1535 1901 inlronestabat
1566 1837 1647 1904 arte
1678 1825 1873 1921 praedandi.

703 1949 771 2024 Cui
795 1948 935 2025 Ghinus
960 1946 1145 2043 respondit
1159 1937 1208 2041 (⁸),
1234 1946 1333 2040 quod
1359 1946 1556 2022 exercebat
1578 1946 1707 2021 uitium
1727 1946 1874 2040 rapine,

703 2075 746 2143 ut
762 2078 883 2164 posset
909 2069 962 2143 uti
981 2069 1118 2142 uirtute
1135 2066 1369 2141 liberalitatis.
1388 2067 1490 2142 Tunc
1511 2065 1716 2141 Bonilaoius
1737 2065 1873 2159 videus,

702 2190 802 2285 quod
828 2189 922 2263 istud
954 2196 1035 2263 erat
1066 2188 1196 2262 vitium
1227 2186 1395 2281 fortunae,
1422 2208 1494 2261 non
1526 2186 1649 2279 animi,
1676 2186 1760 2263 lecit
1786 2207 1873 2262 eum

702 2308 854 2383 militem
880 2309 1002 2383 Sancti
1022 2308 1206 2400 iohannis,
1224 2312 1262 2382 et
1278 2307 1375 2381 dedit
1392 2306 1426 2381 ei
1444 2327 1621 2403 magnum
1640 2306 1874 2403 beneficium,

701 2449 777 2524 quo
802 2436 924 2524 posset
938 2418 973 2522 θ)
1001 2430 1154 2503 honeste
1180 2428 1302 2503 lacere
1328 2426 1625 2523 magnificentias.
1657 2428 1778 2503 Semel
1804 2450 1874 2503 au·

702 2556 777 2623 tem
803 2556 903 2623 stans
927 2548 1025 2645 apud
1050 2548 1199 2623 Asinam
1225 2550 1387 2645 Longam
1420 2547 1456 2619 in
1488 2546 1664 2621 comitatu
1691 2547 1871 2622 Senarum

701 2670 861 2764 inermis,
887 2669 1037 2745 invasus
1060 2692 1083 2745 a
1110 2669 1235 2742 multis
1260 2668 1423 2761 armatis,
1441 2667 1604 2762 probiter
1628 2688 1797 2765 pugnans
1817 2668 1873 2741 in-

701 2791 877 2866 teriectus
901 2798 966 2865 est.
997 2791 1050 2864 lle
1080 2810 1155 2884 quo
1180 2788 1302 2863 audivi
1335 2786 1421 2862 illud
1455 2787 1632 2881 mirabile,
1660 2787 1757 2882 quud
1784 2786 1874 2861 suri-

702 2917 804 3006 ptum
832 2918 888 2986 est
911 2910 958 2985 de
982 2910 1139 3003 Caesare,
1169 2907 1316 2999 scilicet,
1343 2906 1442 3000 quod
1476 2926 1605 2981 omnes
1636 2920 1874 3003 percussores

701 3030 782 3105 eius
807 3030 843 3103 in
869 3030 973 3105 brevi
1004 3031 1099 3104 mala
1134 3036 1255 3103 morte
1285 3028 1467 3102 obierunt.
1500 3027 1586 3102 ldeo
1614 3028 1709 3106 sorte
1737 3029 1872 3103 Dantes

701 3151 866 3225 nominat
890 3171 978 3225 eum
999 3150 1069 3243 llio,
1088 3158 1129 3223 ut
1145 3158 1257 3245 ponat
1282 3170 1369 3223 eum
1394 3150 1549 3223 salvum.
1569 3150 1621 3224 lle
1638 3149 1786 3223 homine
1803 3150 1872 3223 isto

699 3273 804 3367 plura
835 3290 908 3345 non
941 3270 1033 3364 dico,
1064 3271 1111 3344 de
1141 3291 1216 3366 quo
1247 3275 1369 3365 posset
1399 3268 1477 3344 lieri
1510 3270 1699 3366 tragoedia.
1734 3268 1871 3345 Deinde

698 3398 806 3488 poeta
830 3390 929 3465 addit
953 3390 1067 3465 alium
1093 3390 1289 3465 aretinum.
1316 3390 1360 3463 nt
1384 3390 1432 3463 ad
1457 3390 1658 3484 sciendum,
1681 3390 1762 3485 quis
1789 3390 1870 3466 lue·

700 3511 747 3584 rit
772 3510 839 3586 iste
863 3510 1121 3605 innominatus,
1147 3510 1259 3585 debes
1284 3511 1389 3605 scire,
1407 3511 1506 3605 quod
1532 3512 1568 3585 in
1594 3511 1740 3586 civitate
1757 3512 1868 3586 dretii

697 3652 744 3708 er
771 3631 950 3707 nobilibus
975 3632 1021 3707 de
1045 3634 1153 3707 Petra
1171 3630 1262 3706 llala
1289 3631 1355 3705 luit
1383 3652 1479 3705 unus
1502 3632 1673 3706 dominus
1699 3634 1868 3707 Tarlatus

696 3752 881 3847 antiquus,
911 3752 975 3847 qui
1002 3753 1131 3849 genuit
1158 3752 1340 3848 Angelum
1371 3750 1680 3848 primogenitum3
1714 3772 1760 3827 ex
1792 3774 1868 3846 quo

699 3879 807 3946 natus
840 3879 894 3947 est
926 3872 1044 3947 Guido
1073 3872 1264 3968 episeopus
1296 3872 1470 3965 aretinus,
1505 3871 1668 3945 lamosus
1697 3872 1868 3945 dominus

697 3992 822 4084 dretii,
848 3991 903 4065 vir
930 3991 1187 4088 magnanimus
1213 3999 1250 4065 et
1277 3990 1503 4087 magnificus
1527 3990 1612 4065 nihil
1638 3991 1775 4065 habens
1793 3993 1869 4066 ele-

699 4111 820 4207 ricale,
847 4111 910 4208 qui
936 4112 1102 4187 dretium
1128 4110 1284 4206 patriam
1311 4132 1417 4185 suam
1445 4112 1588 4206 magnis
1607 4111 1808 4185 honoribus
1832 4117 1870 4185 et

699 4232 823 4307 multis
847 4231 1051 4306 commodis
1075 4230 1272 4305 decoravit.
1300 4230 1353 4303 Ex
1378 4230 1475 4333 dioto
1501 4230 1647 4304 Tarlato
1672 4238 1780 4305 natus
1814 4237 1869 4307 est

696 4354 789 4427 alius
814 4352 909 4426 lilius
934 4352 1082 4426 nomine
1107 4351 1233 4425 Zutius
1258 4356 1414 4446 patruus
1429 4349 1513 4425 dicti
1536 4350 1704 4446 episcopi,
1718 4351 1866 4446 juvenis

696 4481 871 4547 strenuus
898 4492 1102 4547 armorum.
1133 4472 1211 4565 llic,
1244 4490 1330 4545 cum
1364 4470 1496 4545 Tarlati
1526 4478 1699 4567 gererent
1730 4472 1867 4547 bellum

674 4593 781 4669 ‘cum
811 4592 963 4667 Bostolis
996 4591 1176 4665 nobilibus
1207 4590 1253 4665 de
1282 4590 1418 4684 dretio,
1454 4591 1516 4684 qui
1551 4592 1679 4666 exules
1714 4590 1867 4687 recipie-

758 4845 785 4907 (¹)
804 4851 857 4905 ill,
874 4846 936 4895 dicit
952 4850 1028 4909 poeta
1045 4844 1077 4895 do
1093 4845 1143 4895 isto
1159 4844 1308 4894 Beuiuema.

758 4921 786 4985 Γ)
802 4924 828 4974 S.
844 4934 859 4971 e
876 4922 906 4972 lt.
922 4928 983 4973 uota
999 4922 1078 4972 etium
1094 4920 1165 4985 quod
1181 4921 1235 4983 ipss
1251 4920 1356 4971 Ghlnus.

759 4999 786 5061 (¹)
802 4999 833 5049 E.
849 4998 981 5061 respondlt
995 5012 1067 5062 papo
1082 4996 1225 5058 minoio,
1237 4996 1307 5061 quod
1323 4997 1460 5048 exercebat
1476 5004 1560 5049 artem
1576 4998 1673 5063 rapine
1689 5002 1728 5047 ut.

762 5075 790 5139 (⁸)
805 5076 836 5125 lt.
852 5089 905 5139 quo
921 5081 1007 5139 posset
1022 5075 1117 5126 lacere.
