4542 6842
709 972 759 1041 86
1070 979 1275 1035 couunruu
1299 970 1519 1035 ruuolrunu

710 1128 814 1221 mma,
846 1147 921 1201 nou
951 1125 1047 1199 dicta
1079 1124 1127 1198 ab
1158 1124 1259 1199 Euea
1290 1122 1384 1197 sicut
1414 1120 1499 1197 dicit
1530 1121 1676 1216 vulgus
1708 1118 1784 1193 imo
1816 1138 1882 1215 po·

710 1250 783 1323 tius
806 1250 855 1323 ab
880 1246 1045 1321 hostibus
1071 1244 1312 1339 troianorum,
1338 1243 1518 1319 sciliceta
1543 1240 1683 1339 graecis.
1705 1240 1767 1315 Est
1783 1239 1880 1315 euim

707 1388 831 1465 graeca
856 1367 996 1460 civitas,
1021 1385 1105 1460 quae
1130 1364 1218 1438 olim
1243 1371 1373 1440 vocata
1386 1358 1425 1456 (¹)
1443 1368 1498 1437 est
1515 1362 1782 1455 parthenopea
1807 1360 1883 1433 rir-

708 1489 795 1585 gine
819 1486 1028 1580 conditrice,
1054 1485 1181 1560 civitas
1209 1485 1297 1561 olirn
1326 1484 1456 1559 dilecta
1483 1472 1642 1579 Virgilio,
1669 1482 1775 1557 cuius
1806 1480 1883 1575 ipse

709 1607 877 1683 meminit
901 1607 938 1681 iu
963 1606 1037 1680 line
1061 1605 1142 1679 iibri
1167 1604 1446 1700 Georgicorum,
1472 1602 1536 1677 ubi
1565 1602 1673 1677 dicit:
1707 1606 1772 1675 llio
1806 1605 1881 1675 Virvi

708 1732 828 1821 pilium
854 1749 909 1801 mc
931 1734 1085 1819 ternpore
1107 1728 1217 1799 duleis
1239 1716 1276 1817 (²)
1301 1726 1429 1815 olebat,
1459 1725 1689 1817 Purtbcnope.
1720 1722 1774 1795 Ab
1807 1744 1880 1797 una

710 1856 815 1945 parte
839 1848 1007 1943 Neapolis
1032 1868 1104 1921 noo
1129 1846 1239 1942 longe
1258 1866 1281 1921 a
1298 1846 1459 1920 Puteolis
1475 1850 1530 1919 est
1551 1865 1657 1919 mons
1678 1845 1880 1919 Pbalernus

710 1969 916 2045 celebratus
940 1966 1165 2042 carminibus
1195 1971 1388 2061 poetarum
1420 1970 1568 2060 propter
1597 1964 1879 2060 praerogatiram

710 2089 797 2183 viui,
822 2096 860 2163 et
883 2088 979 2163 inter
1004 2086 1226 2161 phalernum
1253 2090 1290 2160 et
1316 2105 1420 2160 mare
1445 2090 1500 2159 est
1525 2083 1673 2179 quidam
1698 2104 1804 2157 mons
1821 2103 1880 2157 sa·

711 2231 804 2285 reus
821 2208 990 2282 manibus
1007 2206 1198 2281 bominum
1219 2211 1431 2300 excavatus,
1444 2224 1557 2299 quem
1577 2211 1709 2279 vocant
1725 2204 1878 2298 criptam

710 2330 991 2425 neapolitanam,
1017 2348 1129 2419 quern
1156 2328 1291 2422 vulgus
1316 2325 1401 2401 dicit
1422 2338 1447 2400 'a
1474 2325 1622 2422 Virgilio
1652 2324 1801 2421 magicis
1827 2324 1881 2396 in-

709 2447 976 2525 cantationibus
1001 2446 1241 2541 perloratum,
1267 2445 1362 2520 sicul
1393 2453 1430 2521 et
1461 2446 1498 2519 in
1527 2446 1669 2521 caeleris
1702 2464 1786 2538 quae
1813 2442 1881 2515 mi-

711 2570 825 2645 randa
852 2568 1019 2643 videntur
1044 2566 1150 2661 visui,
1174 2567 1268 2641 sicut
1293 2566 1403 2641 etiam
1429 2566 1553 2641 dicunt
1570 2564 1669 2660 quod
1689 2564 1879 2639 castellum

710 2691 777 2766 Ovi
816 2688 953 2762 lactum
991 2694 1046 2761 est
1082 2686 1130 2761 eb
1163 2686 1293 2761 eodem
1329 2686 1487 2782 Virgilio.
1528 2686 1630 2761 Unde
1663 2682 1881 2759 novissimus

710 2816 818 2905 poeta
844 2809 1041 2883 Petrarcba
1071 2806 1195 2881 scribit
1226 2805 1326 2902 quod
1358 2806 1605 2903 iuterrogatus
1633 2806 1748 2880 semel
1773 2826 1797 2879 a
1822 2822 1881 2879 se-

712 2929 904 3006 renissimo
930 2947 1018 3023 rege
1042 2926 1204 3001 Roberto
1229 2926 1316 3021 quid
1341 2924 1387 3000 de
1413 2928 1482 3001 boc
1507 2926 1669 3019 sentiret,
1696 2922 1881 3019 respondit

712 3050 884 3141 fidenter,
909 3068 950 3122 se
975 3066 1165 3140 nunquam
1199 3045 1329 3141 legisse
1354 3045 1542 3143 Virgilium
1576 3044 1687 3119 luisse
1715 3064 1882 3118 manno-

712 3170 852 3245 rarium
878 3174 942 3243 aul
968 3165 1179 3262 lapicidam,
1198 3166 1297 3258 quod
1320 3186 1386 3241 rex
1411 3165 1617 3262 approbans
1635 3165 1706 3239 ait:
1725 3185 1797 3239 non
1816 3184 1881 3239 re·

710 3290 814 3387 stigio
842 3288 1006 3385 magica,
1030 3286 1094 3361 sed
1122 3287 1207 3360 terri
1234 3288 1304 3362 illic
1329 3308 1419 3363 esse.
1446 3287 1508 3361 Est
1532 3306 1623 3382 ergo
1649 3286 1708 3360 ria
1735 3285 1879 3382 publica

710 3417 812 3484 arcta
826 3400 864 3501 (³)
891 3408 956 3483 sed
980 3407 1190 3502 longissima
1215 3428 1281 3502 per
1302 3406 1466 3481 medium
1487 3407 1596 3480 huius
1618 3406 1751 3481 montis
1776 3412 1881 3479 tene·

710 3531 831 3623 brosa,
848 3535 895 3631 'et
920 3528 1083 3601 borribili
1110 3532 1217 3601 nocte
1242 3548 1388 3622 semper
1413 3528 1582 3621 obscura,
1602 3526 1649 3601 de
1670 3547 1743 3619 qua
1769 3526 1879 3600 etiam

709 3650 796 3740 llicit
829 3650 964 3745 vulgus
995 3646 1094 3722 aliud
1126 3646 1304 3738 mirabile,
1330 3646 1464 3722 scilicet
1498 3646 1598 3742 quod
1629 3646 1800 3719 inviolata
1826 3650 1883 3719 est

709 3776 878 3863 ternpore
903 3768 998 3861 belli,
1019 3773 1056 3841 et
1072 3767 1180 3841 nullis
1200 3767 1396 3841 latrociniis
1413 3772 1601 3861 attentata,
1623 3766 1729 3841 cuius
1750 3766 1786 3837 in
1803 3764 1882 3859 epi-

710 3889 810 3967 stolis
834 3889 881 3963 ad
905 3887 1084 3962 Lucilium
1110 3887 1250 3961 Seneca
1275 3887 1360 3961 lacit
1385 3887 1620 3963 mentionem.
1639 3887 1679 3960 ln
1697 3886 1770 3960 line
1791 3902 1882 3959 vero

710 4010 820 4083 buius
844 4009 990 4083 obscuri
1017 4007 1165 4101 itineris,
1192 4006 1256 4081 ubi
1281 4007 1400 4102 primo
1417 4006 1539 4101 incipit
1556 4007 1671 4082 videri
1688 4004 1881 4099 coelumln

709 4131 784 4204 alto
811 4136 936 4203 moute
961 4128 1105 4202 videtur
1130 4128 1340 4222 sepulcrum
1363 4126 1498 4222 Virgilii
1516 4126 1637 4221 operis
1661 4124 1822 4218 antiqui,
1844 4130 1882 4197 el

709 4270 758 4323 ex
782 4250 853 4324 boc
878 4250 972 4324 torte
997 4257 1082 4322 nata
1106 4254 1162 4322 est
1186 4247 1308 4343 opinio
1333 4247 1432 4340 quod
1453 4245 1623 4342 Virgilius
1640 4245 1750 4320 luerit
1770 4251 1881 4319 autor

710 4369 822 4445 buius
844 4388 981 4444 cavete.
1008 4367 1179 4463 Virgilius
1204 4366 1302 4442 enirn
1324 4386 1479 4462 peregre
1498 4366 1668 4458 moriens,
1686 4365 1777 4438 dum
1795 4384 1882 4458 pro-

710 4490 936 4564 ficisceretur
960 4488 996 4561 in
1022 4488 1199 4562 Graeciam
1228 4486 1433 4560 infirmatus
1450 4485 1487 4559 iu
1509 4486 1568 4560 via
1593 4486 1688 4559 inter
1714 4490 1883 4557 extrema

709 4609 863 4704 suspiria
892 4608 1104 4683 recordatos
1128 4612 1184 4680 est
1209 4624 1287 4679 suae
1311 4604 1488 4699 Neapolis,
1511 4611 1548 4679 et
1572 4603 1729 4679 obtinuit
1755 4600 1882 4676 reduci

708 4730 757 4803 ad
781 4750 877 4820 earn,
904 4734 1083 4822 utquam
1109 4726 1215 4800 virus
1240 4730 1442 4819 amaverat,
1468 4725 1661 4799 defunctus
1690 4723 1879 4804 incoleret.

709 4848 765 4921 nb
789 4848 859 4921 alia
886 4852 989 4941 parte
1013 4844 1180 4939 Neapolis
1205 4851 1261 4917 est
1285 4844 1380 4917 alius
1411 4865 1515 4918 mons
1544 4843 1632 4919 olim
1662 4841 1780 4916 dictus
1811 4840 1885 4915 Vc-

773 5033 800 5093 (¹l
818 5032 847 5081 li.
863 5030 1005 5081 vocabatur
1020 5029 1190 5093 Parthenope.
1392 5030 1419 5091 (²)
1436 5031 1465 5081 Ε,
1482 5030 1564 5081 dulcis
1579 5028 1688 5079 amabat.

772 5106 849 5171 (⁸)13.
866 5112 937 5162 arcta
954 5106 1109 5169 longissima.
