4542 6842
817 942 959 1002 cannot
982 944 1145 1003 nmmos.
1519 932 1567 999 99

232 1143 234 1147 -
389 1091 492 1165 etum
516 1106 624 1184 opus,
648 1105 716 1183 per
740 1086 841 1181 quod
867 1088 1086 1168 extenderet
1117 1089 1256 1166 murem
1286 1096 1503 1185 perpetuam
1529 1097 1568 1165 et

386 1213 575 1301 quareret
587 1206 701 1285 vitam
714 1213 903 1283 oeoeruam.
920 1209 1008 1285 ldeo
1025 1210 1121 1287 bene
1138 1208 1307 1306 Virgilium
1324 1209 1383 1287 hie
1400 1210 1565 1303 loquitur

385 1335 517 1407 onuba
542 1327 630 1407 istos
654 1333 732 1408 tem
758 1328 995 1425 negligentes,
1017 1329 1081 1423 qui
1097 1329 1217 1425 primo
1239 1330 1435 1405 veniebant
1456 1332 1565 1431 lente,

387 1446 520 1527 deiude
544 1448 690 1525 ulabant
713 1447 942 1525 adherentes
967 1449 1083 1525 monti
1100 1449 1287 1528 inutiliter.
1302 1490 1352 1507 -
1367 1455 1481 1525 dome.
1500 1451 1565 1529 Hic

389 1573 498 1663 poeta
523 1576 649 1649 noster
673 1567 841 1663 ostendit,
860 1588 926 1663 per
952 1589 1064 1644 uuam
1092 1568 1404 1664 comparationem
1432 1591 1497 1667 per
1524 1590 1564 1653 se

390 1696 529 1787 uolam,
556 1688 715 1785 qualiter
740 1690 810 1766 illa
835 1690 970 1768 auimae
985 1710 1027 1767 re
1043 1689 1240 1765 habuerint
1264 1690 1311 1767 ud
1342 1690 1456 1767 verba
1481 1691 1565 1765 Vir-

387 1810 481 1909 gilii3
499 1817 537 1891 et
554 1810 642 1887 dicit
658 1809 822 1887 breviter
839 1811 938 1905 quod
959 1810 1123 1887 lecerunt
1142 1832 1247 1887 more
1264 1811 1461 1906 pecudum,
1479 1832 1565 1907 qua

389 1930 428 2008 in
453 1931 555 2007 omui
580 1952 648 2011 sua
673 1931 818 2012 actione
847 1931 986 2007 iaciunt
1015 1931 1191 2025 quicquid
1225 1930 1310 2008 lauit
1342 1932 1564 2029 precedens,
1601 1916 1605 1923 ’

391 2052 479 2147 quia
503 2052 624 2151 primu
650 2052 873 2147 retardante,
896 2059 1042 2132 eoeterae
1071 2052 1280 2129 dubitantes
1306 2060 1563 2149 remorantem

311 2233 314 2239 a
386 2172 508 2251 etita
542 2172 661 2268 prima
697 2179 882 2267 movente,
913 2179 1057 2249 caemrre
1084 2183 1308 2267 sequuntur,
1338 2180 1564 2251 nontamen

384 2292 506 2371 stiunt
530 2313 607 2387 quo
631 2292 793 2386 madent,
818 2310 948 2387 quare,
975 2292 1033 2371 rel
1058 2293 1256 2388 quomodo.
1283 2294 1417 2371 Ordine
1442 2295 1494 2369 sic
1520 2294 1563 2369 li·

385 2419 528 2492 teram:
555 2407 586 2487 sl
609 2415 723 2489 oid'io
749 2416 787 2489 ta
812 2421 912 2506 eru,
937 2414 1039 2509 idest,
1075 2414 1291 2509 principium
1319 2421 1355 2491 et
1381 2422 1502 2511 eaput,
1526 2419 1565 2491 di

386 2536 502 2625 paeda
526 2535 694 2609 masma
716 2539 912 2629 fortunata,
938 2534 1041 2627 idest,
1063 2534 1158 2608 lilius
1175 2535 1294 2609 turbae
1313 2556 1457 2633 maguae
1482 2536 1563 2611 ani-

388 2674 537 2730 marum
564 2654 847 2749 fortunatam,
874 2654 961 2749 quia
987 2654 1259 2749 salvandarum,
1282 2658 1466 2749 pedr'eain
1483 2661 1563 2751 [ao-

386 2779 444 2849 eio
467 2796 487 2847 e
511 2777 589 2849 nell
602 2777 723 2850 undat·
747 2780 881 2866 onesta
907 2774 994 2868 quia
1017 2774 1278 2869 disponebatur
1309 2775 1356 2851 ad
1385 2784 1563 2875 purgato-

388 2894 500 2990 rium,
516 2915 604 2970 eum
622 2901 748 2975 tamen
764 2895 891 2971 luisset
908 2894 945 2969 iu
962 2895 1036 2969 vita
1052 2890 1089 2987 (⁴)
1103 2895 1285 2990 impudica
1303 2903 1340 2971 et
1360 2897 1562 2991 inhonesta,

386 3035 526 3092 mosae
562 3037 586 3089 a
624 3018 736 3107 tow,
768 3015 916 3110 scilicet,
953 3036 1081 3091 versus
1111 3036 1178 3091 uos
1215 3017 1261 3091 ad
1299 3016 1560 3092 ostendendam

386 3135 491 3216 uobis
516 3135 627 3231 viam,
646 3136 732 3231 quia
756 3136 819 3213 diu
845 3143 932 3211 aute
958 3157 1024 3212 uos
1049 3136 1196 3212 luerent
1220 3136 1281 3231 ibi,
1305 3140 1440 3230 altolto,
1457 3137 1560 3233 idest,

386 3260 486 3349 tuuc,
513 3276 536 3331 a
560 3256 679 3350 simili,
713 3277 810 3331 come
834 3259 865 3329 le
892 3258 1063 3349 pecoreile
1092 3277 1196 3331 mooe
1219 3258 1278 3331 dal
1304 3257 1561 3351 elimaidem,

385 3375 532 3453 stabulo
555 3377 617 3457 rel
641 3382 756 3472 septo,
775 3379 825 3450 ad
845 3396 973 3468 emma
997 3379 1077 3468 due,
1103 3398 1126 3449 a
1148 3385 1213 3467 tre,
1234 3382 1271 3451 et
1288 3376 1337 3452 ita
1354 3376 1401 3451 ad
1426 3378 1560 3472 plures,

383 3517 403 3567 e
426 3498 554 3573 laide
578 3502 706 3571 stanno
731 3498 902 3592 tmdeta
919 3516 967 3571 ex
985 3496 1202 3593 ignorantia,
1221 3500 1440 3588 atterendo,
1459 3497 1560 3591 idest,

384 3614 590 3695 mutuando
620 3614 667 3692 ad
701 3622 852 3709 terram,
878 3617 1031 3691 tombis
1063 3619 1132 3690 e't
1156 3638 1279 3710 muso;
1312 3617 1361 3691 ita
1394 3617 1560 3693 homiues

383 3736 488 3813 volut
512 3735 671 3831 peeudes
697 3735 894 3831 respiciunt
914 3757 991 3831 quo
1009 3736 1131 3814 vident
1146 3738 1237 3814 alios
1261 3738 1462 3834 respicere3
1478 3737 1561 3815 ideo

383 3854 492 3935 dieite
517 3878 538 3931 r
562 3849 617 3934 oid
640 3859 701 3931 site
721 3861 764 3951 sa
788 3860 826 3933 lo
842 3860 1017 3950 primae
1041 3859 1063 3932 ἴ
1076 3860 1167 3933 altre
1181 3862 1308 3951 senno,
1325 3857 1436 3933 etiam
1454 3857 1483 3931 si
1501 3857 1587 3937 illa·

380 3978 470 4074 jacit
494 3996 534 4053 se
560 3978 599 4055 iu
623 3984 794 4073 puteum3
820 3981 1079 4054 addostandort‘
1103 4000 1127 4051 a
1152 3982 1206 4073 lei,
1233 3979 1282 4053 ita
1307 3978 1413 4053 multi
1438 3978 1561 4054 aduae-
1620 4016 1622 4021 v

385 4106 468 4177 rent
490 4098 651 4195 opinioni
676 4105 714 4178 et
738 4099 823 4175 vitre
847 4100 969 4196 unius,
995 4107 1033 4177 et
1056 4100 1094 4177 iu
1121 4099 1265 4175 foveam
1288 4100 1423 4177 eadunt
1449 4100 1561 4175 simul

384 4238 533 4315 seeum3
560 4219 631 4296 illm
656 4219 737 4299 dieo
760 4220 907 4314 ardmae,
931 4224 1084 4314 rempltoi
1107 4244 1127 4295 e
1151 4230 1259 4316 quem,
1292 4221 1394 4318 idest,
1422 4222 1574 4319 ignaru

382 4345 421 4415 et
443 4346 625 4419 mutuata
643 4339 681 4415 ln
698 4341 787 4435 boe3
814 4340 912 4417 uude
936 4340 1044 4417 dicit:
1062 4364 1082 4417 e
1098 4345 1133 4416 to
1149 4338 1323 4435 imperate*
1340 4363 1413 4415 aton
1429 4363 1559 4434 senno,

383 4459 472 4553 quia
497 4459 668 4557 ignorant
691 4481 854 4537 eaumm.
880 4463 925 4537 Et
949 4462 1008 4538 bie
1033 4469 1119 4539 nota
1145 4462 1242 4557 quod
1261 4463 1488 4561 comparatio
1506 4463 1560 4537 vi-

380 4578 490 4656 detur
520 4580 607 4660 ratis
638 4582 798 4677 proprie,
831 4583 920 4677 quia
952 4584 1047 4659 sicut
1078 4602 1172 4680 grex
1202 4584 1329 4659 ovium
1363 4584 1559 4660 tacitarum

381 4699 600 4795 simplicium
625 4702 794 4797 requitur
819 4703 1100 4799 precedentem,
1126 4709 1164 4781 et
1189 4704 1249 4779 illa
1270 4710 1384 4781 eunte
1408 4704 1559 4799 vadunt,

382 4826 420 4895 et
444 4820 504 4899 itta
528 4826 663 4913 sente,
688 4828 805 4915 stant,
822 4821 873 4897 ita
888 4823 1000 4899 turba
1020 4823 1137 4899 mulla
1154 4824 1363 4900 animarum
1384 4824 1560 4921 ignorau-

446 5070 474 5135 p,
491 5072 522 5123 n.
538 5073 566 5123 u
582 5074 634 5126 vm
650 5088 697 5125 ma
712 5074 850 5139 supuda
