4542 6842
730 979 868 1035 caurus
893 982 1050 1038 uncinus
1076 984 1206 1038 uorsus.
1485 972 1556 1038 tot

382 1121 504 1195 subdit
542 1122 813 1218 responsionem
844 1146 963 1220 suam,
989 1126 1131 1202 dicens:
1161 1134 1195 1200 et
1222 1130 1280 1221 io‚·
1310 1128 1449 1223 supple,
1479 1127 1554 1201 dixi

381 1240 460 1336 sibi,
484 1245 623 1317 novellu
647 1246 772 1336 visun
794 1265 1000 1339 numquam
1026 1247 1116 1323 alias
1139 1248 1217 1323 visa
1234 1267 1300 1343 per
1325 1248 1453 1343 alium,
1470 1250 1557 1321 clt'c

381 1383 418 1435 se
442 1366 490 1436 mi
507 1366 629 1457 pleps,
651 1362 754 1458 idest,
772 1366 883 1441 tralrit
907 1388 968 1442 me
993 1367 1040 1441 ad
1064 1368 1299 1465 cogitandum
1326 1388 1439 1463 super
1463 1366 1553 1463 ipsa,

383 1489 425 1556 ut
449 1482 648 1579 intelligam
674 1484 762 1578 quid
787 1484 854 1559 sibi
880 1486 966 1562 velit
991 1506 1050 1562 res
1076 1494 1152 1562 tam
1170 1509 1286 1582 nova3
1304 1488 1386 1564 ideo
1403 1488 1504 1563 dicit:
1526 1480 1557 1560 si

381 1604 480 1676 clr'to
503 1625 576 1677 oon
595 1612 703 1699 p'osso
728 1608 793 1679 dol
811 1608 952 1700 pensier
973 1611 1155 1700 portirmt,
1176 1608 1244 1683 nisi
1261 1608 1444 1684 inveniam
1467 1607 1554 1702 quid

382 1724 469 1798 latet
494 1724 564 1797 sub
590 1724 657 1799 ista
682 1724 802 1821 figura
815 1750 825 1820 3
852 1726 934 1802 ideo
958 1727 1067 1805 dicit:
1098 1732 1141 1822 sc
1171 1731 1256 1801 dmi
1279 1749 1346 1801 con
1371 1734 1469 1801 tanto
1492 1748 1555 1801 su·

380 1826 527 1935 micton,
552 1843 655 1939 idest,
681 1866 767 1919 cum
794 1852 895 1921 tanto
915 1845 1028 1920 dubio
1046 1847 1242 1922 inclinante
1259 1867 1320 1922 me
1337 1847 1384 1921 ad
1400 1854 1552 1922 terram.

381 1963 518 2039 Deinde
543 1963 645 2059 ponit
668 1964 953 2041 declarationem
971 1966 1109 2063 Virgilii
1133 1967 1232 2042 circa
1256 1967 1410 2041 dubium
1428 1987 1553 2060 suum,

380 2084 443 2178 qui
469 2085 589 2179 primo
614 2086 764 2181 replicat
788 2088 945 2162 sormam
972 2088 1104 2183 somnii
1133 2088 1204 2162 sub
1232 2086 1421 2164 brevitate.
1450 2088 1553 2163 Unde

379 2204 482 2279 dicit:
508 2208 600 2279 disse
605 2232 622 2300 ,·
648 2206 709 2281 ille
733 2206 926 2304 Virgilius:
954 2211 1080 2281 vedasti
1105 2211 1219 2299 quella
1248 2210 1394 2301 datque
1417 2215 1550 2300 strepa,

379 2324 482 2419 idest,
508 2326 749 2403 inveteratum
778 2328 1022 2423 meretricem,
1044 2348 1129 2423 quae
1149 2328 1196 2402 ab
1222 2328 1322 2402 initio
1347 2328 1477 2403 mundi
1493 2348 1553 2403 se-

379 2446 485 2520 duxit
509 2447 709 2541 homiuem‚
735 2450 795 2521 clts
818 2452 896 2522 sole
920 2469 1030 2541 sopra
1054 2452 1114 2522 not
1132 2452 1229 2521 omni
1243 2452 1276 2521 si
1287 2451 1431 2541 pinam,
1449 2449 1552 2544 idest,

380 2566 532 2661 punitur
557 2574 594 2641 et
618 2574 800 2663 purgatur
824 2567 994 2662 deinceps
1019 2568 1056 2642 in
1082 2568 1199 2642 tribus
1222 2568 1368 2643 circulis
1385 2568 1553 2663 superio—

379 2684 501 2778 ribus3
527 2686 586 2761 vel
610 2684 715 2760 dicit:
742 2707 826 2781 quae
852 2688 928 2762 sola
944 2679 980 2779 (⁴)
1008 2688 1126 2782 plorat
1151 2708 1264 2783 super
1281 2709 1359 2783 nos,
1380 2688 1466 2781 quia
1483 2687 1552 2763 do-

380 2806 430 2880 let
445 2798 482 2898 (²)
508 2826 575 2882 nos
601 2806 793 2882 recessisse
809 2807 856 2880 ab
877 2826 933 2902 ea,
952 2807 1028 2903 ipsa
1050 2813 1265 2881 remanente
1282 2807 1445 2903 contusa,
1463 2806 1551 2901 quia

380 2947 454 3001 non
478 2928 596 3023 potuit
622 2929 813 3003 revolvere
838 2949 904 3002 nos
928 2928 976 3003 ab
1003 2928 1134 3003 itinere
1157 2933 1295 3021 nostro,
1316 2927 1411 3002 sicut
1431 2929 1551 3022 jacta-

378 3045 442 3120 bat
466 3067 506 3121 se
532 3046 658 3121 iecisse
682 3046 728 3121 de
754 3047 889 3143 Ulyxe5
914 3048 996 3123 ideo
1021 3047 1129 3121 dicit:
1165 3050 1291 3121 vedasti
1314 3068 1410 3121 corne
1433 3050 1551 3120 tuom

378 3170 427 3241 dn
452 3170 496 3241 tet
516 3170 550 3239 si
573 3170 684 3259 sega,
709 3167 857 3261 scilicet,
882 3188 949 3264 per
973 3168 1217 3242 detectionem
1243 3167 1393 3241 foetoris.
1420 3168 1464 3240 Et
1489 3167 1552 3242 dat

378 3288 548 3384 Virgilius
574 3288 754 3383 optimum
781 3288 971 3362 consilium
1000 3287 1069 3361 'sibi
1095 3288 1193 3363 circa
1224 3287 1331 3361 istam
1358 3287 1548 3381 visionem,

377 3409 535 3483 suadens
563 3415 603 3481 ut
628 3406 778 3502 singulis
798 3407 971 3481 membris
988 3407 1244 3482 accommodet
1264 3428 1333 3482 sua
1358 3408 1489 3502 officia,
1507 3412 1550 3479 ut

377 3527 524 3619 scilicet,
550 3526 702 3622 pedibus
726 3526 891 3601 ambulet
915 3547 981 3622 per
1007 3534 1160 3621 terram,
1180 3534 1218 3602 et
1239 3527 1355 3601 oculis
1382 3526 1551 3621 respiciat

377 3648 523 3722 coelum.
551 3647 642 3721 llicit
667 3666 775 3743 ergo:
795 3648 921 3738 destiti,
938 3648 1085 3740 scilicet,
1103 3647 1203 3741 quod
1223 3648 1339 3721 vidisti
1365 3642 1551 3723 adiutor-

378 3769 578 3843 mationem
605 3774 719 3861 tuam,
746 3788 765 3839 e
788 3768 873 3839 dotti
896 3788 920 3839 a
945 3774 1043 3841 terro
1061 3769 1287 3860 icentunae,
1305 3768 1410 3861 quasi
1431 3767 1548 3842 dicat:

377 3890 487 3985 pedes
513 3888 687 3983 quisunt
720 3887 793 3983 apti
828 3888 902 3961 nati
934 3888 1139 3983 ambulare,
1165 3888 1373 3963 deserviant
1398 3896 1548 3965 terreno

377 4004 544 4103 incessui,
570 4016 603 4083 et
625 4011 750 4100 riuotpi
773 4012 824 4100 pti
852 4011 960 4100 occdi,
986 4010 1049 4103 qui
1081 4014 1167 4084 sunt
1198 4010 1302 4104 positi
1333 4011 1370 4083 iu
1401 4012 1476 4085 alto
1510 4019 1548 4086 et

377 4130 451 4225 apti
487 4129 560 4221 nati
594 4128 641 4203 ad
673 4128 870 4203 videndum
902 4130 986 4224 alta,
1013 4134 1200 4222 nltogorn
1228 4131 1288 4203 clte
1319 4133 1415 4223 pua,
1442 4132 1544 4226 idest,

377 4258 502 4325 movet
519 4255 556 4325 et
573 4249 685 4324 volvit
709 4249 949 4343 circulariter,
971 4254 1004 4323 ln
1023 4272 1106 4342 rege
1121 4257 1254 4342 cerno,
1271 4251 1417 4345 scilicet,
1436 4252 1547 4347 lleus,

375 4392 442 4444 con
467 4375 499 4445 lc
521 4378 598 4444 rote
622 4390 763 4461 magne,
788 4370 890 4463 idest,
917 4370 1058 4466 mugnis
1083 4371 1199 4465 speris
1224 4371 1282 4445 vel
1309 4372 1547 4447 revolutioni-

376 4492 456 4565 bus.
483 4491 527 4563 Et
551 4492 621 4565 hoc
640 4490 724 4564 dicit
742 4490 924 4586 Virgilius,
942 4490 1028 4583 quia
1046 4496 1154 4585 poeta
1172 4490 1340 4585 portabat
1356 4493 1484 4566 oculos
1499 4494 1547 4568 ad

377 4618 526 4686 terram.
553 4610 598 4683 Et
623 4609 681 4684 lric
705 4614 792 4683 nota
817 4608 918 4703 quod
943 4609 1013 4683 sub
1033 4609 1108 4683 istis
1129 4608 1251 4683 verbis
1267 4610 1404 4704 pulcris
1429 4612 1548 4709 Virgi-

377 4731 448 4805 lius
472 4751 546 4804 non
572 4730 652 4804 vult
675 4728 775 4803 aliud
799 4728 921 4803 dicere
945 4728 1012 4803 nisi
1039 4729 1155 4825 utaris
1172 4729 1247 4803 istis
1274 4730 1428 4804 terrenis
1451 4732 1547 4807 sicut

376 4850 542 4946 pecunia,
567 4850 666 4946 gula,
693 4848 851 4942 luxuria,
875 4856 1054 4942 quantum
1082 4849 1217 4971 spfficit
1240 4848 1288 4923 ad
1313 4851 1548 4927 sustentatio-

438 5038 466 5099 (¹)
481 5035 511 5086 E.
528 5035 583 5087 sole
598 5036 670 5086 dolet
685 5049 763 5099 snper
779 5048 834 5096 nos,
851 5034 911 5099 qnia
925 5034 1013 5099 ploret
1028 5048 1075 5085 nos
1091 5035 1235 5086 mcemkse.

439 5112 465 5174 (²)
482 5116 536 5171 11⁷,
552 5112 625 5193 dolet¹
640 5113 710 5177 quod
725 5112 879 5163 recessimus
895 5111 927 5161 ult
942 5124 981 5161 es.
