<?xml version="1.0" encoding="UTF-8"?>
<!DOCTYPE html PUBLIC "-//W3C//DTD XHTML 1.0 Transitional//EN"
    "http://www.w3.org/TR/xhtml1/DTD/xhtml1-transitional.dtd">
<html xmlns="http://www.w3.org/1999/xhtml" xml:lang="en" lang="en">
 <head>
  <title>
</title>
<meta http-equiv="Content-Type" content="text/html;charset=utf-8" />
  <meta name='ocr-system' content='tesseract 3.04.00' />
  <meta name='ocr-capabilities' content='ocr_page ocr_carea ocr_par ocr_line ocrx_word'/>
</head>
<body>
  <div class='ocr_page' id='page_1' title='image "./comentumsuperda01unkngoog_0124.png"; bbox 0 0 4542 6842; ppageno 0'>
   <div class='ocr_carea' id='block_1_1' title="bbox 698 921 1508 990">
    <p class='ocr_par' dir='ltr' id='par_1_1' title="bbox 698 921 1508 990">
     <span class='ocr_line' id='line_1_1' title="bbox 698 921 1508 990; baseline -0.01 -1"><span class='ocrx_word' id='word_1_1' title='bbox 698 921 767 990; x_wconf 80' lang='lat'>110</span> <span class='ocrx_word' id='word_1_2' title='bbox 1055 929 1260 985; x_wconf 67' lang='lat' dir='ltr'>comarum</span> <span class='ocrx_word' id='word_1_3' title='bbox 1284 928 1508 989; x_wconf 71' lang='lat' dir='ltr'>renarronn</span> 
     </span>
    </p>
   </div>
   <div class='ocr_carea' id='block_1_2' title="bbox 660 1072 1876 4903">
    <p class='ocr_par' dir='ltr' id='par_1_2' title="bbox 660 1072 1876 4903">
     <span class='ocr_line' id='line_1_2' title="bbox 693 1072 1872 1171; baseline -0.003 -18"><span class='ocrx_word' id='word_1_4' title='bbox 693 1097 791 1171; x_wconf 86' lang='lat' dir='ltr'>nem,</span> <span class='ocrx_word' id='word_1_5' title='bbox 817 1076 847 1151; x_wconf 94' lang='lat' dir='ltr'>si</span> <span class='ocrx_word' id='word_1_6' title='bbox 872 1077 984 1151; x_wconf 88' lang='lat' dir='ltr'>homo</span> <span class='ocrx_word' id='word_1_7' title='bbox 1010 1095 1083 1148; x_wconf 94' lang='lat' dir='ltr'>non</span> <span class='ocrx_word' id='word_1_8' title='bbox 1110 1073 1267 1149; x_wconf 85' lang='lat' dir='ltr'>moritur</span> <span class='ocrx_word' id='word_1_9' title='bbox 1294 1074 1460 1171; x_wconf 80' lang='lat' dir='ltr'>pertinax</span> <span class='ocrx_word' id='word_1_10' title='bbox 1482 1079 1518 1147; x_wconf 92' lang='lat' dir='ltr'>et</span> <span class='ocrx_word' id='word_1_11' title='bbox 1535 1072 1760 1169; x_wconf 86' lang='lat' dir='ltr'>desperatus.</span> <span class='ocrx_word' id='word_1_12' title='bbox 1778 1073 1872 1154; x_wconf 87' lang='lat' dir='ltr'>Dicit</span> 
     </span>
     <span class='ocr_line' id='line_1_3' title="bbox 694 1193 1868 1295; baseline -0.001 -20"><span class='ocrx_word' id='word_1_13' title='bbox 694 1218 803 1295; x_wconf 79' lang='lat' dir='ltr'>ergo:</span> <span class='ocrx_word' id='word_1_14' title='bbox 820 1220 890 1293; x_wconf 83' lang='lat' dir='ltr'>per</span> <span class='ocrx_word' id='word_1_15' title='bbox 907 1199 963 1271; x_wconf 89' lang='lat' dir='ltr'>tor</span> <span class='ocrx_word' id='word_1_16' title='bbox 980 1198 1210 1287; x_wconf 81' lang='lat' dir='ltr'>mutodizion,</span> <span class='ocrx_word' id='word_1_17' title='bbox 1227 1201 1416 1290; x_wconf 85' lang='lat' dir='ltr'>exponunt</span> <span class='ocrx_word' id='word_1_18' title='bbox 1432 1194 1556 1289; x_wconf 81' lang='lat' dir='ltr'>aliqui,</span> <span class='ocrx_word' id='word_1_19' title='bbox 1578 1193 1713 1273; x_wconf 80' lang='lat' dir='ltr'>scilicet</span> <span class='ocrx_word' id='word_1_20' title='bbox 1731 1194 1868 1275; x_wconf 83' lang='lat' dir='ltr'>ossium</span> 
     </span>
     <span class='ocr_line' id='line_1_4' title="bbox 692 1314 1871 1411; baseline 0.001 -17"><span class='ocrx_word' id='word_1_21' title='bbox 692 1339 888 1411; x_wconf 84' lang='lat' dir='ltr'>meorum3</span> <span class='ocrx_word' id='word_1_22' title='bbox 916 1324 956 1391; x_wconf 90' lang='lat' dir='ltr'>tu</span> <span class='ocrx_word' id='word_1_23' title='bbox 983 1335 1072 1391; x_wconf 88' lang='lat' dir='ltr'>vero</span> <span class='ocrx_word' id='word_1_24' title='bbox 1097 1315 1156 1402; x_wconf 88' lang='lat' dir='ltr'>dic</span> <span class='ocrx_word' id='word_1_25' title='bbox 1182 1324 1220 1391; x_wconf 94' lang='lat' dir='ltr'>et</span> <span class='ocrx_word' id='word_1_26' title='bbox 1245 1314 1396 1391; x_wconf 87' lang='lat' dir='ltr'>meiius:</span> <span class='ocrx_word' id='word_1_27' title='bbox 1422 1315 1569 1409; x_wconf 89' lang='lat' dir='ltr'>scilicet,</span> <span class='ocrx_word' id='word_1_28' title='bbox 1597 1320 1787 1410; x_wconf 83' lang='lat' dir='ltr'>pastorum</span> <span class='ocrx_word' id='word_1_29' title='bbox 1806 1336 1871 1395; x_wconf 84' lang='lat' dir='ltr'>ec-</span> 
     </span>
     <span class='ocr_line' id='line_1_5' title="bbox 693 1430 1871 1533; baseline -0.004 -20"><span class='ocrx_word' id='word_1_30' title='bbox 693 1438 825 1529; x_wconf 85' lang='lat' dir='ltr'>clesiae,</span> <span class='ocrx_word' id='word_1_31' title='bbox 849 1430 880 1511; x_wconf 76' lang='lat' dir='ltr'>si</span> <span class='ocrx_word' id='word_1_32' title='bbox 904 1457 977 1511; x_wconf 84' lang='lat' dir='ltr'>non</span> <span class='ocrx_word' id='word_1_33' title='bbox 1005 1440 1038 1511; x_wconf 77' lang='lat' dir='ltr'>n·</span> <span class='ocrx_word' id='word_1_34' title='bbox 1061 1439 1184 1533; x_wconf 81' lang='lat' dir='ltr'>perde,</span> <span class='ocrx_word' id='word_1_35' title='bbox 1212 1435 1313 1531; x_wconf 88' lang='lat' dir='ltr'>idest,</span> <span class='ocrx_word' id='word_1_36' title='bbox 1340 1456 1413 1510; x_wconf 91' lang='lat' dir='ltr'>non</span> <span class='ocrx_word' id='word_1_37' title='bbox 1440 1435 1489 1515; x_wconf 87' lang='lat' dir='ltr'>ita</span> <span class='ocrx_word' id='word_1_38' title='bbox 1514 1436 1693 1515; x_wconf 87' lang='lat' dir='ltr'>intutum</span> <span class='ocrx_word' id='word_1_39' title='bbox 1719 1435 1871 1529; x_wconf 82' lang='lat' dir='ltr'>tonum,</span> 
     </span>
     <span class='ocr_line' id='line_1_6' title="bbox 694 1554 1872 1655; baseline 0.001 -22"><span class='ocrx_word' id='word_1_40' title='bbox 694 1561 755 1633; x_wconf 79' lang='lat' dir='ltr'>cte</span> <span class='ocrx_word' id='word_1_41' title='bbox 778 1579 852 1633; x_wconf 71' lang='lat' dir='ltr'>raon</span> <span class='ocrx_word' id='word_1_42' title='bbox 870 1578 983 1655; x_wconf 86' lang='lat' dir='ltr'>possa</span> <span class='ocrx_word' id='word_1_43' title='bbox 1007 1564 1134 1633; x_wconf 72' lang='lat' dir='ltr'>mrnor</span> <span class='ocrx_word' id='word_1_44' title='bbox 1169 1558 1324 1631; x_wconf 75' lang='lat' dir='ltr'>tenne</span> <span class='ocrx_word' id='word_1_45' title='bbox 1357 1576 1492 1649; x_wconf 85' lang='lat' dir='ltr'>umore,</span> <span class='ocrx_word' id='word_1_46' title='bbox 1522 1555 1624 1649; x_wconf 88' lang='lat' dir='ltr'>idest,</span> <span class='ocrx_word' id='word_1_47' title='bbox 1657 1555 1774 1651; x_wconf 85' lang='lat' dir='ltr'>gratia</span> <span class='ocrx_word' id='word_1_48' title='bbox 1804 1554 1872 1635; x_wconf 85' lang='lat' dir='ltr'>Dei</span> 
     </span>
     <span class='ocr_line' id='line_1_7' title="bbox 695 1677 1872 1773; baseline -0.003 -20"><span class='ocrx_word' id='word_1_49' title='bbox 695 1678 741 1753; x_wconf 91' lang='lat' dir='ltr'>ad</span> <span class='ocrx_word' id='word_1_50' title='bbox 768 1678 968 1773; x_wconf 89' lang='lat' dir='ltr'>hominem,</span> <span class='ocrx_word' id='word_1_51' title='bbox 994 1683 1125 1751; x_wconf 81' lang='lat' dir='ltr'>mentre</span> <span class='ocrx_word' id='word_1_52' title='bbox 1156 1678 1215 1751; x_wconf 81' lang='lat' dir='ltr'>cte</span> <span class='ocrx_word' id='word_1_53' title='bbox 1240 1679 1277 1749; x_wconf 87' lang='lat' dir='ltr'>tn</span> <span class='ocrx_word' id='word_1_54' title='bbox 1300 1697 1480 1771; x_wconf 64' lang='lat' dir='ltr'>manzo</span> <span class='ocrx_word' id='word_1_55' title='bbox 1505 1677 1552 1749; x_wconf 83' lang='lat' dir='ltr'>tto</span> <span class='ocrx_word' id='word_1_56' title='bbox 1573 1678 1645 1769; x_wconf 88' lang='lat' dir='ltr'>fior</span> <span class='ocrx_word' id='word_1_57' title='bbox 1670 1678 1729 1749; x_wconf 81' lang='lat' dir='ltr'>det</span> <span class='ocrx_word' id='word_1_58' title='bbox 1751 1678 1872 1769; x_wconf 77' lang='lat' dir='ltr'>verde,</span> 
     </span>
     <span class='ocr_line' id='line_1_8' title="bbox 697 1795 1871 1893; baseline 0.002 -20"><span class='ocrx_word' id='word_1_59' title='bbox 697 1798 801 1893; x_wconf 87' lang='lat' dir='ltr'>idest,</span> <span class='ocrx_word' id='word_1_60' title='bbox 825 1797 962 1891; x_wconf 87' lang='lat' dir='ltr'>aliquid</span> <span class='ocrx_word' id='word_1_61' title='bbox 988 1796 1188 1891; x_wconf 82' lang='lat' dir='ltr'>viriditatis,</span> <span class='ocrx_word' id='word_1_62' title='bbox 1214 1795 1320 1890; x_wconf 81' lang='lat' dir='ltr'>quasi</span> <span class='ocrx_word' id='word_1_63' title='bbox 1337 1795 1455 1870; x_wconf 87' lang='lat' dir='ltr'>dicat:</span> <span class='ocrx_word' id='word_1_64' title='bbox 1473 1795 1589 1871; x_wconf 89' lang='lat' dir='ltr'>donec</span> <span class='ocrx_word' id='word_1_65' title='bbox 1606 1796 1718 1871; x_wconf 89' lang='lat' dir='ltr'>homo</span> <span class='ocrx_word' id='word_1_66' title='bbox 1739 1795 1776 1871; x_wconf 89' lang='lat' dir='ltr'>in</span> <span class='ocrx_word' id='word_1_67' title='bbox 1797 1795 1871 1875; x_wconf 85' lang='lat' dir='ltr'>vita</span> 
     </span>
     <span class='ocr_line' id='line_1_9' title="bbox 698 1914 1871 2017; baseline -0.004 -23"><span class='ocrx_word' id='word_1_68' title='bbox 698 1939 772 1993; x_wconf 91' lang='lat' dir='ltr'>non</span> <span class='ocrx_word' id='word_1_69' title='bbox 797 1919 976 2017; x_wconf 83' lang='lat' dir='ltr'>desperat.</span> <span class='ocrx_word' id='word_1_70' title='bbox 1002 1918 1047 1991; x_wconf 84' lang='lat' dir='ltr'>Et</span> <span class='ocrx_word' id='word_1_71' title='bbox 1071 1917 1129 1991; x_wconf 88' lang='lat' dir='ltr'>tric</span> <span class='ocrx_word' id='word_1_72' title='bbox 1155 1923 1242 1991; x_wconf 91' lang='lat' dir='ltr'>nota</span> <span class='ocrx_word' id='word_1_73' title='bbox 1268 1917 1365 2010; x_wconf 94' lang='lat' dir='ltr'>quod</span> <span class='ocrx_word' id='word_1_74' title='bbox 1383 1915 1494 2010; x_wconf 85' lang='lat' dir='ltr'>aliqui</span> <span class='ocrx_word' id='word_1_75' title='bbox 1511 1914 1639 1989; x_wconf 90' lang='lat' dir='ltr'>dicunt</span> <span class='ocrx_word' id='word_1_76' title='bbox 1654 1915 1753 2009; x_wconf 91' lang='lat' dir='ltr'>quod</span> <span class='ocrx_word' id='word_1_77' title='bbox 1769 1917 1871 1989; x_wconf 89' lang='lat' dir='ltr'>Man-</span> 
     </span>
     <span class='ocr_line' id='line_1_10' title="bbox 660 2034 1872 2131; baseline 0 -20"><span class='ocrx_word' id='word_1_78' title='bbox 660 2082 664 2090; x_wconf 86' lang='lat'><strong>·</strong></span> <span class='ocrx_word' id='word_1_79' title='bbox 698 2039 823 2114; x_wconf 83' lang='lat' dir='ltr'>fredus</span> <span class='ocrx_word' id='word_1_80' title='bbox 849 2038 886 2112; x_wconf 94' lang='lat' dir='ltr'>in</span> <span class='ocrx_word' id='word_1_81' title='bbox 912 2044 1080 2113; x_wconf 76' lang='lat' dir='ltr'>extremo</span> <span class='ocrx_word' id='word_1_82' title='bbox 1098 2036 1229 2111; x_wconf 85' lang='lat' dir='ltr'>redivit</span> <span class='ocrx_word' id='word_1_83' title='bbox 1246 2036 1293 2111; x_wconf 87' lang='lat' dir='ltr'>ad</span> <span class='ocrx_word' id='word_1_84' title='bbox 1313 2036 1450 2131; x_wconf 81' lang='lat' dir='ltr'>Deum5</span> <span class='ocrx_word' id='word_1_85' title='bbox 1464 2034 1527 2111; x_wconf 88' lang='lat' dir='ltr'>sed</span> <span class='ocrx_word' id='word_1_86' title='bbox 1544 2042 1646 2111; x_wconf 87' lang='lat' dir='ltr'>certe</span> <span class='ocrx_word' id='word_1_87' title='bbox 1665 2035 1761 2111; x_wconf 91' lang='lat' dir='ltr'>istud</span> <span class='ocrx_word' id='word_1_88' title='bbox 1777 2035 1872 2111; x_wconf 91' lang='lat' dir='ltr'>scire</span> 
     </span>
     <span class='ocr_line' id='line_1_11' title="bbox 697 2154 1873 2263; baseline -0.003 -31"><span class='ocrx_word' id='word_1_89' title='bbox 697 2180 772 2235; x_wconf 93' lang='lat' dir='ltr'>non</span> <span class='ocrx_word' id='word_1_90' title='bbox 797 2159 914 2255; x_wconf 91' lang='lat' dir='ltr'>potuit</span> <span class='ocrx_word' id='word_1_91' title='bbox 939 2164 1059 2253; x_wconf 89' lang='lat' dir='ltr'>poeta,</span> <span class='ocrx_word' id='word_1_92' title='bbox 1078 2157 1163 2253; x_wconf 93' lang='lat' dir='ltr'>quia</span> <span class='ocrx_word' id='word_1_93' title='bbox 1181 2156 1389 2230; x_wconf 87' lang='lat' dir='ltr'>Maniredus</span> <span class='ocrx_word' id='word_1_94' title='bbox 1407 2154 1611 2253; x_wconf 82' lang='lat' dir='ltr'>incognitus</span> <span class='ocrx_word' id='word_1_95' title='bbox 1629 2162 1800 2229; x_wconf 88' lang='lat' dir='ltr'>mortuus</span> <span class='ocrx_word' id='word_1_96' title='bbox 1817 2162 1873 2263; x_wconf 86' lang='lat' dir='ltr'>est</span> 
     </span>
     <span class='ocr_line' id='line_1_12' title="bbox 696 2275 1872 2373; baseline -0.001 -20"><span class='ocrx_word' id='word_1_97' title='bbox 696 2280 733 2353; x_wconf 94' lang='lat' dir='ltr'>in</span> <span class='ocrx_word' id='word_1_98' title='bbox 760 2279 880 2354; x_wconf 92' lang='lat' dir='ltr'>medio</span> <span class='ocrx_word' id='word_1_99' title='bbox 905 2279 1040 2353; x_wconf 86' lang='lat' dir='ltr'>ardore</span> <span class='ocrx_word' id='word_1_100' title='bbox 1065 2278 1174 2373; x_wconf 78' lang='lat' dir='ltr'>betti,</span> <span class='ocrx_word' id='word_1_101' title='bbox 1200 2278 1236 2351; x_wconf 93' lang='lat' dir='ltr'>in</span> <span class='ocrx_word' id='word_1_102' title='bbox 1269 2276 1343 2352; x_wconf 90' lang='lat' dir='ltr'>vita</span> <span class='ocrx_word' id='word_1_103' title='bbox 1373 2282 1496 2353; x_wconf 90' lang='lat' dir='ltr'>tamen</span> <span class='ocrx_word' id='word_1_104' title='bbox 1530 2276 1646 2351; x_wconf 90' lang='lat' dir='ltr'>voluit</span> <span class='ocrx_word' id='word_1_105' title='bbox 1676 2275 1872 2370; x_wconf 87' lang='lat' dir='ltr'>aliquando</span> 
     </span>
     <span class='ocr_line' id='line_1_13' title="bbox 696 2397 1873 2477; baseline -0.003 0"><span class='ocrx_word' id='word_1_106' title='bbox 696 2399 922 2477; x_wconf 90' lang='lat' dir='ltr'>concordare</span> <span class='ocrx_word' id='word_1_107' title='bbox 947 2420 1034 2474; x_wconf 90' lang='lat' dir='ltr'>cum</span> <span class='ocrx_word' id='word_1_108' title='bbox 1061 2398 1213 2474; x_wconf 83' lang='lat' dir='ltr'>ecclesia</span> <span class='ocrx_word' id='word_1_109' title='bbox 1240 2404 1277 2474; x_wconf 89' lang='lat' dir='ltr'>et</span> <span class='ocrx_word' id='word_1_110' title='bbox 1302 2398 1425 2474; x_wconf 83' lang='lat' dir='ltr'>facere</span> <span class='ocrx_word' id='word_1_111' title='bbox 1447 2397 1663 2472; x_wconf 88' lang='lat' dir='ltr'>affinitatem</span> <span class='ocrx_word' id='word_1_112' title='bbox 1690 2417 1776 2471; x_wconf 90' lang='lat' dir='ltr'>cum</span> <span class='ocrx_word' id='word_1_113' title='bbox 1802 2397 1873 2473; x_wconf 89' lang='lat' dir='ltr'>Ca·</span> 
     </span>
     <span class='ocr_line' id='line_1_14' title="bbox 698 2517 1872 2615; baseline -0.002 -22"><span class='ocrx_word' id='word_1_114' title='bbox 698 2520 787 2615; x_wconf 89' lang='lat' dir='ltr'>rulo,</span> <span class='ocrx_word' id='word_1_115' title='bbox 814 2519 877 2594; x_wconf 91' lang='lat' dir='ltr'>sed</span> <span class='ocrx_word' id='word_1_116' title='bbox 903 2540 996 2615; x_wconf 90' lang='lat' dir='ltr'>papa</span> <span class='ocrx_word' id='word_1_117' title='bbox 1021 2518 1219 2615; x_wconf 89' lang='lat' dir='ltr'>prohibuit,</span> <span class='ocrx_word' id='word_1_118' title='bbox 1245 2526 1286 2593; x_wconf 93' lang='lat' dir='ltr'>ut</span> <span class='ocrx_word' id='word_1_119' title='bbox 1311 2538 1382 2615; x_wconf 83' lang='lat' dir='ltr'>ego</span> <span class='ocrx_word' id='word_1_120' title='bbox 1407 2518 1478 2593; x_wconf 90' lang='lat' dir='ltr'>vidi</span> <span class='ocrx_word' id='word_1_121' title='bbox 1496 2517 1533 2592; x_wconf 92' lang='lat' dir='ltr'>in</span> <span class='ocrx_word' id='word_1_122' title='bbox 1554 2517 1772 2615; x_wconf 87' lang='lat' dir='ltr'>quibusdam</span> <span class='ocrx_word' id='word_1_123' title='bbox 1795 2518 1872 2613; x_wconf 79' lang='lat' dir='ltr'>epi-</span> 
     </span>
     <span class='ocr_line' id='line_1_15' title="bbox 697 2638 1870 2737; baseline 0.002 -23"><span class='ocrx_word' id='word_1_124' title='bbox 697 2640 796 2714; x_wconf 91' lang='lat' dir='ltr'>stolis</span> <span class='ocrx_word' id='word_1_125' title='bbox 809 2640 899 2713; x_wconf 92' lang='lat' dir='ltr'>eius.</span> <span class='ocrx_word' id='word_1_126' title='bbox 918 2638 1006 2715; x_wconf 86' lang='lat' dir='ltr'>Dico</span> <span class='ocrx_word' id='word_1_127' title='bbox 1022 2661 1112 2737; x_wconf 82' lang='lat' dir='ltr'>ergo</span> <span class='ocrx_word' id='word_1_128' title='bbox 1130 2638 1230 2733; x_wconf 93' lang='lat' dir='ltr'>quod</span> <span class='ocrx_word' id='word_1_129' title='bbox 1246 2640 1381 2713; x_wconf 86' lang='lat' dir='ltr'>Dantes</span> <span class='ocrx_word' id='word_1_130' title='bbox 1399 2640 1468 2713; x_wconf 84' lang='lat' dir='ltr'>hoc</span> <span class='ocrx_word' id='word_1_131' title='bbox 1485 2638 1598 2735; x_wconf 82' lang='lat' dir='ltr'>tingit,</span> <span class='ocrx_word' id='word_1_132' title='bbox 1612 2638 1698 2733; x_wconf 91' lang='lat' dir='ltr'>quia</span> <span class='ocrx_word' id='word_1_133' title='bbox 1715 2638 1784 2712; x_wconf 92' lang='lat' dir='ltr'>sub</span> <span class='ocrx_word' id='word_1_134' title='bbox 1802 2638 1870 2718; x_wconf 80' lang='lat' dir='ltr'>ista</span> 
     </span>
     <span class='ocr_line' id='line_1_16' title="bbox 698 2758 1870 2855; baseline 0 -20"><span class='ocrx_word' id='word_1_135' title='bbox 698 2759 845 2835; x_wconf 86' lang='lat' dir='ltr'>fictione</span> <span class='ocrx_word' id='word_1_136' title='bbox 869 2759 1022 2834; x_wconf 84' lang='lat' dir='ltr'>intendit</span> <span class='ocrx_word' id='word_1_137' title='bbox 1038 2761 1133 2833; x_wconf 89' lang='lat' dir='ltr'>hanc</span> <span class='ocrx_word' id='word_1_138' title='bbox 1150 2758 1437 2854; x_wconf 78' lang='lat' dir='ltr'>conclusionem,</span> <span class='ocrx_word' id='word_1_139' title='bbox 1455 2758 1554 2855; x_wconf 93' lang='lat' dir='ltr'>quod</span> <span class='ocrx_word' id='word_1_140' title='bbox 1580 2758 1703 2833; x_wconf 85' lang='lat' dir='ltr'>nulius</span> <span class='ocrx_word' id='word_1_141' title='bbox 1723 2766 1778 2833; x_wconf 90' lang='lat' dir='ltr'>est</span> <span class='ocrx_word' id='word_1_142' title='bbox 1795 2766 1870 2835; x_wconf 88' lang='lat' dir='ltr'>tam</span> 
     </span>
     <span class='ocr_line' id='line_1_17' title="bbox 699 2877 1871 2974; baseline 0 -15"><span class='ocrx_word' id='word_1_143' title='bbox 699 2880 1006 2974; x_wconf 67' lang='lat' dir='ltr'>socleramum</span> <span class='ocrx_word' id='word_1_144' title='bbox 1033 2879 1385 2973; x_wconf 67' lang='lat' dir='ltr'>exommunicatus,</span> <span class='ocrx_word' id='word_1_145' title='bbox 1406 2878 1469 2973; x_wconf 92' lang='lat' dir='ltr'>qui</span> <span class='ocrx_word' id='word_1_146' title='bbox 1495 2877 1532 2951; x_wconf 94' lang='lat' dir='ltr'>in</span> <span class='ocrx_word' id='word_1_147' title='bbox 1558 2885 1724 2953; x_wconf 84' lang='lat' dir='ltr'>extrema</span> <span class='ocrx_word' id='word_1_148' title='bbox 1750 2886 1871 2960; x_wconf 79' lang='lat' dir='ltr'>morte</span> 
     </span>
     <span class='ocr_line' id='line_1_18' title="bbox 699 2998 1872 3095; baseline -0.002 -18"><span class='ocrx_word' id='word_1_149' title='bbox 699 3022 774 3077; x_wconf 89' lang='lat' dir='ltr'>non</span> <span class='ocrx_word' id='word_1_150' title='bbox 798 3000 910 3095; x_wconf 89' lang='lat' dir='ltr'>possit</span> <span class='ocrx_word' id='word_1_151' title='bbox 935 3000 1056 3077; x_wconf 89' lang='lat' dir='ltr'>redire</span> <span class='ocrx_word' id='word_1_152' title='bbox 1079 3000 1127 3075; x_wconf 93' lang='lat' dir='ltr'>ad</span> <span class='ocrx_word' id='word_1_153' title='bbox 1151 3000 1283 3093; x_wconf 88' lang='lat' dir='ltr'>Deum,</span> <span class='ocrx_word' id='word_1_154' title='bbox 1309 2998 1479 3095; x_wconf 86' lang='lat' dir='ltr'>exempto</span> <span class='ocrx_word' id='word_1_155' title='bbox 1509 2998 1693 3093; x_wconf 84' lang='lat' dir='ltr'>Maniredi,</span> <span class='ocrx_word' id='word_1_156' title='bbox 1719 2998 1784 3095; x_wconf 93' lang='lat' dir='ltr'>qui</span> <span class='ocrx_word' id='word_1_157' title='bbox 1804 2999 1872 3075; x_wconf 79' lang='lat' dir='ltr'>suit</span> 
     </span>
     <span class='ocr_line' id='line_1_19' title="bbox 699 3119 1872 3215; baseline 0.003 -20"><span class='ocrx_word' id='word_1_158' title='bbox 699 3120 852 3196; x_wconf 76' lang='lat' dir='ltr'>infestus</span> <span class='ocrx_word' id='word_1_159' title='bbox 876 3120 1051 3214; x_wconf 81' lang='lat' dir='ltr'>ecciesiae,</span> <span class='ocrx_word' id='word_1_160' title='bbox 1076 3120 1161 3196; x_wconf 86' lang='lat' dir='ltr'>licet</span> <span class='ocrx_word' id='word_1_161' title='bbox 1186 3126 1289 3215; x_wconf 90' lang='lat' dir='ltr'>pater</span> <span class='ocrx_word' id='word_1_162' title='bbox 1315 3120 1406 3215; x_wconf 88' lang='lat' dir='ltr'>plus,</span> <span class='ocrx_word' id='word_1_163' title='bbox 1433 3138 1545 3212; x_wconf 93' lang='lat' dir='ltr'>quem</span> <span class='ocrx_word' id='word_1_164' title='bbox 1567 3125 1674 3215; x_wconf 90' lang='lat' dir='ltr'>poeta</span> <span class='ocrx_word' id='word_1_165' title='bbox 1689 3119 1768 3214; x_wconf 86' lang='lat' dir='ltr'>jam</span> <span class='ocrx_word' id='word_1_166' title='bbox 1795 3127 1872 3199; x_wconf 88' lang='lat' dir='ltr'>tam</span> 
     </span>
     <span class='ocr_line' id='line_1_20' title="bbox 698 3238 1872 3337; baseline 0.001 -23"><span class='ocrx_word' id='word_1_167' title='bbox 698 3247 874 3337; x_wconf 88' lang='lat' dir='ltr'>posuerat</span> <span class='ocrx_word' id='word_1_168' title='bbox 898 3241 1114 3315; x_wconf 91' lang='lat' dir='ltr'>damnatum</span> <span class='ocrx_word' id='word_1_169' title='bbox 1145 3240 1240 3315; x_wconf 89' lang='lat' dir='ltr'>inter</span> <span class='ocrx_word' id='word_1_170' title='bbox 1271 3239 1473 3335; x_wconf 91' lang='lat' dir='ltr'>epicureos.</span> <span class='ocrx_word' id='word_1_171' title='bbox 1504 3240 1548 3313; x_wconf 85' lang='lat' dir='ltr'>Et</span> <span class='ocrx_word' id='word_1_172' title='bbox 1579 3238 1785 3313; x_wconf 85' lang='lat' dir='ltr'>Maniredus</span> <span class='ocrx_word' id='word_1_173' title='bbox 1810 3260 1872 3315; x_wconf 89' lang='lat' dir='ltr'>re·</span> 
     </span>
     <span class='ocr_line' id='line_1_21' title="bbox 698 3358 1872 3457; baseline -0.002 -22"><span class='ocrx_word' id='word_1_174' title='bbox 698 3361 850 3457; x_wconf 88' lang='lat' dir='ltr'>spondet</span> <span class='ocrx_word' id='word_1_175' title='bbox 866 3360 971 3435; x_wconf 87' lang='lat' dir='ltr'>atteri</span> <span class='ocrx_word' id='word_1_176' title='bbox 990 3359 1180 3455; x_wconf 81' lang='lat' dir='ltr'>questioni</span> <span class='ocrx_word' id='word_1_177' title='bbox 1202 3360 1336 3435; x_wconf 85' lang='lat' dir='ltr'>tacitae:</span> <span class='ocrx_word' id='word_1_178' title='bbox 1357 3366 1502 3455; x_wconf 91' lang='lat' dir='ltr'>poterat</span> <span class='ocrx_word' id='word_1_179' title='bbox 1519 3358 1617 3434; x_wconf 93' lang='lat' dir='ltr'>enim</span> <span class='ocrx_word' id='word_1_180' title='bbox 1634 3359 1759 3435; x_wconf 92' lang='lat' dir='ltr'>dicere</span> <span class='ocrx_word' id='word_1_181' title='bbox 1774 3360 1872 3435; x_wconf 81' lang='lat' dir='ltr'>Itan-</span> 
     </span>
     <span class='ocr_line' id='line_1_22' title="bbox 697 3478 1873 3577; baseline 0 -21"><span class='ocrx_word' id='word_1_182' title='bbox 697 3488 772 3556; x_wconf 86' lang='lat' dir='ltr'>tes:</span> <span class='ocrx_word' id='word_1_183' title='bbox 797 3479 884 3575; x_wconf 92' lang='lat' dir='ltr'>quid</span> <span class='ocrx_word' id='word_1_184' title='bbox 902 3500 992 3577; x_wconf 81' lang='lat' dir='ltr'>ergo</span> <span class='ocrx_word' id='word_1_185' title='bbox 1015 3479 1218 3577; x_wconf 89' lang='lat' dir='ltr'>preiudicat</span> <span class='ocrx_word' id='word_1_186' title='bbox 1236 3480 1303 3553; x_wconf 85' lang='lat' dir='ltr'>ista</span> <span class='ocrx_word' id='word_1_187' title='bbox 1321 3478 1684 3555; x_wconf 74' lang='lat' dir='ltr'>excommunicatio?</span> <span class='ocrx_word' id='word_1_188' title='bbox 1702 3487 1739 3554; x_wconf 93' lang='lat' dir='ltr'>et</span> <span class='ocrx_word' id='word_1_189' title='bbox 1756 3500 1873 3574; x_wconf 81' lang='lat' dir='ltr'>quam</span> 
     </span>
     <span class='ocr_line' id='line_1_23' title="bbox 697 3600 1875 3697; baseline 0.001 -21"><span class='ocrx_word' id='word_1_190' title='bbox 697 3601 1031 3676; x_wconf 82' lang='lat' dir='ltr'>excommunicatio</span> <span class='ocrx_word' id='word_1_191' title='bbox 1043 3602 1144 3697; x_wconf 89' lang='lat' dir='ltr'>justa</span> <span class='ocrx_word' id='word_1_192' title='bbox 1164 3601 1219 3675; x_wconf 88' lang='lat' dir='ltr'>vel</span> <span class='ocrx_word' id='word_1_193' title='bbox 1240 3600 1372 3697; x_wconf 91' lang='lat' dir='ltr'>injusta</span> <span class='ocrx_word' id='word_1_194' title='bbox 1390 3600 1549 3675; x_wconf 89' lang='lat' dir='ltr'>timenda</span> <span class='ocrx_word' id='word_1_195' title='bbox 1568 3604 1652 3674; x_wconf 79' lang='lat' dir='ltr'>est?</span> <span class='ocrx_word' id='word_1_196' title='bbox 1669 3602 1875 3697; x_wconf 87' lang='lat' dir='ltr'>Respondet</span> 
     </span>
     <span class='ocr_line' id='line_1_24' title="bbox 697 3720 1873 3818; baseline 0.002 -23"><span class='ocrx_word' id='word_1_197' title='bbox 697 3720 918 3813; x_wconf 85' lang='lat' dir='ltr'>Maniredus,</span> <span class='ocrx_word' id='word_1_198' title='bbox 938 3720 1036 3818; x_wconf 92' lang='lat' dir='ltr'>quod</span> <span class='ocrx_word' id='word_1_199' title='bbox 1055 3720 1399 3795; x_wconf 80' lang='lat' dir='ltr'>excommunicatus</span> <span class='ocrx_word' id='word_1_200' title='bbox 1418 3726 1474 3795; x_wconf 92' lang='lat' dir='ltr'>est</span> <span class='ocrx_word' id='word_1_201' title='bbox 1493 3720 1637 3817; x_wconf 84' lang='lat' dir='ltr'>longius</span> <span class='ocrx_word' id='word_1_202' title='bbox 1663 3732 1827 3797; x_wconf 87' lang='lat' dir='ltr'>remotus</span> <span class='ocrx_word' id='word_1_203' title='bbox 1850 3742 1873 3797; x_wconf 89' lang='lat' dir='ltr'>a</span> 
     </span>
     <span class='ocr_line' id='line_1_25' title="bbox 699 3832 1874 3936; baseline 0 -17"><span class='ocrx_word' id='word_1_204' title='bbox 699 3842 788 3936; x_wconf 83' lang='lat' dir='ltr'>Dee,</span> <span class='ocrx_word' id='word_1_205' title='bbox 814 3848 853 3917; x_wconf 91' lang='lat' dir='ltr'>et</span> <span class='ocrx_word' id='word_1_206' title='bbox 878 3841 1017 3915; x_wconf 88' lang='lat' dir='ltr'>tardius</span> <span class='ocrx_word' id='word_1_207' title='bbox 1041 3847 1159 3936; x_wconf 89' lang='lat' dir='ltr'>potest</span> <span class='ocrx_word' id='word_1_208' title='bbox 1180 3840 1300 3916; x_wconf 90' lang='lat' dir='ltr'>redire</span> <span class='ocrx_word' id='word_1_209' title='bbox 1316 3841 1363 3915; x_wconf 92' lang='lat' dir='ltr'>ad</span> <span class='ocrx_word' id='word_1_210' title='bbox 1383 3832 1419 3933; x_wconf 79' lang='lat'>(¹)</span> <span class='ocrx_word' id='word_1_211' title='bbox 1440 3861 1539 3916; x_wconf 90' lang='lat' dir='ltr'>eum.</span> <span class='ocrx_word' id='word_1_212' title='bbox 1559 3840 1661 3917; x_wconf 91' lang='lat' dir='ltr'>Unde</span> <span class='ocrx_word' id='word_1_213' title='bbox 1680 3842 1784 3917; x_wconf 90' lang='lat' dir='ltr'>dicit:</span> <span class='ocrx_word' id='word_1_214' title='bbox 1810 3848 1874 3919; x_wconf 87' lang='lat' dir='ltr'>Ver</span> 
     </span>
     <span class='ocr_line' id='line_1_26' title="bbox 699 3958 1876 4059; baseline 0.004 -23"><span class='ocrx_word' id='word_1_215' title='bbox 699 3958 804 4036; x_wconf 83' lang='lat' dir='ltr'>dcte</span> <span class='ocrx_word' id='word_1_216' title='bbox 834 3965 947 4057; x_wconf 83' lang='lat' dir='ltr'>quote,</span> <span class='ocrx_word' id='word_1_217' title='bbox 973 3961 1078 4055; x_wconf 92' lang='lat' dir='ltr'>idest,</span> <span class='ocrx_word' id='word_1_218' title='bbox 1103 3961 1341 4059; x_wconf 87' lang='lat' dir='ltr'>quicumque,</span> <span class='ocrx_word' id='word_1_219' title='bbox 1373 3981 1495 4033; x_wconf 80' lang='lat' dir='ltr'>maore</span> <span class='ocrx_word' id='word_1_220' title='bbox 1522 3963 1560 4035; x_wconf 87' lang='lat' dir='ltr'>in</span> <span class='ocrx_word' id='word_1_221' title='bbox 1589 3966 1808 4036; x_wconf 74' lang='lat' dir='ltr'>cornamento</span> <span class='ocrx_word' id='word_1_222' title='bbox 1835 3966 1876 4041; x_wconf 81' lang='lat' dir='ltr'>di</span> 
     </span>
     <span class='ocr_line' id='line_1_27' title="bbox 700 4082 1876 4177; baseline 0 -16"><span class='ocrx_word' id='word_1_223' title='bbox 700 4090 805 4161; x_wconf 78' lang='lat' dir='ltr'>sonu</span> <span class='ocrx_word' id='word_1_224' title='bbox 827 4085 956 4174; x_wconf 61' lang='lat' dir='ltr'>emesa,</span> <span class='ocrx_word' id='word_1_225' title='bbox 981 4082 1127 4177; x_wconf 87' lang='lat' dir='ltr'>scilicet,</span> <span class='ocrx_word' id='word_1_226' title='bbox 1147 4082 1232 4177; x_wconf 92' lang='lat' dir='ltr'>quia</span> <span class='ocrx_word' id='word_1_227' title='bbox 1250 4102 1455 4176; x_wconf 90' lang='lat' dir='ltr'>numquam</span> <span class='ocrx_word' id='word_1_228' title='bbox 1475 4082 1730 4157; x_wconf 90' lang='lat' dir='ltr'>reconciliatur</span> <span class='ocrx_word' id='word_1_229' title='bbox 1756 4082 1876 4161; x_wconf 84' lang='lat' dir='ltr'>eccie-</span> 
     </span>
     <span class='ocr_line' id='line_1_28' title="bbox 702 4202 1874 4297; baseline -0.003 -16"><span class='ocrx_word' id='word_1_230' title='bbox 702 4202 766 4281; x_wconf 82' lang='lat' dir='ltr'>siae</span> <span class='ocrx_word' id='word_1_231' title='bbox 790 4202 827 4277; x_wconf 90' lang='lat' dir='ltr'>in</span> <span class='ocrx_word' id='word_1_232' title='bbox 853 4203 948 4296; x_wconf 73' lang='lat' dir='ltr'>vita,</span> <span class='ocrx_word' id='word_1_233' title='bbox 974 4223 1088 4275; x_wconf 84' lang='lat' dir='ltr'>ancer</span> <span class='ocrx_word' id='word_1_234' title='bbox 1120 4205 1224 4275; x_wconf 81' lang='lat' dir='ltr'>ct’at</span> <span class='ocrx_word' id='word_1_235' title='bbox 1243 4204 1295 4294; x_wconf 80' lang='lat' dir='ltr'>fin</span> <span class='ocrx_word' id='word_1_236' title='bbox 1319 4205 1490 4295; x_wconf 84' lang='lat' dir='ltr'>sipenta,</span> <span class='ocrx_word' id='word_1_237' title='bbox 1516 4202 1618 4297; x_wconf 88' lang='lat' dir='ltr'>idest,</span> <span class='ocrx_word' id='word_1_238' title='bbox 1645 4203 1682 4277; x_wconf 91' lang='lat' dir='ltr'>in</span> <span class='ocrx_word' id='word_1_239' title='bbox 1707 4208 1874 4279; x_wconf 85' lang='lat' dir='ltr'>extrema</span> 
     </span>
     <span class='ocr_line' id='line_1_29' title="bbox 701 4321 1876 4420; baseline 0.002 -21"><span class='ocrx_word' id='word_1_240' title='bbox 701 4329 823 4399; x_wconf 85' lang='lat' dir='ltr'>morte</span> <span class='ocrx_word' id='word_1_241' title='bbox 847 4322 1018 4420; x_wconf 88' lang='lat' dir='ltr'>quamvis</span> <span class='ocrx_word' id='word_1_242' title='bbox 1044 4323 1170 4398; x_wconf 89' lang='lat' dir='ltr'>redeat</span> <span class='ocrx_word' id='word_1_243' title='bbox 1195 4321 1239 4395; x_wconf 93' lang='lat' dir='ltr'>ad</span> <span class='ocrx_word' id='word_1_244' title='bbox 1258 4322 1377 4395; x_wconf 88' lang='lat' dir='ltr'>Deum</span> <span class='ocrx_word' id='word_1_245' title='bbox 1396 4343 1481 4397; x_wconf 91' lang='lat' dir='ltr'>cum</span> <span class='ocrx_word' id='word_1_246' title='bbox 1500 4328 1670 4419; x_wconf 71' lang='lat' dir='ltr'>spector</span> <span class='ocrx_word' id='word_1_247' title='bbox 1695 4326 1720 4397; x_wconf 85' lang='lat' dir='ltr'>tt</span> <span class='ocrx_word' id='word_1_248' title='bbox 1744 4346 1876 4401; x_wconf 77' lang='lat' dir='ltr'>mount</span> 
     </span>
     <span class='ocr_line' id='line_1_30' title="bbox 701 4441 1875 4541; baseline 0.001 -23"><span class='ocrx_word' id='word_1_249' title='bbox 701 4445 751 4518; x_wconf 80' lang='lat' dir='ltr'>da</span> <span class='ocrx_word' id='word_1_250' title='bbox 775 4449 895 4535; x_wconf 83' lang='lat' dir='ltr'>questo</span> <span class='ocrx_word' id='word_1_251' title='bbox 918 4445 1002 4537; x_wconf 84' lang='lat' dir='ltr'>ripa</span> <span class='ocrx_word' id='word_1_252' title='bbox 1018 4446 1056 4515; x_wconf 85' lang='lat' dir='ltr'>in</span> <span class='ocrx_word' id='word_1_253' title='bbox 1069 4446 1185 4537; x_wconf 78' lang='lat' dir='ltr'>sucre,</span> <span class='ocrx_word' id='word_1_254' title='bbox 1205 4441 1307 4536; x_wconf 93' lang='lat' dir='ltr'>idest,</span> <span class='ocrx_word' id='word_1_255' title='bbox 1333 4448 1438 4516; x_wconf 87' lang='lat' dir='ltr'>extra</span> <span class='ocrx_word' id='word_1_256' title='bbox 1456 4442 1567 4517; x_wconf 87' lang='lat' dir='ltr'>istum</span> <span class='ocrx_word' id='word_1_257' title='bbox 1594 4449 1757 4517; x_wconf 89' lang='lat' dir='ltr'>montem</span> <span class='ocrx_word' id='word_1_258' title='bbox 1785 4466 1875 4541; x_wconf 92' lang='lat' dir='ltr'>pur-</span> 
     </span>
     <span class='ocr_line' id='line_1_31' title="bbox 699 4562 1873 4661; baseline 0.003 -25"><span class='ocrx_word' id='word_1_259' title='bbox 699 4562 843 4659; x_wconf 84' lang='lat' dir='ltr'>gatorii,</span> <span class='ocrx_word' id='word_1_260' title='bbox 865 4582 933 4637; x_wconf 90' lang='lat' dir='ltr'>nec</span> <span class='ocrx_word' id='word_1_261' title='bbox 957 4569 1076 4657; x_wconf 88' lang='lat' dir='ltr'>potest</span> <span class='ocrx_word' id='word_1_262' title='bbox 1100 4563 1239 4637; x_wconf 84' lang='lat' dir='ltr'>intrare</span> <span class='ocrx_word' id='word_1_263' title='bbox 1263 4562 1397 4659; x_wconf 86' lang='lat' dir='ltr'>ipsum,</span> <span class='ocrx_word' id='word_1_264' title='bbox 1424 4564 1704 4657; x_wconf 63' lang='lat' dir='ltr'>renuntient</span> <span class='ocrx_word' id='word_1_265' title='bbox 1729 4570 1873 4661; x_wconf 89' lang='lat' dir='ltr'>tempo-</span> 
     </span>
     <span class='ocr_line' id='line_1_32' title="bbox 700 4678 1872 4781; baseline 0.006 -25"><span class='ocrx_word' id='word_1_266' title='bbox 700 4682 812 4778; x_wconf 88' lang='lat' dir='ltr'>ribus,</span> <span class='ocrx_word' id='word_1_267' title='bbox 832 4706 906 4777; x_wconf 84' lang='lat' dir='ltr'>pcr.</span> <span class='ocrx_word' id='word_1_268' title='bbox 926 4687 1011 4777; x_wconf 79' lang='lat' dir='ltr'>oqnt</span> <span class='ocrx_word' id='word_1_269' title='bbox 1035 4690 1147 4777; x_wconf 85' lang='lat' dir='ltr'>tempo</span> <span class='ocrx_word' id='word_1_270' title='bbox 1180 4686 1232 4757; x_wconf 88' lang='lat' dir='ltr'>ct&#39;</span> <span class='ocrx_word' id='word_1_271' title='bbox 1245 4686 1314 4775; x_wconf 79' lang='lat' dir='ltr'>epti</span> <span class='ocrx_word' id='word_1_272' title='bbox 1337 4678 1470 4759; x_wconf 77' lang='lat' dir='ltr'>dstote</span> <span class='ocrx_word' id='word_1_273' title='bbox 1493 4688 1531 4759; x_wconf 85' lang='lat' dir='ltr'>in</span> <span class='ocrx_word' id='word_1_274' title='bbox 1554 4706 1621 4759; x_wconf 81' lang='lat' dir='ltr'>suo</span> <span class='ocrx_word' id='word_1_275' title='bbox 1642 4690 1872 4781; x_wconf 80' lang='lat' dir='ltr'>presnnzion,</span> 
     </span>
     <span class='ocr_line' id='line_1_33' title="bbox 700 4802 1876 4903; baseline 0.003 -24"><span class='ocrx_word' id='word_1_276' title='bbox 700 4802 846 4899; x_wconf 83' lang='lat' dir='ltr'>scilicet,</span> <span class='ocrx_word' id='word_1_277' title='bbox 872 4804 1225 4879; x_wconf 86' lang='lat' dir='ltr'>excommunicatus.</span> <span class='ocrx_word' id='word_1_278' title='bbox 1253 4804 1296 4877; x_wconf 83' lang='lat' dir='ltr'>Et</span> <span class='ocrx_word' id='word_1_279' title='bbox 1320 4804 1380 4879; x_wconf 89' lang='lat' dir='ltr'>hic</span> <span class='ocrx_word' id='word_1_280' title='bbox 1406 4810 1491 4879; x_wconf 89' lang='lat' dir='ltr'>nota</span> <span class='ocrx_word' id='word_1_281' title='bbox 1517 4805 1616 4898; x_wconf 94' lang='lat' dir='ltr'>quod</span> <span class='ocrx_word' id='word_1_282' title='bbox 1641 4814 1749 4900; x_wconf 88' lang='lat' dir='ltr'>poeta</span> <span class='ocrx_word' id='word_1_283' title='bbox 1774 4807 1876 4903; x_wconf 88' lang='lat' dir='ltr'>ponit</span> 
     </span>
    </p>
   </div>
   <div class='ocr_carea' id='block_1_3' title="bbox 764 5062 1095 5125">
    <p class='ocr_par' dir='ltr' id='par_1_3' title="bbox 764 5062 1095 5125">
     <span class='ocr_line' id='line_1_34' title="bbox 764 5062 1095 5125; baseline 0.012 -11"><span class='ocrx_word' id='word_1_284' title='bbox 764 5062 792 5125; x_wconf 82' lang='lat'>(¹)</span> <span class='ocrx_word' id='word_1_285' title='bbox 808 5064 840 5115; x_wconf 84' lang='lat' dir='ltr'>E.</span> <span class='ocrx_word' id='word_1_286' title='bbox 856 5062 888 5114; x_wconf 78' lang='lat' dir='ltr'>nd</span> <span class='ocrx_word' id='word_1_287' title='bbox 905 5064 997 5117; x_wconf 78' lang='lat' dir='ltr'>Deum</span> <span class='ocrx_word' id='word_1_288' title='bbox 1014 5066 1095 5119; x_wconf 81' lang='lat' dir='ltr'>Unde.</span> 
     </span>
    </p>
   </div>
   <div class='ocr_carea' id='block_1_4' title="bbox 0 0 2286 6836">
    <p class='ocr_par' dir='ltr' id='par_1_4' title="bbox 0 0 2286 6836">
     <span class='ocr_line' id='line_1_35' title="bbox 0 0 2286 6836; baseline 0 0"><span class='ocrx_word' id='word_1_289' title='bbox 0 0 2286 6836; x_wconf 95' lang='lat' dir='ltr'> </span> 
     </span>
    </p>
   </div>
  </div>
 </body>
</html>
