4542 6842
1510 936 1577 1005 113

403 1316 571 1387 CANTUS
593 1322 804 1403 QUARTUS,
827 1325 864 1389 ia
886 1345 946 1408 aaa
968 1330 1086 1393 tractat
1099 1328 1181 1393 sicut
1194 1333 1318 1394 secatus
1340 1335 1387 1395 est
1407 1329 1577 1413 Virpdiam

480 1452 578 1515 super
597 1441 731 1501 montem
753 1436 967 1503 declarantem
987 1437 1050 1503 stat
1066 1437 1134 1503 alia
1156 1438 1195 1503 de
1205 1438 1359 1520 planetis·
1383 1446 1412 1506 et
1433 1442 1578 1524 scandar

481 1544 563 1611 siout
575 1546 761 1612 inverterunt
775 1549 910 1629 spiritus
926 1548 1054 1613 mmm
1075 1550 1131 1631 aui
1151 1550 1343 1633 aeptipmtcs
1358 1551 1497 1633 sanant,
1513 1553 1572 1619 sab

480 1656 571 1723 tituto
593 1657 773 1741 Belacpaoe,
796 1659 955 1743 Quartae
976 1659 1082 1725 Danti
1103 1666 1133 1725 ct
1159 1660 1356 1727 declarantes
1378 1664 1408 1727 ei
1430 1666 1574 1745 quastio-

480 1787 552 1833 aem
572 1769 778 1835 restaurandi
799 1775 931 1853 tempos.

454 2178 465 2184 ’·
482 2070 693 2279 Quiane
711 2189 781 2261 per
805 2171 987 2243 wlmare
1011 2191 1119 2243 oaocr
1134 2190 1204 2263 per
1228 2174 1351 2263 doptie.
1373 2173 1572 2266 Postquam

399 2282 437 2357 in
454 2286 634 2381 superiori
647 2287 805 2383 capitulo
818 2289 988 2382 proxime
1000 2290 1218 2385 precedenti
1232 2298 1338 2386 poeta
1353 2281 1477 2367 noster
1494 2300 1571 2366 tra-

399 2405 511 2478 ctavit
523 2404 561 2498 (¹)
584 2413 622 2483 et
640 2406 898 2482 determinavit
914 2408 961 2483 de
976 2410 1136 2485 munda
1154 2411 1273 2505 specie
1294 2412 1570 2509 negligentium,

398 2524 463 2619 qui
493 2526 714 2603 distulerunt
744 2528 995 2623 paenitentiam
1027 2530 1074 2604 ad
1105 2531 1277 2606 ultimum
1308 2532 1392 2605 vitae
1421 2539 1571 2628 propter

400 2648 838 2742 excommunicationem,
852 2670 964 2725 nnnc
983 2658 1252 2745 consequenter
1269 2652 1306 2725 iu
1323 2652 1390 2725 isto
1408 2653 1566 2747 capitulo

397 2774 533 2859 quarto
557 2768 687 2865 agitet
704 2775 837 2843 tractat
860 2769 907 2844 de
932 2771 1038 2845 tertia
1064 2770 1185 2865 specie
1209 2771 1482 2868 negligentium,
1504 2773 1568 2867 qui

397 2894 635 2962 cessaverunt
660 2889 782 2963 iacere
807 2908 921 2984 opera
939 2891 1127 2965 meritoria
1148 2912 1268 2986 usque
1292 2892 1329 2965 in
1356 2892 1464 2969 finem
1484 2913 1570 2987 pro-

333 3042 336 3046 ·
396 3014 479 3103 pter
504 3010 618 3083 soiam
641 3009 822 3105 pigritiam
850 3016 888 3085 et
913 3010 1108 3107 ignaviam.
1127 3013 1172 3085 Et
1188 3032 1349 3107 praesens
1366 3014 1567 3108 capitutum

396 3125 541 3203 videtur
554 3120 592 3222 (²)
621 3149 686 3223 per
711 3150 752 3203 se
775 3129 984 3203 distinctum
1011 3129 1047 3204 in
1072 3138 1147 3206 tras
1167 3140 1289 3228 partes
1305 3133 1513 3229 generalem
1531 3132 1568 3207 in

394 3250 514 3345 prium
540 3270 700 3344 quarum
727 3260 834 3345 poeta
859 3251 1077 3327 continuans
1101 3273 1142 3327 se
1167 3254 1213 3327 ad
1240 3254 1482 3348 praecedentia
1503 3254 1569 3328 de-

394 3368 518 3443 scribit
542 3388 648 3444 saam
679 3368 948 3466 dispositionem
979 3376 1017 3447 et
1050 3372 1147 3447 viam
1178 3394 1245 3468 per
1278 3395 1390 3468 quam
1422 3373 1568 3447 intravit

393 3487 431 3562 in
457 3496 634 3563 montem.
653 3490 692 3563 ln
710 3490 870 3586 secunda
887 3489 1059 3565 describit
1074 3491 1342 3589 dispositionem
1362 3493 1445 3567 coeli
1469 3492 1564 3566 iiiius

393 3609 603 3705 hemisperii
628 3610 820 3705 interioris,
847 3609 915 3684 ibi:
941 3617 972 3685 Α
997 3616 1099 3686 seder
1123 3616 1157 3687 ci
1177 3635 1372 3706 poaemmo.
1392 3615 1432 3688 ln
1457 3613 1564 3689 tertia

391 3735 429 3805 et
454 3730 584 3808 ultima
608 3730 780 3806 describit
803 3737 941 3807 sectam
968 3732 1122 3806 istorum
1154 3734 1359 3831 pigrorum,
1375 3741 1423 3811 et
1447 3754 1564 3808 unum

391 3849 541 3926 illorum
561 3850 598 3924 in
615 3850 772 3946 speciali,
795 3851 857 3946 qui
877 3852 1053 3927 moderno
1073 3852 1193 3928 iuerat
1210 3853 1276 3928 sibi
1295 3863 1404 3929 notus
1422 3856 1458 3928 in
1476 3854 1562 3948 vita,

392 3970 461 4045 ibi:
479 3977 543 4045 tta
557 3994 595 4045 se
610 3993 635 4044 a
652 3975 805 4065 tepidae.
825 3970 878 4046 nd
895 3972 1057 4068 primum
1080 3973 1162 4048 dico
1180 3974 1279 4068 quod
1299 3980 1406 4069 poeta
1426 3972 1564 4049 descri-

391 4092 444 4167 bit
469 4114 535 4189 per
560 4093 871 4169 continuationem
896 4093 1166 4191 dispositionem
1189 4116 1295 4169 suam
1321 4095 1418 4169 circa
1447 4099 1563 4169 mate-

392 4212 485 4288 riam
512 4214 791 4309 praecedentem.
817 4213 862 4288 Et
886 4213 982 4288 istud
1016 4214 1215 4309 capitulum
1249 4234 1323 4289 non
1352 4220 1408 4290 ost
1441 4214 1563 4287 minus

391 4333 524 4409 subtile
549 4354 661 4427 quam
688 4334 914 4428 praeoedens5
939 4334 1046 4409 cuius
1070 4335 1189 4430 primu
1216 4356 1300 4430 pars
1326 4342 1382 4411 est
1411 4340 1563 4409 nutura-

389 4454 445 4548 iis,
471 4452 631 4528 secunda
656 4453 885 4550 astrologica,
913 4454 1019 4529 tertia
1045 4455 1204 4531 moralis.
1223 4456 1267 4529 Et
1288 4456 1325 4528 in
1351 4455 1417 4529 ista
1443 4454 1561 4549 prima

389 4580 495 4669 parte
519 4572 778 4667 continuativa,
801 4580 909 4669 poeta
935 4575 1197 4651 sententialiter
1214 4576 1293 4650 vult
1312 4574 1445 4671 dicere,
1461 4577 1559 4671 quod

389 4692 467 4788 ipse
491 4713 579 4768 cum
606 4698 705 4767 tanta
730 4694 932 4769 attentione
961 4700 1112 4769 steterat
1141 4694 1302 4769 intentus
1333 4696 1379 4771 ad
1408 4696 1562 4771 audieu-

388 4812 479 4889 dum
503 4832 630 4909 regem
648 4813 876 4888 Maniredum
894 4815 1105 4908 loquentem
1126 4835 1266 4910 secum,
1284 4816 1383 4911 quod
1402 4808 1560 4892 multum

449 4998 477 5061 (¹)
495 4998 525 5049 li.
541 5002 662 5050 tractarit
677 5006 704 5050 et
719 5002 876 5054 examinavit
890 5014 937 5051 scu
953 5002 1143 5053 determinavit.

391 5075 397 5086 '
450 5072 479 5139 (Ἴ
494 5076 526 5127 Ε.
542 5076 667 5127 dividitur
682 5077 709 5128 in
725 5084 787 5129 tres.

521 5182 563 5225 111.
1411 5190 1426 5231 Β
