4542 6842
717 950 788 1017 1ot
1078 964 1283 1020 couarvruu
1308 967 1528 1022 runcaronn

712 1129 826 1200 uoce,
852 1110 952 1182 cl’io
974 1112 1024 1205 sci
1048 1112 1087 1184 di
1111 1130 1178 1202 mc,
1204 1111 1307 1207 idest,
1334 1134 1448 1207 quam
1474 1132 1624 1188 crucem
1652 1132 1724 1209 ego
1749 1112 1889 1189 locide

712 1226 871 1303 brachiis
896 1229 989 1303 meis
1015 1230 1053 1303 in
1078 1232 1299 1307 memoriam
1325 1232 1502 1329 passionis
1527 1232 1658 1307 Christi
1673 1226 1723 1327 (ἲ),
1747 1236 1890 1326 mondo

711 1350 740 1421 il
761 1350 878 1440 dolor,
904 1347 1050 1444 scilicet,
1077 1351 1217 1447 mortis
1244 1356 1293 1426 nti
1317 1356 1433 1427 unse:
1459 1355 1637 1426 columma·
1656 1374 1725 1445 per
1758 1356 1789 1427 lc
1813 1356 1890 1445 ripe

711 1488 819 1561 oper
842 1472 878 1541 lo
899 1472 1023 1564 fondo,
1049 1470 1161 1566 ipsius
1194 1472 1294 1567 Arni,
1317 1475 1380 1566 poi
1403 1474 1452 1545 oti
1475 1491 1616 1564 oopcrsc
1641 1492 1662 1544 c
1685 1474 1790 1564 close,
1817 1472 1889 1548 sci-

711 1588 796 1664 licet
820 1610 932 1685 supra
957 1598 995 1665 et
1019 1591 1128 1687 circa,
1164 1595 1202 1667 ro·
1225 1614 1291 1666 suro
1311 1596 1441 1685 proclo,
1468 1592 1583 1666 mixta
1603 1611 1691 1666 cum
1716 1612 1823 1689 aqua.
1842 1594 1888 1667 Et

711 1710 763 1784 sic
779 1710 984 1787 Boncontes
1002 1713 1185 1808 respondit
1199 1713 1246 1789 de
1262 1715 1451 1809 sepultura
1467 1734 1546 1807 sua,
1561 1733 1674 1806 quam
1693 1713 1760 1788 sibi
1777 1720 1884 1809 poeta

711 1830 855 1922 dixerat
878 1852 960 1907 esse
976 1832 1181 1929 ignoratam
1192 1858 1203 1929 3
1221 1840 1258 1908 et
1274 1834 1476 1927 considera,
1498 1834 1625 1929 lector,
1646 1841 1784 1928 quanta
1804 1840 1886 1909 arte

711 1959 819 2049 poeta
845 1959 969 2031 noster
988 1955 1206 2030 exaltaverit
1222 1956 1329 2032 istam
1349 1954 1543 2029 materiam
1568 1954 1615 2029 de
1640 1976 1681 2029 se
1704 1954 1884 2029 humilem

711 2078 749 2147 et
772 2072 1092 2147 bassam-Del!
1108 2076 1214 2149 Nunc
1230 2074 1361 2148 ultimo
1378 2081 1485 2169 poeta
1502 2074 1735 2149 subannectit
1751 2094 1885 2169 quem-

709 2190 794 2265 dam
821 2192 972 2267 tertium
997 2193 1164 2289 spiritum
1196 2192 1242 2269 de
1272 2214 1430 2269 numero
1461 2193 1734 2288 praedictorum.
1767 2193 1811 2266 Et
1843 2200 1885 2267 ut

708 2332 871 2407 praesens
887 2312 992 2388 litera
1009 2313 1054 2386 sit
1071 2314 1217 2408 clarior,
1244 2320 1299 2389 est
1323 2312 1443 2409 primo
1467 2313 1670 2409 sciendum,
1692 2314 1791 2408 quod
1816 2313 1884 2389 ista

708 2431 831 2507 anima
847 2432 916 2507 luit
932 2433 1103 2526 quaerlam
1121 2433 1250 2508 nobilis
1267 2433 1415 2508 domina
1428 2434 1590 2509 senensis
1606 2434 1653 2509 de
1669 2434 1782 2528 stirpe
1798 2434 1886 2508 Pto·

707 2554 940 2645 lomaeorum‚
967 2574 1052 2646 quae
1077 2553 1145 2626 luit
1171 2575 1267 2629 uror
1291 2554 1483 2629 cuiusdam
1510 2554 1640 2629 nobilis
1665 2554 1798 2648 militis,
1819 2554 1883 2649 qui

709 2680 862 2750 vocatus
887 2680 943 2749 est
967 2672 1138 2748 dominus
1162 2675 1286 2749 Nellos
1307 2676 1354 2750 de
1374 2675 1628 2751 Panochisohis
1643 2666 1681 2768 (¹)
1698 2675 1744 2751 de
1761 2676 1881 2768 Petra,

707 2796 772 2891 qui
792 2801 872 2870 erat
889 2800 1017 2890 potens
1034 2794 1072 2869 in
1088 2795 1276 2870 maritima
1291 2796 1484 2871 senarum.
1503 2796 1640 2871 Accidit
1662 2817 1764 2893 ergo,
1783 2796 1882 2891 quod

706 2906 850 3009 dume)
876 2922 1091 3009 ooenassent,
1117 2922 1156 2990 et
1187 2916 1254 2990 ista
1285 2916 1432 2991 domina
1461 2923 1575 2992 staret
1604 2918 1652 2993 ad
1681 2919 1880 2993 fenestram

706 3036 829 3134 palatii
854 3037 890 3109 io
920 3034 1055 3109 solatiis
1086 3034 1174 3130 suis,
1200 3035 1349 3132 quidam
1379 3036 1595 3112 domicellus
1626 3037 1673 3111 de
1706 3036 1879 3112 mandato

705 3158 797 3233 Nelli
822 3156 917 3252 oepit
940 3156 1046 3230 istam
1065 3156 1252 3232 dominam
1270 3176 1336 3252 per
1354 3156 1464 3251 pedes
1481 3163 1519 3231 et
1538 3157 1776 3253 precipitavit
1792 3177 1886 3249 eam¹

704 3299 773 3373 per
801 3278 1012 3371 fenestram,
1042 3295 1128 3371 quae
1158 3276 1333 3351 continuo
1362 3284 1512 3353 mortua
1541 3284 1607 3372 est,
1647 3278 1770 3354 nescio
1803 3299 1877 3372 qua

704 3398 919 3493 suspicione.
945 3396 1000 3469 Er
1025 3396 1132 3470 ouius
1158 3403 1277 3471 morte
1298 3396 1436 3472 crudeli
1461 3403 1590 3472 natum
1616 3404 1673 3473 est
1698 3417 1876 3494 magnum

704 3520 829 3594 odium
848 3518 943 3592 inter
959 3517 1099 3592 dictum
1115 3517 1307 3593 dominum
1325 3518 1482 3613 Nellum,
1500 3524 1538 3593 el
1554 3518 1772 3595 Ptolommos
1789 3539 1889 3610 con-¹

703 3646 821 3715 sortes
845 3638 957 3733 ipsius
981 3638 1149 3713 domina.
1176 3638 1281 3712 Nunc
1305 3637 1353 3712 ad
1377 3638 1622 3733 propositum:
1641 3638 1709 3713 ista
1729 3638 1877 3714 domina

703 3766 809 3858 rogat
834 3760 1003 3855 Dantem,
1028 3766 1071 3832 ut
1097 3764 1203 3855 roget
1228 3777 1296 3854 pro
1321 3779 1377 3853 ea,
1403 3758 1432 3832 si
1460 3778 1641 3853 umquam
1671 3760 1814 3835 venerit
1838 3760 1876 3833 in

702 3880 872 3955 Tusciam
904 3878 952 3953 ad
984 3878 1169 3954 civitatem
1203 3878 1412 3972 Senarum;
1448 3877 1534 3953 dicit
1567 3900 1681 3977 ergo:
1715 3883 1743 3952 it
1777 3888 1876 3954 terzo

700 4005 838 4095 sparto,
855 4000 1002 4095 scilicet,
1027 3999 1185 4074 dominae
1203 3999 1296 4091 Piae,
1321 3998 1440 4093 impie
1455 3997 1667 4095 interiectae,
1688 3994 1820 4092 sepulto
1837 4002 1878 4073 ol

700 4125 864 4214 secondo,
888 4121 992 4216 idest,
1018 4121 1163 4195 locutus
1189 4128 1244 4195 est
1266 4118 1472 4194 successive
1488 4125 1570 4215 post
1587 4120 1754 4215 spiritum
1776 4120 1874 4195 Bon·

700 4244 828 4338 contis,
846 4242 910 4337 qui
934 4241 1152 4317 secundario
1176 4242 1321 4315 locutus
1342 4239 1464 4315 luerat
1480 4246 1561 4335 post
1578 4240 1759 4336 primum:
1777 4242 1872 4314 Del!

700 4363 816 4438 Dictio
840 4362 1072 4458 deprecativa
1096 4368 1163 4453 est,
1188 4362 1363 4434 nmrdat
1386 4362 1424 4435 di
1447 4382 1514 4452 ore,
1535 4368 1572 4437 et
1589 4368 1632 4435 ut
1647 4361 1760 4457 possit
1776 4362 1873 4437 bene
1947 4404 1953 4419 ·

700 4482 886 4559 recordari
908 4482 999 4575 eius,
1020 4480 1196 4556 continuo
1222 4480 1335 4579 tangit
1355 4502 1467 4555 suum
1485 4502 1632 4575 nomen,
1654 4483 1778 4557 locum
1795 4482 1872 4557 ori·

698 4603 806 4701 ginis,
823 4602 945 4676 looum
969 4601 1110 4696 mortis,
1128 4606 1165 4675 et
1190 4600 1320 4675 mortis
1344 4606 1528 4695 autorem,
1552 4601 1695 4677 dicens:
1722 4603 1782 4675 clue
1806 4622 1871 4675 sou
1992 4682 1996 4691 ,

700 4728 737 4798 lo
760 4728 838 4797 Pio.
863 4724 935 4797 Ista
959 4721 1108 4796 domina
1139 4721 1343 4797 vocabatur
1368 4722 1443 4816 Pia,
1474 4742 1588 4817 quam
1619 4722 1730 4817 impio
1762 4722 1870 4796 mini-

760 4954 788 5016 (¹l
803 4954 835 5004 E·
851 4954 913 5004 lem
928 4952 1030 5004 utristi.
1225 4952 1253 5015 (¹)
1270 4950 1301 5003 li.
1317 4951 1464 5003 Panosclria.

761 5032 789 5096 (¹)
806 5032 839 5081 li.
852 5032 916 5081 dum
936 5030 1018 5081 semel
1038 5032 1276 5090 emeat-117,
1298 5028 1362 5079 dum
1386 5028 1468 5079 semel
1487 5030 1535 5081 isla
1555 5028 1660 5080 (lomim
1682 5030 1763 5078 caret
1782 5026 1814 5077 nd
1829 5024 1871 5077 se-

697 5115 822 5163 utrm.
