4542 6842
746 926 818 994 leh
1105 936 1310 993 conanruu
1333 937 1555 993 nunanronu

745 1084 789 1156 Et
813 1081 916 1157 dicit:
942 1103 962 1155 e
986 1084 1056 1155 duo
1080 1078 1242 1172 maante,
1267 1101 1515 1177 praecursores
1543 1081 1713 1178 aliorum,
1737 1086 1919 1175 padam

701 1316 706 1323 ,
738 1204 958 1296 mutim
989 1200 1076 1296 quia
1101 1207 1302 1299 Purgant&
1326 1222 1378 1295 se,
1403 1206 1552 1277 cantant
1577 1203 1766 1297 plorando,
1792 1211 1830 1279 et
1861 1204 1920 1280 di.

745 1323 880 1401 cebant
893 1316 929 1417 (¹)
958 1322 994 1397 in
1020 1322 1284 1419 improperium
1309 1321 1476 1398 accidiae:
1495 1327 1618 1397 Mario
1642 1344 1744 1399 corsa
1758 1328 1797 1399 in
1810 1330 1920 1421 fratta

744 1446 818 1519 alle
844 1452 1050 1536 nonnam,
1075 1451 1118 1518 ut
1143 1444 1307 1519 visitaret
1337 1442 1530 1519 Elisabeth.
1561 1445 1666 1539 Nam,
1695 1451 1735 1519 ut
1761 1446 1919 1522 habetur

685 1617 711 1643 .-
743 1566 853 1641 Lucae
878 1566 1036 1661 capitulo
1061 1566 1087 1660 1,
1113 1565 1268 1660 angelus
1292 1565 1443 1641 veniens
1457 1560 1461 1569 '
1474 1566 1522 1640 ad
1551 1566 1703 1641 Mariam
1730 1567 1766 1641 in
1791 1567 1919 1645 civita·

745 1690 819 1761 tem
839 1685 1032 1779 Nazareth,
1052 1684 1217 1759 nuntiata
1238 1683 1304 1759 sibi
1322 1684 1559 1781 conceptione
1577 1685 1787 1781 Salvatoris,
1808 1688 1915 1767 dixit:

744 1810 781 1880 et
806 1824 893 1881 ecce
917 1804 1098 1879 Elisabeth
1120 1811 1276 1901 cognata
1294 1810 1358 1879 tua
1375 1810 1444 1880 etc.
1462 1805 1506 1877 Et
1523 1805 1697 1881 continuo
1714 1807 1826 1883 llaria
1846 1829 1916 1884 au-

743 1926 817 2000 dita
834 1925 1071 2021 conceptione
1091 1924 1274 1999 Elisabeth
1299 1944 1457 2022 surgens
1472 1946 1560 2000 cum
1578 1925 1805 2003 testinatione
1829 1928 1917 2002 abiit

744 2046 781 2120 in
799 2052 984 2139 montana,
1003 2052 1040 2120 et
1057 2044 1191 2118 mansit
1208 2065 1295 2119 cum
1313 2066 1360 2121 ea
1379 2045 1497 2119 tribus
1516 2046 1703 2121 mensibus
1720 2068 1916 2142 usquequo

744 2164 901 2262 peperit3
927 2164 1058 2240 deinde
1077 2185 1227 2259 reversa
1248 2171 1303 2240 est
1318 2164 1474 2241 domum
1494 2186 1612 2239 suam.
1631 2166 1676 2242 Et
1695 2187 1785 2242 vere
1804 2167 1916 2242 Maria

743 2284 812 2359 luit
836 2284 982 2361 inimica
1006 2283 1155 2359 accidiae
1180 2284 1391 2361 omnimode
1416 2286 1572 2378 orando,
1594 2286 1787 2381 vigilando,
1813 2287 1919 2363 labo-

744 2404 871 2499 raudo,
885 2403 1070 2479 currendo
1082 2403 1129 2478 ad
1143 2414 1320 2499 montem,
1330 2403 1504 2501 fugiendo
1516 2404 1563 2480 ad
1578 2406 1684 2501 plana
1692 2378 1835 2505 AEpypti
1845 2412 1914 2481 etc.

743 2526 787 2599 Et
806 2524 894 2620 quia
911 2531 1032 2619 posset
1048 2524 1171 2600 dicere
1186 2524 1407 2601 accidiosus:
1426 2546 1501 2599 non
1520 2545 1669 2621 possum
1687 2546 1768 2601 asse
1784 2526 1916 2621 blaria3

742 2644 824 2721 ideo
849 2644 971 2719 statim
998 2644 1146 2719 adducit
1170 2646 1382 2740 exemplum
1399 2645 1562 2721 casaris.
1582 2646 1625 2719 Et
1645 2646 1692 2721 ad
1712 2646 1918 2743 intelligen-

743 2764 832 2840 tiam
858 2764 969 2839 huius
991 2764 1106 2839 literae
1131 2771 1187 2839 est
1205 2764 1366 2841 breviter
1387 2764 1590 2859 sciendum,
1610 2765 1721 2859 quod,
1743 2772 1784 2839 ut
1803 2771 1916 2841 testa·

744 2890 805 2958 tur
830 2882 1036 2977 Suetonius,
1062 2883 1184 2957 Caesar
1210 2882 1336 2981 fugato
1361 2884 1536 2978 Pompeio
1554 2905 1601 2959 ex
1621 2885 1735 2979 ltalia,
1755 2891 1792 2961 et
1817 2886 1917 2961 ordi·

743 3010 829 3079 nata
856 3004 949 3079 urbe
965 3003 1013 3077 ad
1033 3004 1191 3099 libitum,
1209 3005 1297 3079 dum
1317 3004 1484 3081 tenderet
1499 3006 1536 3079 in
1555 3005 1764 3101 Hispaniam
1786 3014 1915 3082 contra

742 3130 820 3199 tres
845 3126 985 3221 legatos
1018 3124 1287 3220 potentissimos
1317 3124 1478 3220 Pompei,
1503 3146 1577 3200 non
1609 3125 1807 3201 retardavit
1832 3126 1913 3221 iter,

742 3243 826 3319 licet
862 3244 1014 3319 blassilia
1055 3245 1342 3341 pertinacissime
1374 3245 1562 3321 clauderet
1598 3247 1666 3321 sibi
1706 3253 1840 3342 portas,
1879 3254 1918 3323 et

743 3385 889 3440 summa
921 3364 1041 3460 inopia
1073 3364 1279 3439 retardaret
1303 3384 1412 3459 eum3
1444 3365 1541 3441 unde
1572 3366 1699 3441 relicto
1724 3366 1839 3443 Bruto
1867 3367 1915 3442 ad
2030 3404 2034 3410 >

742 3484 968 3560 obsidionem
982 3485 1156 3579 Massiliae,
1170 3483 1355 3580 proiectus
1372 3483 1409 3558 in
1426 3485 1633 3581 llispaniam
1652 3485 1688 3559 in
1706 3486 1809 3561 brevi
1825 3488 1916 3561 sub·

742 3604 818 3702 egit
843 3605 977 3681 omnia.
1009 3605 1101 3682 llicit
1133 3626 1223 3702 ergo
1257 3605 1352 3681 alter
1383 3604 1531 3679 illorum
1564 3606 1726 3680 duorum
1752 3607 1916 3713 claman-

743 3722 856 3798 tium:
882 3746 901 3799 ε
929 3729 1068 3816 cesare,
1095 3724 1242 3820 scilicet,
1268 3724 1396 3819 Julius,
1420 3728 1836 3821 pascendamque
1859 3735 1916 3803 est

741 3845 868 3921 civitas
894 3846 930 3919 in
956 3846 1143 3941 provincia
1167 3844 1405 3939 Narbonensi,
1424 3866 1510 3920 nam
1534 3846 1668 3921 dimisit
1689 3846 1737 3921 ibi
1754 3848 1912 3922 Brutum

741 3966 777 4039 in
798 3950 996 4059 obsidione,
1011 3965 1057 4041 de
1071 3966 1178 4040 cuius
1191 3963 1343 4041 victoria
1356 3964 1498 4041 dicetur
1511 3966 1672 4041 Paradisi
1685 3966 1844 4062 capitulo
1853 3968 1913 4063 lx,

741 4108 760 4159 e
786 4090 850 4179 poi
881 4106 980 4161 corsa
1004 4088 1042 4159 in
1067 4089 1237 4178 lspupno,
1263 4083 1365 4179 idest,
1392 4085 1619 4161 velocissime
1641 4086 1716 4181 ivit,
1737 4108 1805 4179 per
1828 4109 1914 4181 sop—
2014 4092 2018 4097 ’

740 4210 871 4299 parpar-
896 4208 1029 4298 llerda,
1055 4226 1141 4301 quae
1165 4212 1221 4280 est
1245 4205 1372 4281 civitas
1397 4204 1433 4279 in
1459 4206 1629 4301 Hispania
1649 4208 1821 4303 citeriori,
1850 4211 1913 4283 nbi

740 4334 847 4402 erant
874 4326 1037 4401 Petreius
1063 4332 1099 4401 et
1125 4325 1295 4399 hiranins
1319 4324 1432 4400 duces
1447 4316 1484 4418 ι’)
1512 4326 1672 4421 Pompei,
1692 4349 1785 4421 quos
1810 4349 1915 4403 oom-

741 4446 831 4540 pulit
856 4446 902 4521 ad
928 4446 1147 4522 deditionem
1178 4465 1245 4541 per
1276 4445 1391 4539 sitim3
1422 4452 1460 4521 et
1493 4445 1667 4521 continuo
1701 4448 1819 4522 Varro
1850 4450 1914 4542 qui

741 4566 883 4643 eratin
917 4564 1083 4641 ulteriori
1114 4564 1284 4659 Hispania
1315 4570 1444 4661 sponte
1472 4586 1513 4641 se
1531 4556 1568 4658 (³)
1602 4566 1747 4641 dedidit.
1783 4566 1826 4639 Et
1858 4568 1917 4642 hic

742 4692 839 4782 nota,
866 4687 991 4779 lector,
1018 4685 1117 4779 quod
1143 4684 1287 4759 nullum
1319 4687 1531 4781 exemplum
1563 4692 1708 4781 poterat
1731 4686 1918 4763 adducere

742 4812 849 4902 poeta
875 4804 993 4901 magis
1018 4805 1227 4901 proprium3
1246 4806 1333 4900 quia
1362 4806 1484 4881 nullus
1510 4828 1675 4902 unquam
1703 4808 1914 4883 mortalium

804 4989 833 5053 (¹)
849 4991 879 5042 E.
896 4990 1015 5041 dicebant
1031 4991 1227 5055 improperium.
1416 4992 1445 5055 ι’]
1461 4994 1492 5046 Ε.
1510 4994 1633 5045 ductores
1648 4994 1764 5057 Pompei.

805 5067 832 5131 ι’)
848 5068 878 5119 E.
895 5081 923 5119 se
939 5068 978 5119 llli
995 5068 1100 5119 dedidit.
