<?xml version="1.0" encoding="UTF-8"?>
<!DOCTYPE html PUBLIC "-//W3C//DTD XHTML 1.0 Transitional//EN"
    "http://www.w3.org/TR/xhtml1/DTD/xhtml1-transitional.dtd">
<html xmlns="http://www.w3.org/1999/xhtml" xml:lang="en" lang="en">
 <head>
  <title>
</title>
<meta http-equiv="Content-Type" content="text/html;charset=utf-8" />
  <meta name='ocr-system' content='tesseract 3.04.00' />
  <meta name='ocr-capabilities' content='ocr_page ocr_carea ocr_par ocr_line ocrx_word'/>
</head>
<body>
  <div class='ocr_page' id='page_1' title='image "./comentumsuperda01unkngoog_0564.png"; bbox 0 0 4542 6842; ppageno 0'>
   <div class='ocr_carea' id='block_1_1' title="bbox 742 960 1549 1027">
    <p class='ocr_par' dir='ltr' id='par_1_1' title="bbox 742 960 1549 1027">
     <span class='ocr_line' id='line_1_1' title="bbox 742 960 1549 1027; baseline -0.006 -1"><span class='ocrx_word' id='word_1_1' title='bbox 742 960 812 1027; x_wconf 80' lang='lat' dir='ltr'><strong>tuo</strong></span> <span class='ocrx_word' id='word_1_2' title='bbox 876 976 877 981; x_wconf 46' lang='lat'>¹</span> <span class='ocrx_word' id='word_1_3' title='bbox 1100 970 1305 1025; x_wconf 68' lang='lat' dir='ltr'><strong>commorunt</strong></span> <span class='ocrx_word' id='word_1_4' title='bbox 1329 968 1549 1025; x_wconf 78' lang='lat' dir='ltr'><strong>runonxonn</strong></span> 
     </span>
    </p>
   </div>
   <div class='ocr_carea' id='block_1_2' title="bbox 739 1113 1986 4698">
    <p class='ocr_par' dir='ltr' id='par_1_2' title="bbox 739 1113 1986 4698">
     <span class='ocr_line' id='line_1_2' title="bbox 740 1113 1911 1209; baseline -0.002 -18"><span class='ocrx_word' id='word_1_5' title='bbox 740 1120 762 1191; x_wconf 83' lang='lat' dir='ltr'><strong>f</strong></span> <span class='ocrx_word' id='word_1_6' title='bbox 774 1119 869 1190; x_wconf 80' lang='lat' dir='ltr'><strong>altro</strong></span> <span class='ocrx_word' id='word_1_7' title='bbox 890 1122 1007 1209; x_wconf 84' lang='lat' dir='ltr'><strong>parte,</strong></span> <span class='ocrx_word' id='word_1_8' title='bbox 1033 1114 1124 1191; x_wconf 86' lang='lat' dir='ltr'><strong>idest</strong></span> <span class='ocrx_word' id='word_1_9' title='bbox 1149 1114 1258 1190; x_wconf 91' lang='lat' dir='ltr'><strong>nimis</strong></span> <span class='ocrx_word' id='word_1_10' title='bbox 1273 1115 1436 1189; x_wconf 77' lang='lat' dir='ltr'><strong>aduerat</strong></span> <span class='ocrx_word' id='word_1_11' title='bbox 1452 1113 1677 1189; x_wconf 76' lang='lat' dir='ltr'><strong>extremitati</strong></span> <span class='ocrx_word' id='word_1_12' title='bbox 1694 1114 1764 1190; x_wconf 85' lang='lat' dir='ltr'><strong>viae</strong></span> <span class='ocrx_word' id='word_1_13' title='bbox 1779 1119 1911 1190; x_wconf 86' lang='lat' dir='ltr'><strong>contra</strong></span> 
     </span>
     <span class='ocr_line' id='line_1_3' title="bbox 740 1235 1914 1332; baseline -0.003 -19"><span class='ocrx_word' id='word_1_14' title='bbox 740 1244 916 1332; x_wconf 85' lang='lat' dir='ltr'><strong>montem,</strong></span> <span class='ocrx_word' id='word_1_15' title='bbox 930 1236 1016 1331; x_wconf 87' lang='lat' dir='ltr'><strong>quia</strong></span> <span class='ocrx_word' id='word_1_16' title='bbox 1028 1256 1165 1312; x_wconf 85' lang='lat' dir='ltr'><strong>avarus</strong></span> <span class='ocrx_word' id='word_1_17' title='bbox 1177 1256 1324 1331; x_wconf 77' lang='lat' dir='ltr'>semper</span> <span class='ocrx_word' id='word_1_18' title='bbox 1342 1241 1443 1311; x_wconf 86' lang='lat' dir='ltr'><strong>tenet</strong></span> <span class='ocrx_word' id='word_1_19' title='bbox 1455 1240 1667 1310; x_wconf 88' lang='lat' dir='ltr'><strong>extremum</strong></span> <span class='ocrx_word' id='word_1_20' title='bbox 1682 1236 1780 1331; x_wconf 86' lang='lat' dir='ltr'><strong>quod</strong></span> <span class='ocrx_word' id='word_1_21' title='bbox 1794 1235 1914 1310; x_wconf 84' lang='lat' dir='ltr'><strong>vitare</strong></span> 
     </span>
     <span class='ocr_line' id='line_1_4' title="bbox 740 1354 1912 1454; baseline -0.003 -23"><span class='ocrx_word' id='word_1_22' title='bbox 740 1358 957 1454; x_wconf 84' lang='lat' dir='ltr'><strong>quaerebant</strong></span> <span class='ocrx_word' id='word_1_23' title='bbox 987 1357 1046 1432; x_wconf 92' lang='lat' dir='ltr'><strong>isti</strong></span> <span class='ocrx_word' id='word_1_24' title='bbox 1076 1363 1216 1453; x_wconf 77' lang='lat' dir='ltr'><strong>poetae;</strong></span> <span class='ocrx_word' id='word_1_25' title='bbox 1246 1356 1329 1431; x_wconf 89' lang='lat' dir='ltr'><strong>ideo</strong></span> <span class='ocrx_word' id='word_1_26' title='bbox 1352 1355 1590 1431; x_wconf 73' lang='lat' dir='ltr'><strong>adherebant</strong></span> <span class='ocrx_word' id='word_1_27' title='bbox 1614 1356 1731 1432; x_wconf 91' lang='lat' dir='ltr'><strong>monti</strong></span> <span class='ocrx_word' id='word_1_28' title='bbox 1757 1354 1912 1429; x_wconf 85' lang='lat' dir='ltr'><strong>virtutis.</strong></span> 
     </span>
     <span class='ocr_line' id='line_1_5' title="bbox 740 1476 1913 1574; baseline -0.003 -21"><span class='ocrx_word' id='word_1_29' title='bbox 740 1481 997 1553; x_wconf 77' lang='lat' dir='ltr'><strong>-Mofedeuo</strong></span> <span class='ocrx_word' id='word_1_30' title='bbox 1024 1478 1089 1552; x_wconf 83' lang='lat' dir='ltr'><strong>liic</strong></span> <span class='ocrx_word' id='word_1_31' title='bbox 1114 1483 1221 1573; x_wconf 92' lang='lat' dir='ltr'><strong>poeta</strong></span> <span class='ocrx_word' id='word_1_32' title='bbox 1245 1476 1479 1553; x_wconf 88' lang='lat' dir='ltr'><strong>considerans</strong></span> <span class='ocrx_word' id='word_1_33' title='bbox 1508 1478 1683 1574; x_wconf 81' lang='lat' dir='ltr'><strong>generale</strong></span> <span class='ocrx_word' id='word_1_34' title='bbox 1707 1496 1913 1552; x_wconf 88' lang='lat' dir='ltr'><strong>nocumen-</strong></span> 
     </span>
     <span class='ocr_line' id='line_1_6' title="bbox 741 1589 1911 1693; baseline -0.004 -18"><span class='ocrx_word' id='word_1_35' title='bbox 741 1609 822 1675; x_wconf 89' lang='lat' dir='ltr'><strong>tum</strong></span> <span class='ocrx_word' id='word_1_36' title='bbox 838 1599 1013 1693; x_wconf 84' lang='lat' dir='ltr'><strong>avaritiae,</strong></span> <span class='ocrx_word' id='word_1_37' title='bbox 1030 1598 1233 1673; x_wconf 86' lang='lat' dir='ltr'><strong>amaricato</strong></span> <span class='ocrx_word' id='word_1_38' title='bbox 1258 1598 1383 1672; x_wconf 89' lang='lat' dir='ltr'><strong>animo</strong></span> <span class='ocrx_word' id='word_1_39' title='bbox 1407 1597 1591 1672; x_wconf 80' lang='lat' dir='ltr'><strong>exclamat</strong></span> <span class='ocrx_word' id='word_1_40' title='bbox 1605 1589 1642 1689; x_wconf 75' lang='lat'><strong>(⁴)</strong></span> <span class='ocrx_word' id='word_1_41' title='bbox 1660 1605 1788 1673; x_wconf 89' lang='lat' dir='ltr'><strong>contra</strong></span> <span class='ocrx_word' id='word_1_42' title='bbox 1814 1618 1911 1691; x_wconf 84' lang='lat' dir='ltr'><strong>eam,</strong></span> 
     </span>
     <span class='ocr_line' id='line_1_7' title="bbox 739 1716 1914 1812; baseline -0.004 -17"><span class='ocrx_word' id='word_1_43' title='bbox 739 1720 882 1796; x_wconf 90' lang='lat' dir='ltr'><strong>dicens:</strong></span> <span class='ocrx_word' id='word_1_44' title='bbox 909 1721 1094 1793; x_wconf 82' lang='lat' dir='ltr'><strong>Mofcdetto</strong></span> <span class='ocrx_word' id='word_1_45' title='bbox 1117 1721 1207 1792; x_wconf 82' lang='lat' dir='ltr'><strong>si’ta</strong></span> <span class='ocrx_word' id='word_1_46' title='bbox 1232 1720 1350 1791; x_wconf 75' lang='lat' dir='ltr'><strong>anfcc</strong></span> <span class='ocrx_word' id='word_1_47' title='bbox 1375 1721 1471 1810; x_wconf 86' lang='lat' dir='ltr'><strong>lupo,</strong></span> <span class='ocrx_word' id='word_1_48' title='bbox 1488 1717 1541 1792; x_wconf 90' lang='lat' dir='ltr'><strong>sic</strong></span> <span class='ocrx_word' id='word_1_49' title='bbox 1564 1718 1723 1812; x_wconf 83' lang='lat' dir='ltr'><strong>appellat</strong></span> <span class='ocrx_word' id='word_1_50' title='bbox 1745 1738 1828 1792; x_wconf 91' lang='lat' dir='ltr'><strong>eam</strong></span> <span class='ocrx_word' id='word_1_51' title='bbox 1855 1716 1914 1790; x_wconf 91' lang='lat' dir='ltr'><strong>in·</strong></span> 
     </span>
     <span class='ocr_line' id='line_1_8' title="bbox 740 1830 1913 1935; baseline -0.006 -19"><span class='ocrx_word' id='word_1_52' title='bbox 740 1840 832 1916; x_wconf 90' lang='lat' dir='ltr'><strong>ferni</strong></span> <span class='ocrx_word' id='word_1_53' title='bbox 845 1830 881 1931; x_wconf 79' lang='lat'><strong>(²)</strong></span> <span class='ocrx_word' id='word_1_54' title='bbox 900 1846 937 1913; x_wconf 88' lang='lat' dir='ltr'><strong>et</strong></span> <span class='ocrx_word' id='word_1_55' title='bbox 952 1839 1038 1913; x_wconf 87' lang='lat' dir='ltr'><strong>alibi</strong></span> <span class='ocrx_word' id='word_1_56' title='bbox 1055 1858 1163 1935; x_wconf 87' lang='lat' dir='ltr'><strong>saepe,</strong></span> <span class='ocrx_word' id='word_1_57' title='bbox 1180 1840 1241 1913; x_wconf 81' lang='lat' dir='ltr'><strong>cire</strong></span> <span class='ocrx_word' id='word_1_58' title='bbox 1250 1833 1315 1933; x_wconf 67' lang='lat' dir='ltr'><strong>piel</strong></span> <span class='ocrx_word' id='word_1_59' title='bbox 1330 1840 1392 1911; x_wconf 79' lang='lat' dir='ltr'><strong>cle</strong></span> <span class='ocrx_word' id='word_1_60' title='bbox 1406 1844 1486 1911; x_wconf 77' lang='lat' dir='ltr'><strong>tate</strong></span> <span class='ocrx_word' id='word_1_61' title='bbox 1501 1839 1622 1911; x_wconf 67' lang='lat' dir='ltr'><strong>folda</strong></span> <span class='ocrx_word' id='word_1_62' title='bbox 1633 1837 1748 1928; x_wconf 63' lang='lat' dir='ltr'><strong>msto,</strong></span> <span class='ocrx_word' id='word_1_63' title='bbox 1764 1835 1913 1929; x_wconf 87' lang='lat' dir='ltr'><strong>scilicet,</strong></span> 
     </span>
     <span class='ocr_line' id='line_1_9' title="bbox 741 1955 1914 2056; baseline -0.005 -21"><span class='ocrx_word' id='word_1_64' title='bbox 741 1981 853 2056; x_wconf 91' lang='lat' dir='ltr'><strong>quam</strong></span> <span class='ocrx_word' id='word_1_65' title='bbox 881 1959 939 2034; x_wconf 88' lang='lat' dir='ltr'><strong>leo</strong></span> <span class='ocrx_word' id='word_1_66' title='bbox 965 1960 1024 2033; x_wconf 88' lang='lat' dir='ltr'><strong>vel</strong></span> <span class='ocrx_word' id='word_1_67' title='bbox 1041 1958 1237 2053; x_wconf 86' lang='lat' dir='ltr'><strong>leopardus</strong></span> <span class='ocrx_word' id='word_1_68' title='bbox 1258 1966 1339 2052; x_wconf 83' lang='lat' dir='ltr'><strong>etc,</strong></span> <span class='ocrx_word' id='word_1_69' title='bbox 1357 1960 1418 2031; x_wconf 82' lang='lat' dir='ltr'><strong>dai</strong></span> <span class='ocrx_word' id='word_1_70' title='bbox 1432 1960 1572 2051; x_wconf 83' lang='lat' dir='ltr'><strong>predu;</strong></span> <span class='ocrx_word' id='word_1_71' title='bbox 1592 1955 1680 2052; x_wconf 91' lang='lat' dir='ltr'><strong>quia</strong></span> <span class='ocrx_word' id='word_1_72' title='bbox 1701 1957 1825 2053; x_wconf 83' lang='lat' dir='ltr'><strong>plures</strong></span> <span class='ocrx_word' id='word_1_73' title='bbox 1844 1957 1914 2030; x_wconf 88' lang='lat' dir='ltr'><strong>ho·</strong></span> 
     </span>
     <span class='ocr_line' id='line_1_10' title="bbox 742 2076 1914 2174; baseline -0.003 -19"><span class='ocrx_word' id='word_1_74' title='bbox 742 2080 858 2155; x_wconf 90' lang='lat' dir='ltr'><strong>mines</strong></span> <span class='ocrx_word' id='word_1_75' title='bbox 882 2078 980 2174; x_wconf 89' lang='lat' dir='ltr'><strong>capis</strong></span> <span class='ocrx_word' id='word_1_76' title='bbox 1005 2078 1176 2153; x_wconf 87' lang='lat' dir='ltr'><strong>violentia</strong></span> <span class='ocrx_word' id='word_1_77' title='bbox 1201 2086 1277 2153; x_wconf 87' lang='lat' dir='ltr'><strong>tua.</strong></span> <span class='ocrx_word' id='word_1_78' title='bbox 1295 2077 1456 2152; x_wconf 74' lang='lat' dir='ltr'><strong>Avaritia</strong></span> <span class='ocrx_word' id='word_1_79' title='bbox 1473 2076 1572 2152; x_wconf 91' lang='lat' dir='ltr'><strong>enim</strong></span> <span class='ocrx_word' id='word_1_80' title='bbox 1589 2076 1775 2172; x_wconf 80' lang='lat' dir='ltr'><strong>percurrit</strong></span> <span class='ocrx_word' id='word_1_81' title='bbox 1793 2083 1914 2151; x_wconf 88' lang='lat' dir='ltr'><strong>terras</strong></span> 
     </span>
     <span class='ocr_line' id='line_1_11' title="bbox 741 2196 1916 2292; baseline -0.006 -17"><span class='ocrx_word' id='word_1_82' title='bbox 741 2205 778 2275; x_wconf 84' lang='lat' dir='ltr'><strong>et</strong></span> <span class='ocrx_word' id='word_1_83' title='bbox 802 2199 921 2273; x_wconf 90' lang='lat' dir='ltr'><strong>maria</strong></span> <span class='ocrx_word' id='word_1_84' title='bbox 946 2199 1040 2273; x_wconf 84' lang='lat' dir='ltr'><strong>inter</strong></span> <span class='ocrx_word' id='word_1_85' title='bbox 1066 2199 1252 2273; x_wconf 87' lang='lat' dir='ltr'><strong>latronum</strong></span> <span class='ocrx_word' id='word_1_86' title='bbox 1278 2205 1315 2273; x_wconf 89' lang='lat' dir='ltr'><strong>et</strong></span> <span class='ocrx_word' id='word_1_87' title='bbox 1340 2198 1546 2292; x_wconf 80' lang='lat' dir='ltr'><strong>piratarum</strong></span> <span class='ocrx_word' id='word_1_88' title='bbox 1572 2197 1731 2291; x_wconf 90' lang='lat' dir='ltr'><strong>insidias,</strong></span> <span class='ocrx_word' id='word_1_89' title='bbox 1756 2196 1916 2273; x_wconf 87' lang='lat' dir='ltr'><strong>armavit</strong></span> 
     </span>
     <span class='ocr_line' id='line_1_12' title="bbox 741 2308 1914 2411; baseline 0 -20"><span class='ocrx_word' id='word_1_90' title='bbox 741 2339 874 2393; x_wconf 91' lang='lat' dir='ltr'><strong>manus</strong></span> <span class='ocrx_word' id='word_1_91' title='bbox 899 2318 1090 2393; x_wconf 90' lang='lat' dir='ltr'><strong>hominum</strong></span> <span class='ocrx_word' id='word_1_92' title='bbox 1116 2310 1164 2393; x_wconf 91' lang='lat' dir='ltr'><strong>ad</strong></span> <span class='ocrx_word' id='word_1_93' title='bbox 1177 2308 1215 2411; x_wconf 59' lang='grc' dir='ltr'><strong>(ἢ</strong></span> <span class='ocrx_word' id='word_1_94' title='bbox 1243 2318 1399 2410; x_wconf 86' lang='lat' dir='ltr'><strong>insidias,</strong></span> <span class='ocrx_word' id='word_1_95' title='bbox 1429 2317 1547 2393; x_wconf 86' lang='lat' dir='ltr'><strong>texuit</strong></span> <span class='ocrx_word' id='word_1_96' title='bbox 1577 2317 1738 2408; x_wconf 81' lang='lat' dir='ltr'><strong>fraudes,</strong></span> <span class='ocrx_word' id='word_1_97' title='bbox 1770 2336 1914 2393; x_wconf 88' lang='lat' dir='ltr'><strong>venena</strong></span> 
     </span>
     <span class='ocr_line' id='line_1_13' title="bbox 739 2436 1915 2532; baseline -0.002 -19"><span class='ocrx_word' id='word_1_98' title='bbox 739 2438 906 2532; x_wconf 86' lang='lat' dir='ltr'><strong>confecit,</strong></span> <span class='ocrx_word' id='word_1_99' title='bbox 942 2443 1159 2513; x_wconf 83' lang='lat' dir='ltr'><strong>testamenta</strong></span> <span class='ocrx_word' id='word_1_100' title='bbox 1185 2438 1338 2532; x_wconf 77' lang='lat' dir='ltr'><strong>falsavit,</strong></span> <span class='ocrx_word' id='word_1_101' title='bbox 1369 2437 1513 2513; x_wconf 86' lang='lat' dir='ltr'><strong>foeuora</strong></span> <span class='ocrx_word' id='word_1_102' title='bbox 1543 2436 1692 2531; x_wconf 86' lang='lat' dir='ltr'><strong>invenit,</strong></span> <span class='ocrx_word' id='word_1_103' title='bbox 1723 2436 1915 2512; x_wconf 88' lang='lat' dir='ltr'><strong>mendacia</strong></span> 
     </span>
     <span class='ocr_line' id='line_1_14' title="bbox 741 2557 1915 2654; baseline 0.001 -23"><span class='ocrx_word' id='word_1_104' title='bbox 741 2558 854 2651; x_wconf 85' lang='lat' dir='ltr'><strong>finxit,</strong></span> <span class='ocrx_word' id='word_1_105' title='bbox 880 2578 990 2633; x_wconf 87' lang='lat' dir='ltr'><strong>curas</strong></span> <span class='ocrx_word' id='word_1_106' title='bbox 1015 2559 1206 2634; x_wconf 89' lang='lat' dir='ltr'><strong>mordaoes</strong></span> <span class='ocrx_word' id='word_1_107' title='bbox 1230 2578 1378 2654; x_wconf 88' lang='lat' dir='ltr'><strong>semper</strong></span> <span class='ocrx_word' id='word_1_108' title='bbox 1401 2557 1667 2651; x_wconf 78' lang='lat' dir='ltr'><strong>accumularit3</strong></span> <span class='ocrx_word' id='word_1_109' title='bbox 1687 2564 1725 2632; x_wconf 88' lang='lat' dir='ltr'><strong>et</strong></span> <span class='ocrx_word' id='word_1_110' title='bbox 1749 2578 1836 2631; x_wconf 89' lang='lat' dir='ltr'><strong>cum</strong></span> <span class='ocrx_word' id='word_1_111' title='bbox 1856 2557 1915 2632; x_wconf 80' lang='lat' dir='ltr'><strong>ri·</strong></span> 
     </span>
     <span class='ocr_line' id='line_1_15' title="bbox 742 2676 1914 2773; baseline -0.002 -20"><span class='ocrx_word' id='word_1_112' title='bbox 742 2678 873 2753; x_wconf 84' lang='lat' dir='ltr'><strong>deatur</strong></span> <span class='ocrx_word' id='word_1_113' title='bbox 890 2697 1060 2773; x_wconf 79' lang='lat' dir='ltr'><strong>quaerere</strong></span> <span class='ocrx_word' id='word_1_114' title='bbox 1074 2678 1268 2753; x_wconf 90' lang='lat' dir='ltr'><strong>commoda</strong></span> <span class='ocrx_word' id='word_1_115' title='bbox 1286 2685 1440 2771; x_wconf 76' lang='lat' dir='ltr'><strong>naturae,</strong></span> <span class='ocrx_word' id='word_1_116' title='bbox 1459 2676 1583 2751; x_wconf 93' lang='lat' dir='ltr'><strong>omnia</strong></span> <span class='ocrx_word' id='word_1_117' title='bbox 1599 2677 1755 2753; x_wconf 81' lang='lat' dir='ltr'><strong>incurrit</strong></span> <span class='ocrx_word' id='word_1_118' title='bbox 1772 2677 1914 2752; x_wconf 90' lang='lat' dir='ltr'><strong>incom-</strong></span> 
     </span>
     <span class='ocr_line' id='line_1_16' title="bbox 743 2797 1913 2892; baseline -0.002 -19"><span class='ocrx_word' id='word_1_119' title='bbox 743 2799 867 2873; x_wconf 91' lang='lat' dir='ltr'><strong>moda:</strong></span> <span class='ocrx_word' id='word_1_120' title='bbox 895 2808 932 2874; x_wconf 89' lang='lat' dir='ltr'><strong>et</strong></span> <span class='ocrx_word' id='word_1_121' title='bbox 956 2797 1059 2873; x_wconf 88' lang='lat' dir='ltr'><strong>dicit:</strong></span> <span class='ocrx_word' id='word_1_122' title='bbox 1082 2820 1150 2891; x_wconf 82' lang='lat' dir='ltr'><strong>per</strong></span> <span class='ocrx_word' id='word_1_123' title='bbox 1179 2802 1217 2871; x_wconf 87' lang='lat' dir='ltr'><strong>fo</strong></span> <span class='ocrx_word' id='word_1_124' title='bbox 1240 2806 1302 2873; x_wconf 72' lang='lat' dir='ltr'><strong>ora</strong></span> <span class='ocrx_word' id='word_1_125' title='bbox 1323 2803 1420 2892; x_wconf 83' lang='lat' dir='ltr'><strong>some</strong></span> <span class='ocrx_word' id='word_1_126' title='bbox 1443 2819 1552 2873; x_wconf 78' lang='lat' dir='ltr'><strong>senza</strong></span> <span class='ocrx_word' id='word_1_127' title='bbox 1573 2801 1645 2891; x_wconf 74' lang='lat' dir='ltr'><strong>fine</strong></span> <span class='ocrx_word' id='word_1_128' title='bbox 1668 2805 1785 2892; x_wconf 82' lang='lat' dir='ltr'><strong>capot</strong></span> <span class='ocrx_word' id='word_1_129' title='bbox 1809 2798 1913 2892; x_wconf 82' lang='lat' dir='ltr'><strong>idest,</strong></span> 
     </span>
     <span class='ocr_line' id='line_1_17' title="bbox 742 2906 1986 3015; baseline 0.002 -22"><span class='ocrx_word' id='word_1_130' title='bbox 742 2918 961 3015; x_wconf 82' lang='lat' dir='ltr'><strong>profundam</strong></span> <span class='ocrx_word' id='word_1_131' title='bbox 975 2906 1025 3011; x_wconf 69' lang='lat'>(⁴),</span> <span class='ocrx_word' id='word_1_132' title='bbox 1052 2939 1237 2993; x_wconf 84' lang='lat' dir='ltr'><strong>voracem.</strong></span> <span class='ocrx_word' id='word_1_133' title='bbox 1263 2919 1407 2994; x_wconf 77' lang='lat' dir='ltr'><strong>Avarus</strong></span> <span class='ocrx_word' id='word_1_134' title='bbox 1431 2920 1530 2996; x_wconf 90' lang='lat' dir='ltr'><strong>enirn</strong></span> <span class='ocrx_word' id='word_1_135' title='bbox 1556 2920 1730 2995; x_wconf 89' lang='lat' dir='ltr'><strong>continuo</strong></span> <span class='ocrx_word' id='word_1_136' title='bbox 1755 2920 1794 2995; x_wconf 88' lang='lat' dir='ltr'><strong>fit</strong></span> <span class='ocrx_word' id='word_1_137' title='bbox 1819 2919 1914 2994; x_wconf 91' lang='lat' dir='ltr'><strong>indi·</strong></span> <span class='ocrx_word' id='word_1_138' title='bbox 1980 3008 1986 3015; x_wconf 39' lang='grc'><em>,</em></span> 
     </span>
     <span class='ocr_line' id='line_1_18' title="bbox 741 3038 1913 3135; baseline 0 -22"><span class='ocrx_word' id='word_1_139' title='bbox 741 3038 885 3135; x_wconf 79' lang='lat' dir='ltr'><strong>gentior</strong></span> <span class='ocrx_word' id='word_1_140' title='bbox 910 3046 1098 3113; x_wconf 85' lang='lat' dir='ltr'><strong>crescente</strong></span> <span class='ocrx_word' id='word_1_141' title='bbox 1123 3039 1222 3114; x_wconf 89' lang='lat' dir='ltr'><strong>fame</strong></span> <span class='ocrx_word' id='word_1_142' title='bbox 1247 3038 1390 3133; x_wconf 89' lang='lat' dir='ltr'><strong>mentis,</strong></span> <span class='ocrx_word' id='word_1_143' title='bbox 1416 3060 1500 3134; x_wconf 84' lang='lat' dir='ltr'><strong>quae</strong></span> <span class='ocrx_word' id='word_1_144' title='bbox 1526 3060 1600 3114; x_wconf 94' lang='lat' dir='ltr'><strong>non</strong></span> <span class='ocrx_word' id='word_1_145' title='bbox 1629 3046 1748 3135; x_wconf 84' lang='lat' dir='ltr'><strong>potest</strong></span> <span class='ocrx_word' id='word_1_146' title='bbox 1772 3040 1913 3135; x_wconf 89' lang='lat' dir='ltr'><strong>expleri</strong></span> 
     </span>
     <span class='ocr_line' id='line_1_19' title="bbox 740 3158 1914 3255; baseline 0.003 -24"><span class='ocrx_word' id='word_1_147' title='bbox 740 3159 836 3233; x_wconf 90' lang='lat' dir='ltr'><strong>sicut</strong></span> <span class='ocrx_word' id='word_1_148' title='bbox 860 3158 975 3233; x_wconf 88' lang='lat' dir='ltr'><strong>fames</strong></span> <span class='ocrx_word' id='word_1_149' title='bbox 1000 3159 1164 3253; x_wconf 88' lang='lat' dir='ltr'><strong>corporis</strong></span> <span class='ocrx_word' id='word_1_150' title='bbox 1190 3158 1341 3233; x_wconf 76' lang='lat' dir='ltr'><strong>faciliter</strong></span> <span class='ocrx_word' id='word_1_151' title='bbox 1366 3158 1530 3235; x_wconf 86' lang='lat' dir='ltr'><strong>satiatur.</strong></span> <span class='ocrx_word' id='word_1_152' title='bbox 1547 3159 1592 3234; x_wconf 83' lang='lat' dir='ltr'><strong>ut</strong></span> <span class='ocrx_word' id='word_1_153' title='bbox 1616 3159 1787 3253; x_wconf 86' lang='lat' dir='ltr'><strong>implorat</strong></span> <span class='ocrx_word' id='word_1_154' title='bbox 1803 3167 1914 3255; x_wconf 86' lang='lat' dir='ltr'><strong>poeta</strong></span> 
     </span>
     <span class='ocr_line' id='line_1_20' title="bbox 740 3277 1911 3374; baseline -0.002 -19"><span class='ocrx_word' id='word_1_155' title='bbox 740 3277 919 3355; x_wconf 84' lang='lat' dir='ltr'><strong>auxilium</strong></span> <span class='ocrx_word' id='word_1_156' title='bbox 946 3286 1073 3353; x_wconf 89' lang='lat' dir='ltr'><strong>contra</strong></span> <span class='ocrx_word' id='word_1_157' title='bbox 1101 3284 1176 3352; x_wconf 85' lang='lat' dir='ltr'><strong>tam</strong></span> <span class='ocrx_word' id='word_1_158' title='bbox 1203 3278 1401 3353; x_wconf 81' lang='lat' dir='ltr'><strong>violentam</strong></span> <span class='ocrx_word' id='word_1_159' title='bbox 1427 3279 1592 3374; x_wconf 79' lang='lat' dir='ltr'><strong>bestiam,</strong></span> <span class='ocrx_word' id='word_1_160' title='bbox 1610 3278 1757 3374; x_wconf 87' lang='lat' dir='ltr'><strong>scilieet,</strong></span> <span class='ocrx_word' id='word_1_161' title='bbox 1780 3300 1911 3355; x_wconf 88' lang='lat' dir='ltr'><strong>canem</strong></span> 
     </span>
     <span class='ocr_line' id='line_1_21' title="bbox 740 3397 1915 3495; baseline 0.003 -24"><span class='ocrx_word' id='word_1_162' title='bbox 740 3398 885 3491; x_wconf 88' lang='lat' dir='ltr'><strong>fortem,</strong></span> <span class='ocrx_word' id='word_1_163' title='bbox 911 3397 975 3492; x_wconf 89' lang='lat' dir='ltr'><strong>qui</strong></span> <span class='ocrx_word' id='word_1_164' title='bbox 1000 3397 1222 3475; x_wconf 89' lang='lat' dir='ltr'><strong>exterminet</strong></span> <span class='ocrx_word' id='word_1_165' title='bbox 1247 3418 1343 3473; x_wconf 74' lang='lat' dir='ltr'><strong>eam,</strong></span> <span class='ocrx_word' id='word_1_166' title='bbox 1371 3399 1474 3474; x_wconf 87' lang='lat' dir='ltr'><strong>Unde</strong></span> <span class='ocrx_word' id='word_1_167' title='bbox 1503 3400 1740 3495; x_wconf 83' lang='lat' dir='ltr'><strong>apostrophat</strong></span> <span class='ocrx_word' id='word_1_168' title='bbox 1763 3400 1810 3474; x_wconf 87' lang='lat' dir='ltr'><strong>ad</strong></span> <span class='ocrx_word' id='word_1_169' title='bbox 1835 3420 1915 3475; x_wconf 86' lang='lat' dir='ltr'><strong>ooe·</strong></span> 
     </span>
     <span class='ocr_line' id='line_1_22' title="bbox 741 3517 1916 3613; baseline 0.003 -22"><span class='ocrx_word' id='word_1_170' title='bbox 741 3518 831 3610; x_wconf 89' lang='lat' dir='ltr'><strong>lum,</strong></span> <span class='ocrx_word' id='word_1_171' title='bbox 858 3523 895 3592; x_wconf 90' lang='lat' dir='ltr'><strong>et</strong></span> <span class='ocrx_word' id='word_1_172' title='bbox 920 3517 1025 3592; x_wconf 88' lang='lat' dir='ltr'><strong>dicit:</strong></span> <span class='ocrx_word' id='word_1_173' title='bbox 1057 3522 1087 3593; x_wconf 90' lang='lat'><em>0</em></span> <span class='ocrx_word' id='word_1_174' title='bbox 1111 3522 1187 3612; x_wconf 84' lang='lat' dir='ltr'><strong>ciel,</strong></span> <span class='ocrx_word' id='word_1_175' title='bbox 1214 3522 1273 3592; x_wconf 79' lang='lat' dir='ltr'><strong>nel</strong></span> <span class='ocrx_word' id='word_1_176' title='bbox 1294 3521 1351 3593; x_wconf 71' lang='lat' dir='ltr'><strong>croi</strong></span> <span class='ocrx_word' id='word_1_177' title='bbox 1372 3522 1478 3611; x_wconf 76' lang='grc' dir='ltr'><em>ρι’ναν</em></span> <span class='ocrx_word' id='word_1_178' title='bbox 1499 3542 1572 3613; x_wconf 85' lang='grc' dir='ltr'><strong>ραν</strong></span> <span class='ocrx_word' id='word_1_179' title='bbox 1599 3522 1660 3593; x_wconf 81' lang='lat' dir='ltr'><strong>cde</strong></span> <span class='ocrx_word' id='word_1_180' title='bbox 1687 3523 1720 3593; x_wconf 84' lang='lat' dir='ltr'><strong>si</strong></span> <span class='ocrx_word' id='word_1_181' title='bbox 1749 3524 1858 3597; x_wconf 82' lang='lat' dir='ltr'><strong>credo</strong></span> <span class='ocrx_word' id='word_1_182' title='bbox 1882 3524 1916 3595; x_wconf 78' lang='lat' dir='ltr'><strong>lc</strong></span> 
     </span>
     <span class='ocr_line' id='line_1_23' title="bbox 741 3635 1917 3735; baseline 0.002 -22"><span class='ocrx_word' id='word_1_183' title='bbox 741 3640 927 3713; x_wconf 70' lang='lat' dir='ltr'><strong>condemn</strong></span> <span class='ocrx_word' id='word_1_184' title='bbox 951 3641 989 3713; x_wconf 85' lang='lat' dir='ltr'><strong>di</strong></span> <span class='ocrx_word' id='word_1_185' title='bbox 1012 3660 1083 3731; x_wconf 82' lang='lat' dir='ltr'><strong>quo</strong></span> <span class='ocrx_word' id='word_1_186' title='bbox 1106 3635 1167 3730; x_wconf 79' lang='lat' dir='ltr'><strong>piri</strong></span> <span class='ocrx_word' id='word_1_187' title='bbox 1191 3642 1427 3733; x_wconf 65' lang='lat' dir='ltr'><strong>ominatae,</strong></span> <span class='ocrx_word' id='word_1_188' title='bbox 1466 3640 1553 3735; x_wconf 90' lang='lat' dir='ltr'><strong>quia</strong></span> <span class='ocrx_word' id='word_1_189' title='bbox 1587 3640 1754 3716; x_wconf 84' lang='lat' dir='ltr'><strong>ridemus</strong></span> <span class='ocrx_word' id='word_1_190' title='bbox 1782 3661 1917 3717; x_wconf 89' lang='lat' dir='ltr'><strong>secun-</strong></span> 
     </span>
     <span class='ocr_line' id='line_1_24' title="bbox 741 3758 1916 3854; baseline 0.003 -21"><span class='ocrx_word' id='word_1_191' title='bbox 741 3758 831 3833; x_wconf 90' lang='lat' dir='ltr'><strong>dum</strong></span> <span class='ocrx_word' id='word_1_192' title='bbox 859 3766 1002 3832; x_wconf 90' lang='lat' dir='ltr'><strong>motum</strong></span> <span class='ocrx_word' id='word_1_193' title='bbox 1029 3763 1066 3833; x_wconf 90' lang='lat' dir='ltr'><strong>et</strong></span> <span class='ocrx_word' id='word_1_194' title='bbox 1092 3758 1318 3833; x_wconf 86' lang='lat' dir='ltr'><strong>influentiam</strong></span> <span class='ocrx_word' id='word_1_195' title='bbox 1344 3759 1576 3854; x_wconf 88' lang='lat' dir='ltr'><strong>superiorum</strong></span> <span class='ocrx_word' id='word_1_196' title='bbox 1595 3760 1770 3837; x_wconf 88' lang='lat' dir='ltr'><strong>continuo</strong></span> <span class='ocrx_word' id='word_1_197' title='bbox 1794 3768 1916 3837; x_wconf 91' lang='lat' dir='ltr'><strong>traus—</strong></span> 
     </span>
     <span class='ocr_line' id='line_1_25' title="bbox 742 3870 1914 3975; baseline 0.006 -25"><span class='ocrx_word' id='word_1_198' title='bbox 742 3878 879 3951; x_wconf 90' lang='lat' dir='ltr'><strong>mutari</strong></span> <span class='ocrx_word' id='word_1_199' title='bbox 906 3898 1020 3975; x_wconf 84' lang='lat' dir='ltr'><strong>regna</strong></span> <span class='ocrx_word' id='word_1_200' title='bbox 1045 3883 1082 3953; x_wconf 89' lang='lat' dir='ltr'><strong>et</strong></span> <span class='ocrx_word' id='word_1_201' title='bbox 1106 3877 1262 3973; x_wconf 87' lang='lat' dir='ltr'><strong>imperia</strong></span> <span class='ocrx_word' id='word_1_202' title='bbox 1287 3879 1425 3973; x_wconf 92' lang='lat' dir='ltr'><strong>mundi,</strong></span> <span class='ocrx_word' id='word_1_203' title='bbox 1451 3882 1594 3973; x_wconf 69' lang='lat' dir='ltr'><strong>quondo</strong></span> <span class='ocrx_word' id='word_1_204' title='bbox 1619 3870 1741 3972; x_wconf 74' lang='lat' dir='ltr'><strong>nord,</strong></span> <span class='ocrx_word' id='word_1_205' title='bbox 1758 3880 1818 3957; x_wconf 90' lang='lat' dir='ltr'><strong>ille</strong></span> <span class='ocrx_word' id='word_1_206' title='bbox 1834 3882 1914 3957; x_wconf 88' lang='lat' dir='ltr'><strong>vel·</strong></span> 
     </span>
     <span class='ocr_line' id='line_1_26' title="bbox 743 3998 1915 4095; baseline 0.005 -24"><span class='ocrx_word' id='word_1_207' title='bbox 743 4004 834 4093; x_wconf 90' lang='lat' dir='ltr'><strong>trus,</strong></span> <span class='ocrx_word' id='word_1_208' title='bbox 854 4020 923 4091; x_wconf 86' lang='lat' dir='ltr'><strong>per</strong></span> <span class='ocrx_word' id='word_1_209' title='bbox 939 4000 995 4073; x_wconf 82' lang='lat' dir='ltr'><strong>cei</strong></span> <span class='ocrx_word' id='word_1_210' title='bbox 1010 4007 1129 4092; x_wconf 68' lang='lat' dir='ltr'><strong>perta</strong></span> <span class='ocrx_word' id='word_1_211' title='bbox 1153 4002 1321 4073; x_wconf 61' lang='lat' dir='ltr'><strong>macedo?</strong></span> <span class='ocrx_word' id='word_1_212' title='bbox 1337 3998 1439 4093; x_wconf 84' lang='lat' dir='ltr'><strong>idest,</strong></span> <span class='ocrx_word' id='word_1_213' title='bbox 1458 4000 1605 4075; x_wconf 85' lang='lat' dir='ltr'><strong>recedat</strong></span> <span class='ocrx_word' id='word_1_214' title='bbox 1629 3999 1677 4077; x_wconf 89' lang='lat' dir='ltr'><strong>de</strong></span> <span class='ocrx_word' id='word_1_215' title='bbox 1697 4000 1847 4095; x_wconf 85' lang='lat' dir='ltr'><strong>mundo,</strong></span> <span class='ocrx_word' id='word_1_216' title='bbox 1867 4001 1915 4077; x_wconf 89' lang='lat' dir='ltr'><strong>de</strong></span> 
     </span>
     <span class='ocr_line' id='line_1_27' title="bbox 742 4112 1914 4215; baseline 0.005 -24"><span class='ocrx_word' id='word_1_217' title='bbox 742 4138 818 4213; x_wconf 92' lang='lat' dir='ltr'><strong>quo</strong></span> <span class='ocrx_word' id='word_1_218' title='bbox 838 4118 918 4215; x_wconf 89' lang='lat' dir='ltr'><strong>jam</strong></span> <span class='ocrx_word' id='word_1_219' title='bbox 944 4118 1017 4193; x_wconf 91' lang='lat' dir='ltr'><strong>dixi</strong></span> <span class='ocrx_word' id='word_1_220' title='bbox 1043 4119 1142 4212; x_wconf 91' lang='lat' dir='ltr'><strong>quod</strong></span> <span class='ocrx_word' id='word_1_221' title='bbox 1168 4126 1224 4193; x_wconf 80' lang='lat' dir='ltr'><strong>est</strong></span> <span class='ocrx_word' id='word_1_222' title='bbox 1248 4120 1471 4213; x_wconf 83' lang='lat' dir='ltr'><strong>expulsurus</strong></span> <span class='ocrx_word' id='word_1_223' title='bbox 1487 4120 1534 4194; x_wconf 94' lang='lat' dir='ltr'><strong>de</strong></span> <span class='ocrx_word' id='word_1_224' title='bbox 1549 4112 1586 4213; x_wconf 78' lang='lat'><strong>(⁵)</strong></span> <span class='ocrx_word' id='word_1_225' title='bbox 1605 4120 1690 4197; x_wconf 85' lang='lat' dir='ltr'><strong>villa</strong></span> <span class='ocrx_word' id='word_1_226' title='bbox 1712 4121 1751 4195; x_wconf 91' lang='lat' dir='ltr'><strong>in</strong></span> <span class='ocrx_word' id='word_1_227' title='bbox 1768 4122 1914 4214; x_wconf 85' lang='lat' dir='ltr'><strong>rillam3</strong></span> 
     </span>
     <span class='ocr_line' id='line_1_28' title="bbox 742 4238 1915 4338; baseline 0.005 -24"><span class='ocrx_word' id='word_1_228' title='bbox 742 4238 846 4333; x_wconf 86' lang='lat' dir='ltr'><strong>quasi</strong></span> <span class='ocrx_word' id='word_1_229' title='bbox 872 4238 984 4315; x_wconf 90' lang='lat' dir='ltr'><strong>dicat:</strong></span> <span class='ocrx_word' id='word_1_230' title='bbox 1011 4239 1146 4314; x_wconf 89' lang='lat' dir='ltr'><strong>amodo</strong></span> <span class='ocrx_word' id='word_1_231' title='bbox 1165 4245 1262 4315; x_wconf 81' lang='lat' dir='ltr'><strong>esset</strong></span> <span class='ocrx_word' id='word_1_232' title='bbox 1278 4245 1423 4336; x_wconf 87' lang='lat' dir='ltr'><strong>tempus</strong></span> <span class='ocrx_word' id='word_1_233' title='bbox 1440 4241 1540 4336; x_wconf 87' lang='lat' dir='ltr'><strong>quod</strong></span> <span class='ocrx_word' id='word_1_234' title='bbox 1560 4241 1701 4317; x_wconf 88' lang='lat' dir='ltr'><strong>veltrus</strong></span> <span class='ocrx_word' id='word_1_235' title='bbox 1719 4249 1915 4338; x_wconf 84' lang='lat' dir='ltr'><strong>reponeret</strong></span> 
     </span>
     <span class='ocr_line' id='line_1_29' title="bbox 742 4348 1916 4457; baseline 0.005 -25"><span class='ocrx_word' id='word_1_236' title='bbox 742 4359 866 4452; x_wconf 90' lang='lat' dir='ltr'><strong>lupam</strong></span> <span class='ocrx_word' id='word_1_237' title='bbox 894 4358 931 4431; x_wconf 92' lang='lat' dir='ltr'><strong>in</strong></span> <span class='ocrx_word' id='word_1_238' title='bbox 955 4357 1141 4433; x_wconf 90' lang='lat' dir='ltr'><strong>infernum</strong></span> <span class='ocrx_word' id='word_1_239' title='bbox 1155 4348 1207 4452; x_wconf 54' lang='grc' dir='ltr'>(θ),</span> <span class='ocrx_word' id='word_1_240' title='bbox 1224 4358 1311 4454; x_wconf 87' lang='lat' dir='ltr'><strong>quia</strong></span> <span class='ocrx_word' id='word_1_241' title='bbox 1336 4359 1491 4435; x_wconf 86' lang='lat' dir='ltr'><strong>avaritia</strong></span> <span class='ocrx_word' id='word_1_242' title='bbox 1508 4368 1637 4457; x_wconf 84' lang='lat' dir='ltr'><strong>potens</strong></span> <span class='ocrx_word' id='word_1_243' title='bbox 1656 4363 1861 4457; x_wconf 88' lang='lat' dir='ltr'><strong>penetrarit</strong></span> <span class='ocrx_word' id='word_1_244' title='bbox 1877 4363 1916 4437; x_wconf 94' lang='lat' dir='ltr'><strong>in</strong></span> 
     </span>
     <span class='ocr_line' id='line_1_30' title="bbox 743 4480 1917 4576; baseline 0.006 -23"><span class='ocrx_word' id='word_1_245' title='bbox 743 4480 884 4555; x_wconf 86' lang='lat' dir='ltr'><strong>viscera</strong></span> <span class='ocrx_word' id='word_1_246' title='bbox 909 4485 1019 4555; x_wconf 83' lang='lat' dir='ltr'><strong>terrae</strong></span> <span class='ocrx_word' id='word_1_247' title='bbox 1044 4485 1081 4555; x_wconf 90' lang='lat' dir='ltr'><strong>et</strong></span> <span class='ocrx_word' id='word_1_248' title='bbox 1106 4480 1211 4574; x_wconf 89' lang='lat' dir='ltr'><strong>quasi</strong></span> <span class='ocrx_word' id='word_1_249' title='bbox 1236 4480 1475 4575; x_wconf 82' lang='lat' dir='ltr'><strong>pervenitad</strong></span> <span class='ocrx_word' id='word_1_250' title='bbox 1500 4481 1647 4576; x_wconf 88' lang='lat' dir='ltr'><strong>inferos,</strong></span> <span class='ocrx_word' id='word_1_251' title='bbox 1667 4489 1710 4559; x_wconf 88' lang='lat' dir='ltr'><strong>ut</strong></span> <span class='ocrx_word' id='word_1_252' title='bbox 1734 4483 1917 4560; x_wconf 83' lang='lat' dir='ltr'><strong>inveniret</strong></span> 
     </span>
     <span class='ocr_line' id='line_1_31' title="bbox 742 4598 1912 4698; baseline 0.004 -26"><span class='ocrx_word' id='word_1_253' title='bbox 742 4598 998 4694; x_wconf 85' lang='lat' dir='ltr'><strong>divitiasquas</strong></span> <span class='ocrx_word' id='word_1_254' title='bbox 1029 4605 1164 4673; x_wconf 86' lang='lat' dir='ltr'><strong>natura</strong></span> <span class='ocrx_word' id='word_1_255' title='bbox 1196 4600 1348 4695; x_wconf 82' lang='lat' dir='ltr'><strong>provida</strong></span> <span class='ocrx_word' id='word_1_256' title='bbox 1377 4600 1472 4679; x_wconf 88' lang='lat' dir='ltr'><strong>bene</strong></span> <span class='ocrx_word' id='word_1_257' title='bbox 1495 4602 1693 4698; x_wconf 84' lang='lat' dir='ltr'><strong>celaverat,</strong></span> <span class='ocrx_word' id='word_1_258' title='bbox 1718 4603 1912 4679; x_wconf 87' lang='lat' dir='ltr'><strong>materiam</strong></span> 
     </span>
    </p>
   </div>
   <div class='ocr_carea' id='block_1_3' title="bbox 805 4865 1663 5005">
    <p class='ocr_par' dir='ltr' id='par_1_3' title="bbox 805 4865 1663 5005">
     <span class='ocr_line' id='line_1_32' title="bbox 805 4865 1663 4933; baseline 0.005 -16"><span class='ocrx_word' id='word_1_259' title='bbox 805 4866 832 4929; x_wconf 79' lang='lat'><strong>(¹)</strong></span> <span class='ocrx_word' id='word_1_260' title='bbox 848 4866 879 4917; x_wconf 83' lang='lat' dir='ltr'><strong>E.</strong></span> <span class='ocrx_word' id='word_1_261' title='bbox 896 4866 999 4917; x_wconf 76' lang='lat' dir='ltr'><strong>clamat.</strong></span> <span class='ocrx_word' id='word_1_262' title='bbox 1263 4865 1292 4928; x_wconf 80' lang='lat'><strong>(¹)</strong></span> <span class='ocrx_word' id='word_1_263' title='bbox 1308 4866 1340 4919; x_wconf 82' lang='lat' dir='ltr'><strong>ll.</strong></span> <span class='ocrx_word' id='word_1_264' title='bbox 1355 4882 1372 4919; x_wconf 81' lang='lat' dir='ltr'><strong>o</strong></span> <span class='ocrx_word' id='word_1_265' title='bbox 1389 4872 1443 4929; x_wconf 82' lang='grc'><strong>117,</strong></span> <span class='ocrx_word' id='word_1_266' title='bbox 1459 4870 1545 4933; x_wconf 76' lang='lat' dir='ltr'><strong>pruno</strong></span> <span class='ocrx_word' id='word_1_267' title='bbox 1558 4868 1663 4921; x_wconf 78' lang='lat' dir='ltr'><strong>hferuf.</strong></span> 
     </span>
     <span class='ocr_line' id='line_1_33' title="bbox 805 4941 1318 5005; baseline 0.004 -14"><span class='ocrx_word' id='word_1_268' title='bbox 805 4941 832 5005; x_wconf 77' lang='lat'><strong>(¹)</strong></span> <span class='ocrx_word' id='word_1_269' title='bbox 848 4942 879 4991; x_wconf 85' lang='lat' dir='ltr'><strong>E.</strong></span> <span class='ocrx_word' id='word_1_270' title='bbox 897 4942 928 4993; x_wconf 83' lang='lat' dir='ltr'><strong>rd</strong></span> <span class='ocrx_word' id='word_1_271' title='bbox 944 4942 1090 4999; x_wconf 78' lang='lat' dir='ltr'><strong>homicidia.</strong></span> <span class='ocrx_word' id='word_1_272' title='bbox 1107 4944 1190 4993; x_wconf 84' lang='lat' dir='ltr'><strong>texult</strong></span> <span class='ocrx_word' id='word_1_273' title='bbox 1205 4941 1318 4993; x_wconf 80' lang='lat' dir='ltr'><strong>fraudes.</strong></span> 
     </span>
    </p>
   </div>
   <div class='ocr_carea' id='block_1_4' title="bbox 805 5018 1608 5161">
    <p class='ocr_par' dir='ltr' id='par_1_4' title="bbox 805 5018 1608 5161">
     <span class='ocr_line' id='line_1_34' title="bbox 805 5018 1433 5084; baseline -0.002 -14"><span class='ocrx_word' id='word_1_274' title='bbox 805 5018 831 5079; x_wconf 77' lang='lat'><strong>(⁸)</strong></span> <span class='ocrx_word' id='word_1_275' title='bbox 848 5018 879 5069; x_wconf 83' lang='lat' dir='ltr'><strong>ll.</strong></span> <span class='ocrx_word' id='word_1_276' title='bbox 896 5018 1050 5083; x_wconf 81' lang='lat' dir='ltr'><strong>profundam</strong></span> <span class='ocrx_word' id='word_1_277' title='bbox 1065 5020 1225 5084; x_wconf 65' lang='lat' dir='ltr'><strong>voraginem,</strong></span> <span class='ocrx_word' id='word_1_278' title='bbox 1240 5032 1287 5071; x_wconf 78' lang='lat' dir='ltr'><strong>ssu</strong></span> <span class='ocrx_word' id='word_1_279' title='bbox 1302 5033 1433 5073; x_wconf 76' lang='lat' dir='ltr'><strong>roncum.</strong></span> 
     </span>
     <span class='ocr_line' id='line_1_35' title="bbox 806 5096 1608 5161; baseline -0.01 -13"><span class='ocrx_word' id='word_1_280' title='bbox 806 5097 833 5161; x_wconf 79' lang='lat'><strong>(⁸)</strong></span> <span class='ocrx_word' id='word_1_281' title='bbox 850 5101 904 5157; x_wconf 84' lang='grc'><strong>117,</strong></span> <span class='ocrx_word' id='word_1_282' title='bbox 921 5109 979 5147; x_wconf 83' lang='lat' dir='ltr'><strong>eam</strong></span> <span class='ocrx_word' id='word_1_283' title='bbox 995 5096 1027 5147; x_wconf 85' lang='lat' dir='ltr'><strong>de</strong></span> <span class='ocrx_word' id='word_1_284' title='bbox 1042 5097 1112 5149; x_wconf 82' lang='lat' dir='ltr'><strong>rfllr.</strong></span> <span class='ocrx_word' id='word_1_285' title='bbox 1263 5097 1291 5161; x_wconf 75' lang='lat'><strong>(⁸)</strong></span> <span class='ocrx_word' id='word_1_286' title='bbox 1306 5098 1338 5151; x_wconf 74' lang='lat' dir='ltr'><strong>lt.</strong></span> <span class='ocrx_word' id='word_1_287' title='bbox 1353 5110 1369 5149; x_wconf 82' lang='grc' dir='ltr'><strong>ο</strong></span> <span class='ocrx_word' id='word_1_288' title='bbox 1386 5103 1439 5161; x_wconf 82' lang='lat'><strong>117,</strong></span> <span class='ocrx_word' id='word_1_289' title='bbox 1455 5099 1483 5151; x_wconf 68' lang='grc' dir='ltr'><strong>ιη</strong></span> <span class='ocrx_word' id='word_1_290' title='bbox 1497 5100 1608 5153; x_wconf 64' lang='lat' dir='ltr'><strong>mm,</strong></span> 
     </span>
    </p>
   </div>
   <div class='ocr_carea' id='block_1_5' title="bbox 0 0 2280 6836">
    <p class='ocr_par' dir='ltr' id='par_1_5' title="bbox 0 0 2280 6836">
     <span class='ocr_line' id='line_1_36' title="bbox 0 0 2280 6836; baseline 0 0"><span class='ocrx_word' id='word_1_291' title='bbox 0 0 2280 6836; x_wconf 95' lang='lat' dir='ltr'><strong> </strong></span> 
     </span>
    </p>
   </div>
  </div>
 </body>
</html>
