4542 6842
860 982 998 1046 caurus
1023 991 1195 1048 pruritus.
1543 981 1614 1047 275

441 1140 609 1209 removet
632 1133 680 1208 ab
706 1154 788 1229 usu,
813 1137 842 1209 il
866 1138 940 1209 mul
959 1156 1064 1209 umor
1080 1138 1159 1209 dell'
1172 1139 1296 1209 anime.
1324 1136 1390 1211 llic
1407 1143 1494 1213 nota
1512 1137 1612 1232 quod

440 1255 536 1330 sicut
560 1261 669 1349 poeta
700 1260 826 1329 noster
859 1254 987 1350 pulcre
1018 1256 1143 1330 scribit
1174 1256 1267 1329 inira
1292 1256 1452 1352 capitulo
1477 1257 1612 1331 XVlll:

440 1394 549 1449 amor
574 1379 629 1448 est
654 1394 767 1449 causa
792 1375 960 1449 omniurn
987 1376 1175 1451 actionum
1197 1381 1409 1451 nostrarum
1433 1376 1614 1452 virtutum

440 1500 478 1569 et
503 1494 690 1589 vitiorum,
715 1495 898 1570 bonorum
925 1502 962 1570 et
994 1496 1191 1571 malorum.
1224 1496 1340 1571 Amor
1373 1518 1463 1593 ergo
1495 1498 1614 1571 malus

440 1621 496 1691 est
520 1614 668 1709 quaudo
693 1614 898 1691 inordinate
924 1637 1095 1691 amamus
1111 1616 1248 1711 aliquid
1267 1618 1407 1691 bonum
1434 1619 1532 1691 ultra
1549 1617 1615 1692 de·

439 1735 577 1831 bitum;
602 1735 697 1811 sicut
722 1736 870 1830 quando
888 1737 1058 1831 ponimus
1084 1737 1293 1812 felicitatem
1321 1736 1358 1810 in
1383 1738 1525 1831 divitiis,
1547 1739 1615 1812 no-

439 1855 603 1949 noribus,
629 1855 800 1950 potentia,
827 1855 1075 1950 voluptatibus
1101 1864 1138 1931 et
1168 1856 1357 1951 similibus,
1383 1857 1442 1932 rel
1467 1857 1614 1951 quando

438 1975 546 2049 nimis
566 1975 718 2051 remisse
743 1995 915 2051 amamus
939 1997 1131 2051 summum
1150 1978 1302 2071 bonum,
1321 1977 1457 2053 scilicet
1473 1977 1613 2053 Deum:

438 2104 476 2173 et
501 2095 570 2171 iste
595 2096 715 2171 malus
740 2116 847 2171 amor
873 2103 929 2171 est
953 2117 1064 2172 causa
1089 2097 1258 2171 omnium
1278 2096 1451 2170 vitiorum
1477 2096 1615 2191 capita-

438 2214 528 2289 lium
556 2236 640 2310 quae
664 2208 775 2309 hic(¹)
801 2216 1017 2311 puniuntur.
1048 2218 1092 2291 Et
1120 2217 1281 2313 assignat
1306 2238 1470 2311 causam,
1496 2236 1616 2311 quare

437 2342 541 2429 porta
579 2335 781 2431 purgatorii
814 2336 899 2411 iacit
933 2336 1075 2411 animas
1109 2336 1329 2412 desuescere
1361 2342 1397 2411 et
1429 2336 1616 2411 dediscere

436 2454 549 2529 istum
577 2456 716 2529 malum
743 2476 910 2531 amorem
937 2456 974 2529 in
999 2456 1225 2551 poenitentia,
1246 2456 1381 2549 dicens,
1400 2452 1538 2548 wald,
1556 2454 1616 2529 ilie

437 2594 558 2669 amor,
581 2579 623 2670 su
649 2579 685 2649 lo
711 2580 769 2649 oia
790 2584 896 2668 tortu,
915 2576 1061 2670 scilicet,
1079 2583 1315 2672 peccatorum
1336 2575 1394 2649 vel
1415 2576 1614 2671 malorum,

432 2715 549 2787 parer
573 2698 693 2785 dmum,
719 2695 806 2789 quia
832 2696 919 2770 nihil
945 2704 1063 2791 potest
1087 2696 1205 2771 amari
1225 2696 1290 2770 nisi
1313 2696 1451 2769 bonum
1473 2694 1531 2769 vel
1548 2716 1614 2789 ap-

439 2837 572 2912 parens
597 2818 749 2891 bouum.
776 2817 835 2892 Sic
867 2836 957 2913 ergo
987 2818 1081 2912 ride,
1109 2817 1208 2912 quod
1239 2824 1349 2891 autor
1374 2817 1454 2891 vult
1477 2816 1612 2910 dicere,

439 2938 538 3032 quod
569 2936 729 3012 servavit
762 2943 988 3032 praeceptum
1004 2929 1042 3030 (¹)
1072 2937 1160 3032 quia
1190 2936 1327 3012 audivit
1356 2942 1500 3031 portam
1531 2954 1612 3009 esse

438 3057 601 3131 clausam
628 3076 694 3151 per
719 3054 933 3150 stridorem;
950 3056 1045 3131 sicut
1065 3058 1165 3132 enim
1191 3057 1329 3131 iecerat
1356 3077 1531 3153 magnum
1550 3075 1612 3128 so-

436 3197 528 3249 num
553 3176 591 3248 in
616 3182 802 3272 apertura,
827 3175 878 3251 ita
910 3176 994 3251 iecit
1023 3177 1060 3251 in
1092 3178 1277 3270 clausura,
1307 3182 1346 3249 et
1376 3183 1500 3250 tamen
1534 3175 1611 3270 ipse

436 3315 511 3370 uon
537 3295 766 3391 retrospexit,
792 3302 829 3370 et
854 3296 948 3371 hene
975 3297 1068 3373 lecit.
1102 3296 1207 3371 Unde
1237 3296 1464 3392 interrogat:
1490 3316 1510 3367 e
1532 3297 1561 3367 ἐ
1574 3298 1610 3368 io

308 3512 312 3523 Ι
435 3419 551 3489 uuessi
579 3419 663 3490 volti
693 3418 744 3507 pli
772 3418 880 3506 molti,
912 3417 1048 3491 scilicet
1082 3416 1226 3510 mentis,
1257 3418 1308 3488 od
1337 3436 1429 3504 esso,
1463 3413 1609 3508 scilicet,

435 3542 592 3631 portam,
609 3538 694 3629 quui
713 3540 800 3631 sora
824 3544 917 3611 statu
940 3540 1058 3628 mona
1082 3558 1186 3611 soma
1211 3540 1250 3610 al
1269 3538 1385 3631 sollo?
1402 3533 1504 3627 idest,
1525 3553 1609 3627 quae

436 3656 563 3731 luisset
582 3657 682 3753 justa
709 3642 896 3733 arcusatio
928 3657 1045 3732 errori
1072 3662 1188 3732 meo?
1213 3656 1319 3751 quasi
1347 3655 1466 3730 dicat:
1493 3655 1609 3749 nulla3

436 3776 518 3852 ideo
543 3778 638 3851 bene
667 3775 753 3851 dicit
784 3776 944 3853 Seneca:
981 3781 1098 3852 Tollite
1122 3780 1377 3866 excusationes,
1403 3796 1504 3848 immo
1526 3796 1610 3867 peo-

436 3904 496 3971 cat
517 3902 665 3989 mutum
691 3902 728 3971 et
757 3896 795 3972 in
820 3899 891 3973 hoc
917 3898 1030 3995 tangit
1057 3897 1165 3972 tacite
1192 3898 1327 3971 multos
1353 3896 1415 3991 qui
1437 3899 1611 3989 quaeruut

438 4016 692 4092 excusationes
717 4017 875 4111 peccatis
900 4018 1000 4111 suis;
1027 4018 1125 4093 uude
1157 4018 1345 4114 eleganter
1375 4014 1523 4110 quidam
1551 4034 1611 4088 sa·

437 4135 566 4211 cerdos
591 4136 735 4211 Domini
760 4137 849 4211 dixit
874 4137 1056 4233 peccatori
1082 4137 1234 4213 dicenti:
1261 4156 1383 4210 nonne
1402 4135 1535 4209 Petrus
1551 4154 1611 4207 sa-

437 4254 566 4331 cerdos
591 4278 748 4354 magnus
773 4258 903 4332 totiens
936 4257 1084 4354 negarit
1115 4258 1330 4333 Christum?
1361 4255 1430 4343 Qui
1461 4262 1611 4329 secutus

432 4364 477 4451 ves
502 4383 702 4472 errantem,
726 4398 885 4473 sequere
909 4378 1160 4473 poenitentem.
1179 4378 1314 4452 [lantes
1332 4396 1423 4473 ergo
1441 4383 1611 4450 constans

436 4518 511 4571 uon
537 4498 692 4574 revolvit
716 4519 768 4593 se,
802 4518 849 4573 ne
878 4498 1047 4593 perderet
1079 4498 1241 4573 animam
1273 4517 1391 4591 suam,
1422 4496 1517 4570 sicut
1541 4496 1611 4569 Or·
1665 4491 1672 4500 '

437 4618 553 4712 pheus
580 4638 735 4695 uxorem
762 4640 882 4713 suam,
908 4618 1002 4693 sicut
1027 4619 1154 4713 pulcre
1171 4617 1377 4712 expositum
1399 4624 1455 4691 est
1475 4616 1608 4691 lnierni

437 4738 596 4833 capitulo
620 4740 844 4814 llll—Not.
871 4739 976 4813 Nunc
1001 4745 1109 4834 poeta
1135 4738 1306 4813 describit
1330 4738 1489 4833 primam
1510 4738 1607 4813 viam

437 4858 638 4953 purgatorii
672 4859 777 4934 valde
807 4858 1001 4953 difficilem,
1028 4857 1180 4933 dicens:
1213 4860 1282 4932 Noi
1309 4860 1473 4950 saliuam,
1503 4857 1607 4952 idest,

499 5048 526 5107 (¹)
543 5046 574 5097 E.
591 5052 724 5109 pouumur
740 5052 765 5096 el
782 5061 840 5111 qun
858 5046 900 5097 hio
917 5047 1068 5109 puniuntur.

502 5122 529 5185 (¹)
546 5126 592 5173 117
607 5136 622 5173 ο
639 5122 669 5173 E.
686 5129 845 5187 preceptum
861 5124 954 5188 augeli,
970 5122 1040 5187 quis.
