4542 6842
698 954 768 1022 loo
1058 962 1262 1019 coummorc
1286 959 1505 1017 runonroan
1535 1016 1539 1028 ,

696 1344 861 1415 GANTUS
891 1341 1065 1424 SEXTUS,
1094 1344 1131 1409 in
1160 1360 1220 1427 guo
1250 1346 1368 1409 trudot
1395 1340 1434 1407 de
1462 1338 1578 1406 eisdem
1605 1340 1869 1423 repensionem

767 1462 949 1542 peccatores
964 1460 1029 1540 pr'o
1051 1458 1112 1537 eie,·
1135 1459 1167 1522 et
1181 1458 1354 1538 poetam
1376 1452 1584 1521 mesmes
1608 1451 1647 1516 ab
1671 1453 1717 1520 cio
1737 1453 1866 1523 moene·

772 1574 850 1637 not
879 1568 1043 1653 quendom
1070 1572 1279 1634 mmuoaum
1309 1566 1404 1633 avan
1432 1567 1575 1632 vocam
1603 1561 1778 1631 &delium
1812 1566 1869 1653 qui

771 1686 939 1749 emotas
961 1686 1008 1747 eat
1030 1698 1098 1761 cos;
1122 1683 1153 1746 et
1168 1682 1303 1763 propter
1325 1676 1381 1745 ltoc
1403 1676 1480 1745 dicit
1501 1673 1627 1744 Dorotes
1641 1674 1740 1743 multa
1755 1682 1867 1745 meaa

771 1796 869 1859 totam
889 1790 1022 1857 Italiam
1043 1795 1073 1855 ct
1095 1790 1252 1857 amntem
1273 1786 1459 1855 mamito.
1682 1766 1688 1779 ⁴

775 2090 987 2299 Quosne
1010 2186 1043 2256 st
1062 2189 1167 2275 purte
1182 2185 1209 2256 o
1222 2186 1346 2273 piuooo
1363 2182 1456 2255 delto
1474 2201 1579 2254 zoro.
1605 2180 1802 2273 Postquam
1829 2178 1865 2254 in

694 2307 874 2402 superiori
899 2304 1059 2401 capitulo
1083 2303 1253 2400 proxime
1277 2301 1496 2398 praecedenti
1517 2306 1624 2397 poeta
1642 2306 1766 2377 noster
1790 2305 1867 2375 tra·

693 2427 805 2503 ctavit
829 2433 867 2501 et
883 2423 1141 2501 determinavit
1158 2423 1204 2497 de
1222 2429 1355 2517 quarta
1373 2422 1493 2518 specie
1515 2422 1706 2497 tardorum
1723 2420 1770 2495 ad
1788 2439 1867 2516 pte·

693 2535 884 2623 nitentiam
919 2550 1194 2641 praeventorum
1230 2550 1353 2617 morte
1386 2542 1568 2638 violenta3
1604 2563 1703 2616 nunc
1736 2560 1867 2616 conse-

694 2673 851 2762 quenter
876 2666 914 2739 in
939 2666 1007 2741 isto
1033 2664 1078 2739 Vl
1103 2663 1264 2760 capitulo
1285 2664 1505 2740 immoratur
1524 2662 1645 2739 adhuc
1671 2663 1707 2735 iu
1734 2662 1862 2739 eadem

638 2771 640 2774 ⁵
695 2786 870 2861 materia:
891 2793 930 2862 et
945 2806 1106 2881 praesens
1122 2784 1387 2880 pulcerrimum
1406 2782 1607 2880 capitulum
1621 2788 1738 2878 potest
1754 2779 1863 2856 dividi

694 2907 731 2981 in
749 2914 909 3002 quatuor
923 2911 1044 3000 partes
1060 2905 1262 3001 generales.
1276 2904 1316 2977 ln
1330 2904 1449 3000 prima
1466 2924 1627 2997 quarum
1641 2910 1747 2997 poeta
1763 2908 1866 2977 tran·

694 3033 907 3104 seurreuter
923 3025 1132 3123 perstringit
1149 3024 1290 3119 aliquot
1306 3024 1460 3099 istorum
1479 3023 1672 3120 spirituum
1687 3022 1865 3097 violenter

693 3146 982 3222 interfectorum.
1010 3146 1050 3219 lu
1074 3144 1234 3220 secunda
1255 3143 1399 3218 discutit
1409 3136 1446 3237 (¹)
1472 3164 1585 3218 unam
1612 3143 1866 3239 quaestionem,

695 3288 779 3365 quae
807 3266 926 3343 oritur
957 3265 1055 3340 circa
1088 3264 1280 3339 materiam
1307 3270 1580 3361 pertractatam,
1607 3274 1644 3340 et
1670 3262 1867 3337 introducit

694 3390 731 3464 in
752 3386 898 3484 speciali
915 3407 1033 3459 unum
1052 3385 1275 3483 singularem
1294 3386 1460 3481 spiritum
1478 3392 1762 3471 conterraneum
1784 3382 1865 3457 Vir·

692 3508 767 3607 gilii
791 3506 1089 3601 adloquendum
1122 3526 1263 3601 secum,
1289 3505 1357 3579 ibi:
1392 3510 1433 3579 lo
1467 3508 1659 3580 comineioi.
1686 3505 1725 3577 ln
1759 3502 1865 3579 tertia

693 3629 777 3705 lacit
802 3648 916 3702 unam
942 3626 1217 3723 digressionem,
1235 3626 1272 3709 in
1298 3647 1371 3721 qua
1397 3626 1481 3701 lacit
1506 3645 1617 3700 uuam
1645 3623 1863 3699 invectivam

692 3756 819 3825 contra
845 3747 999 3842 ltaliam,
1024 3753 1061 3823 et
1086 3746 1303 3842 principales
1334 3754 1486 3821 autores
1517 3744 1747 3821 desolationis
1773 3744 1866 3838 eius,

692 3869 764 3945 ibi:
791 3870 858 3942 att
881 3888 987 3941 serva
1011 3870 1126 3941 ltotio.
1154 3867 1193 3940 ln
1220 3856 1352 3960 quarta
1371 3873 1408 3940 et
1430 3865 1556 3940 ultima
1575 3864 1659 3939 lacit
1677 3884 1788 3938 unam
1808 3863 1864 3936 in·

693 3989 874 4064 vectivam
908 3987 1104 4084 specialem
1138 3994 1265 4061 contra
1301 3985 1520 4061 Florentiam
1554 3984 1709 4080 patriam
1745 4005 1866 4077 snam,

692 4110 763 4185 ibi:
791 4114 939 4184 liccam
963 4111 1045 4181 mio.
1071 4106 1125 4181 dd
1151 4107 1313 4203 primum
1341 4106 1488 4182 veniens
1522 4105 1602 4181 dieo
1632 4104 1730 4199 quod
1755 4111 1863 4199 poeta

693 4229 854 4307 breviter
870 4229 1054 4325 percurrit
1071 4227 1250 4323 quosdam
1269 4229 1315 4303 de
1333 4247 1490 4301 numero
1507 4225 1777 4322 praediotorum,
1800 4225 1864 4299 sed

693 4352 812 4447 primo
836 4350 1023 4447 premittit
1039 4349 1309 4446 dispositionem
1328 4348 1423 4422 illius
1446 4346 1685 4422 multitudinis
1703 4366 1793 4442 erga
1810 4366 1862 4439 se,

693 4478 730 4546 et
747 4470 802 4545 sui
821 4491 913 4567 erga
927 4470 1005 4545 illos
1025 4490 1092 4565 per
1113 4490 1226 4544 unam
1248 4468 1559 4565 comparationem
1573 4467 1752 4562 pulcram,
1766 4487 1865 4561 quae,

692 4592 779 4687 quia
791 4592 892 4667 clara
904 4598 970 4686 est,
987 4596 1027 4664 ut
1045 4596 1122 4665 tota
1135 4589 1194 4665 die
1212 4588 1437 4685 experientia
1450 4588 1567 4682 docet,
1581 4594 1667 4661 uota
1682 4570 1862 4681 qnantum

693 4712 739 4786 sit
755 4712 912 4808 propria.
927 4710 1029 4785 Sicut
1044 4709 1142 4785 enim
1162 4708 1340 4785 victorem
1358 4708 1395 4782 in
1413 4706 1499 4782 ludo
1516 4706 1652 4801 acardi,
1666 4706 1772 4780 multi
1790 4706 1864 4780 cir-

693 4832 868 4909 cumdant
884 4830 976 4907 *alii
992 4853 1015 4907 a
1032 4830 1162 4925 lronte,
1176 4830 1235 4904 alii
1248 4850 1271 4904 a
1285 4836 1400 4927 tergo,
1415 4835 1452 4903 et
1464 4827 1523 4903 alii
1537 4826 1584 4902 ad
1596 4826 1794 4901 dextram*
1813 4818 1865 4920 (²),

766 5019 774 5049 ‚
866 5022 872 5035 .

753 5024 784 5163 ((’ῗ
798 5022 834 5150 ἒο
848 5022 996 5163 magistr·
1012 5098 1021 5151 i
1036 5098 1087 5149 due
1103 5098 1237 5149 mterlsehi
1252 5110 1316 5148 cono
1331 5095 1452 5161 agglunte
1468 5094 1536 5161 dugll
1551 5092 1611 5145 altri
1627 5092 1722 5144 Codicl.
