4542 6842
729 956 800 1023 tue
1089 967 1294 1023 cumeurn!
1318 968 1540 1025 nunanuunu

727 1113 774 1188 ita
801 1114 948 1208 loquela
972 1114 1055 1187 eius
1080 1121 1289 1188 excesserat
1313 1132 1426 1188 omne
1456 1114 1663 1188 humanum
1688 1115 1903 1210 eloquium;

727 1233 808 1308 ideo
834 1234 999 1329 putabat,
1025 1233 1125 1328 quod
1150 1234 1306 1327 loquens
1331 1254 1406 1308 non
1430 1239 1527 1308 esset
1558 1234 1708 1327 spiritus
1732 1233 1906 1329 hominia,

726 1354 789 1429 sed
814 1354 980 1451 angelon
1006 1354 1088 1428 ideo
1112 1353 1209 1430 bene
1233 1353 1340 1429 dicit:
1366 1356 1427 1427 cle
1451 1357 1525 1427 mai
1545 1374 1618 1427 noa
1637 1376 1745 1447 posu,
1769 1377 1807 1429 se
1830 1377 1904 1429 non

726 1476 759 1547 si
781 1480 976 1567 rcffrontn,
994 1473 1096 1568 idest,
1119 1474 1187 1547 nisi
1212 1480 1424 1549 revertatur
1443 1473 1492 1549 ad
1517 1475 1668 1567 coelum,
1687 1474 1784 1551 unde
1805 1476 1905 1551 venit

727 1594 773 1669 ad
799 1594 997 1669 videndum
1026 1599 1198 1668 naturam
1223 1594 1428 1691 angelicam
1444 1593 1492 1669 de
1512 1594 1633 1670 fronte
1652 1596 1699 1669 ad
1725 1595 1903 1670 frontem:

729 1722 766 1789 ot
792 1735 924 1789 verum
952 1714 1048 1810 dicit,
1076 1714 1163 1808 quia
1181 1715 1304 1789 omnia
1321 1715 1540 1791 naturaliter
1555 1708 1591 1808 (¹)
1611 1722 1782 1810 repetunt
1802 1716 1904 1812 prin·

608 1895 613 1904 .
728 1835 865 1929 cipium
878 1856 1002 1929 suum,
1014 1834 1107 1908 sicut
1120 1833 1288 1909 videmus
1300 1834 1400 1928 quod
1416 1854 1550 1930 corpus
1566 1836 1773 1910 humanum
1791 1856 1903 1909 num·

729 1975 842 2049 quam
879 1953 1033 2049 quiescit
1062 1952 1179 2028 donec
1214 1958 1426 2027 revertatur
1456 1955 1504 2029 ad
1538 1962 1689 2049 terram,
1714 1960 1751 2029 et
1777 1955 1902 2029 anima

729 2072 914 2147 rationalis
932 2093 1138 2166 numquam
1157 2072 1313 2167 quiescit
1324 2073 1442 2149 donec
1460 2079 1670 2149 revertatur
1685 2075 1732 2150 ad
1749 2076 1899 2149 eoetnm.

728 2193 826 2290 Ergo
857 2193 952 2267 bene
980 2192 1151 2266 voluntas
1183 2192 1353 2288 hominis,
1380 2215 1466 2289 quoe
1491 2194 1609 2269 lentur
1642 2194 1679 2267 in
1710 2216 1901 2270 summum

727 2313 880 2409 honum,
898 2332 1107 2406 numquam
1129 2312 1318 2407 quietatur
1343 2314 1411 2388 nisi
1432 2315 1585 2391 demum
1602 2315 1663 2391 illo
1682 2316 1840 2391 invento.
1857 2318 1902 2393 Et

729 2432 852 2507 subdit
882 2432 980 2527 quod
1011 2432 1147 2506 frustra
1183 2434 1346 2508 tentabat
1375 2454 1600 2530 cognoscere
1630 2436 1803 2530 angelum
1836 2457 1903 2532 per

730 2554 1043 2647 comparationem
1070 2553 1234 2627 eiusdem
1261 2553 1357 2647 solis,
1381 2552 1468 2648 quia
1493 2554 1588 2629 sicut
1612 2556 1742 2629 oculus
1767 2556 1901 2631 huma·

729 2695 799 2747 nus
825 2694 898 2747 non
925 2678 1042 2767 potest
1068 2672 1252 2767 respicere
1276 2675 1404 2749 lumen
1429 2675 1509 2749 eius
1535 2681 1684 2770 propter
1709 2675 1901 2751 infirmita·

729 2800 804 2869 tem
832 2815 938 2867 suam
965 2801 1003 2867 et
1030 2793 1284 2868 excellentiam
1303 2793 1451 2868 luminis
1471 2794 1577 2890 illius,
1599 2796 1648 2870 ita
1669 2816 1768 2871 nunc
1784 2796 1900 2871 multo

730 2913 854 2987 minus
879 2914 1009 2987 oculus
1034 2914 1113 2987 eius
1130 2919 1275 3008 poterat
1290 2916 1465 3011 angelum
1483 2916 1629 2990 intueri.
1650 2917 1753 2991 Unde
1772 2917 1900 2992 ordina

728 3034 780 3108 sic
804 3033 968 3108 literam:
996 3055 1055 3107 ma
1072 3037 1109 3106 la
1131 3036 1205 3106 mio
1226 3029 1330 3126 oirtd,
1356 3034 1503 3130 scilicet,
1529 3037 1655 3129 visiva,
1681 3040 1776 3130 quivi
1799 3058 1901 3111 anan·

728 3173 831 3247 cana,
857 3153 1004 3248 scilicet,
1031 3153 1068 3228 in
1093 3153 1319 3249 respiciendo
1343 3155 1518 3251 angelum
1544 3156 1608 3249 qui
1626 3155 1769 3231 celabat
1785 3178 1825 3232 se
1845 3158 1901 3231 ni·

731 3274 806 3347 mio
831 3274 971 3349 lumine
995 3296 1076 3370 suo,
1093 3266 1164 3347 cosi
1180 3295 1277 3347 come
1301 3277 1341 3347 al
1361 3277 1428 3366 sol,
1453 3276 1593 3370 supple,
1615 3275 1817 3371 deficiebat,
1841 3280 1902 3352 cle

728 3401 854 3468 nasim
878 3397 967 3468 cista
992 3415 1122 3487 praua,
1149 3394 1252 3488 idest,
1270 3393 1448 3469 visionem
1472 3395 1629 3469 hominis
1654 3404 1803 3492 propter
1828 3398 1901 3472 dis·

726 3493 1001 3609 proportionem
1020 3514 1167 3589 virtutis
1189 3514 1236 3589 ad
1252 3514 1451 3609 obiectum,
1468 3537 1571 3607 eper
1585 3518 1777 3609 scunchio,
1798 3516 1901 3613 idest,

728 3640 876 3729 propter
901 3635 1155 3711 excellentiam
1181 3634 1341 3729 luminis,
1362 3656 1430 3709 sna
1450 3636 1572 3729 pipern
1595 3638 1685 3728 veto,
1714 3630 1898 3731 scilicet(²)

729 3754 843 3829 nobis
858 3796 907 3809 —
924 3758 1048 3844 Quarti
1074 3755 1140 3828 llic
1164 3761 1273 3850 poeta
1298 3754 1456 3829 ostendit
1474 3755 1633 3849 qualiter
1649 3755 1820 3853 Virgilius
1838 3758 1900 3831 'ri-

728 3874 817 3950 dens
842 3875 942 3970 quod
967 3874 1044 3969 ipse
1068 3872 1105 3948 in
1123 3896 1262 3949 vanum
1281 3862 1484 3949 conabatur
1504 3894 1728 3971 cognoscere
1746 3878 1900 3971 loquen-

728 4001 803 4070 tem
831 3993 1073 4069 maniiestarit
1099 3992 1218 4090 ipsum
1246 3992 1323 4087 sibi,
1350 4014 1437 4067 nam
1463 3993 1634 4090 Virgilius
1657 4016 1730 4070 non
1756 3996 1903 4073 videbat

730 4116 839 4191 oculo
864 4114 1058 4210 corporali,
1089 4114 1171 4191 ideo
1205 4114 1350 4189 acutius
1381 4120 1419 4188 et
1448 4114 1654 4211 perfectius.
1687 4115 1780 4191 Dicit
1811 4138 1903 4214 ergo

728 4236 919 4332 Virgilius:
950 4238 1066 4325 Questi
1089 4231 1110 4309 e*
1131 4237 1252 4309 dinnao
1275 4237 1411 4328 spirata
1437 4234 1585 4330 scilicet,
1611 4236 1808 4333 angelicus,
1833 4238 1900 4314 be·

730 4357 931 4431 neiactivus
945 4346 997 4451 (³),
1022 4358 1082 4429 cle
1098 4377 1143 4429 ne
1158 4358 1289 4429 dnicae
1308 4376 1353 4429 aa
1369 4359 1406 4429 la
1422 4358 1483 4429 cia
1498 4358 1533 4429 d'
1545 4360 1667 4429 undar
1689 4380 1745 4449 su,
1770 4358 1817 4432 ad
1843 4360 1900 4433 al-

729 4477 862 4553 tiorem
886 4477 1057 4574 gradum,
1083 4482 1126 4550 ut
1151 4476 1203 4551 sic
1228 4476 1375 4551 tandem
1398 4477 1592 4572 pervenias
1617 4477 1656 4551 in
1680 4478 1838 4573 patriam
1862 4486 1902 4554 et

727 4598 916 4695 regionem
949 4598 1181 4694 angelorum,
1209 4618 1318 4671 senza
1343 4618 1472 4690 propo,
1510 4597 1701 4692 quianon
1732 4606 1902 4695 expectat

728 4718 863 4815 rogari,
889 4739 908 4790 e
931 4720 988 4791 col
1009 4737 1073 4791 sito
1098 4720 1189 4791 wate
1212 4738 1250 4791 se
1273 4719 1448 4791 moderno
1472 4720 1560 4809 cela,
1576 4723 1615 4793 et
1636 4719 1714 4793 hec
1729 4726 1787 4795 est
1805 4720 1902 4795 ratio

726 4858 844 4933 quare
870 4860 944 4915 non
969 4843 1073 4933 potes
1097 4836 1225 4913 videre
1250 4858 1350 4913 eum.
1368 4838 1411 4912 Et
1432 4838 1590 4913 ostendit
1614 4859 1742 4913 veram
1768 4840 1902 4914 carita·

792 5026 818 5086 (¹)
836 5025 1041 5086 transcuntia.
1292 5023 1320 5089 τ’)
1337 5027 1368 5078 lt.
1385 5027 1459 5088 icet,
1476 5026 1545 5077 celet
1559 5028 1642 5079 noun

791 5101 817 5163 (⁸)
834 5102 864 5153 lt.
880 5115 895 5153 e
912 5105 967 5163 tlt,
982 5102 1166 5165 heminctirur,
1184 5102 1341 5155 caritativus.
