4542 6842
721 945 743 1013 8
884 1013 890 1022 ,
1080 956 1286 1012 cousurun
1310 956 1530 1011 runoaronu

718 1103 807 1197 Clio,
824 1103 995 1198 Euterpe,
1020 1102 1261 1198 Melpomene,
1285 1100 1421 1196 Thalia,
1440 1099 1641 1196 Polymnia,
1658 1099 1782 1196 Erato,
1798 1101 1891 1176 ‘l'er-

717 1223 895 1318 psich'ore,
922 1221 1069 1316 Urania,
1096 1221 1266 1316 Calliope.
1292 1221 1337 1294 Et
1367 1227 1454 1296 nota
1487 1220 1587 1314 quod
1616 1221 1728 1295 llusae
1760 1220 1891 1296 dicun-

718 1349 780 1418 tur
805 1343 887 1416 liliae
912 1342 1020 1418 loris.
1048 1344 1088 1416 ln
1114 1341 1235 1416 medio
1260 1349 1386 1419 autem
1410 1341 1565 1416 istarum
1582 1341 1760 1416 nobilium
1785 1343 1891 1436 puel-

717 1463 838 1538 larum
866 1468 938 1536 stal
961 1463 1089 1557 Apollo
1104 1461 1197 1537 deus
1214 1461 1399 1557 sapientie
1416 1467 1453 1536 et
1473 1470 1680 1556 poetarum,
1701 1468 1739 1536 et
1759 1462 1892 1556 puelle

718 1583 755 1659 in
781 1583 937 1658 circuitu
965 1581 1162 1677 respiciunt
1186 1582 1290 1656 illum
1315 1581 1455 1656 allectae
1470 1573 1507 1674 (¹)
1533 1602 1664 1657 amore
1691 1581 1783 1656 eius.
1812 1583 1892 1678 lpse

718 1723 810 1780 vero
835 1707 936 1778 tenet
960 1702 1140 1777 citharam
1165 1707 1306 1798 septem
1331 1701 1529 1776 cordarum
1559 1701 1774 1776 suavissime
1803 1721 1893 1776 cau-

720 1831 813 1919 tans,
840 1824 926 1919 quia
951 1823 1005 1896 sol
1035 1827 1216 1918 temperat
1240 1822 1448 1896 armoniam
1473 1828 1614 1918 septem
1639 1822 1891 1918 planetarum,

720 1945 801 2019 ideo
833 1943 929 2018 bene
960 1942 1098 2016 dictum
1129 1948 1207 2017 est:
1239 1947 1282 2016 ln
1306 1945 1419 2015 medio
1450 1963 1622 2016 resonans
1659 1945 1892 2036 complectitur

720 2067 841 2139 omniu
865 2064 1021 2138 Ploedus.
1052 2064 1107 2137 Ex
1137 2062 1309 2137 omnibus
1338 2061 1518 2158 predictis
1549 2061 1636 2136 satis
1665 2063 1894 2159 perpendere

720 2192 822 2281 potes
848 2203 966 2278 quare
990 2189 1098 2278 poeta
1124 2191 1248 2259 noster
1273 2181 1419 2256 invocet
1443 2183 1564 2256 illusas
1588 2183 1626 2256 in
1652 2183 1827 2279 generali,
1854 2189 1892 2258 et

719 2305 757 2378 in
793 2301 937 2399 speciali
974 2303 1081 2377 istam
1120 2301 1290 2397 Calliope,
1322 2301 1428 2376 cuius
1457 2301 1621 2404 officium
1655 2309 1712 2376 est
1749 2302 1786 2376 in
1820 2301 1894 2378 line

718 2425 915 2500 decantare
946 2429 983 2497 et
1016 2422 1247 2518 proclamare
1278 2421 1429 2518 egregia
1462 2442 1576 2517 opera
1608 2422 1776 2497 aliarum.
1808 2423 1893 2499 ldeo

718 2545 813 2621 bene
838 2543 950 2618 dixit:
977 2565 996 2616 e
1020 2545 1079 2634 qni
1107 2545 1260 2636 Calliope
1284 2545 1452 2634 mpnunm
1466 2563 1593 2635 sarpa,
1613 2543 1749 2618 scilicet
1764 2543 1811 2618 ad
1828 2543 1894 2618 de-

719 2665 921 2742 fensionem
948 2684 1071 2738 meam
1096 2670 1226 2738 contra
1251 2663 1406 2738 emulos
1431 2684 1545 2757 meos,
1572 2670 1611 2738 et
1633 2662 1784 2739 adiuvet
1805 2683 1895 2739 can·

720 2791 801 2861 tum
829 2805 967 2862 meum.
985 2785 1031 2857 Et
1054 2782 1177 2858 subdit
1201 2789 1309 2878 poeta
1335 2783 1487 2858 modum
1514 2804 1590 2878 quo
1610 2783 1697 2858 velit
1716 2802 1757 2858 se
1769 2783 1894 2879 juvari

720 2906 768 2982 ab
793 2905 860 2980 ista
886 2905 997 2980 nobili
1016 2904 1176 2999 domina,
1194 2903 1329 2978 scilicet
1356 2909 1397 2977 ut
1421 2910 1545 2978 cantet
1569 2925 1668 2978 nunc
1692 2925 1760 2999 pro
1785 2911 1894 3000 poeta

722 3047 791 3102 suo
818 3033 892 3100 tam
918 3026 1153 3118 excellenter,
1174 3023 1269 3100 sicut
1283 3023 1372 3098 olim
1390 3024 1475 3098 lecit
1491 3045 1559 3120 pro
1581 3025 1693 3098 illusis
1712 3025 1788 3099 suis
1806 3045 1895 3100 con-

723 3154 779 3223 tra
804 3145 963 3221 Pierides
989 3166 1081 3239 quas
1107 3143 1262 3220 mutavit
1288 3144 1324 3218 in
1349 3143 1458 3240 picas.
1485 3143 1530 3218 El
1550 3143 1597 3218 ad
1625 3143 1736 3219 buius
1761 3144 1894 3219 fabule

723 3265 994 3362 intelligentiam
1020 3265 1161 3338 claram
1187 3270 1332 3358 oportet
1355 3263 1539 3358 praescire,
1564 3264 1663 3359 quod
1688 3264 1782 3340 sicut
1803 3265 1895 3340 scri-

721 3387 774 3463 bit
798 3385 989 3462 Ovidiusll
1010 3385 1369 3480 lletbamorpboseos
1394 3383 1481 3459 satis
1506 3384 1654 3461 diliuse:
1679 3385 1797 3459 Pallas
1825 3385 1896 3460 deu

721 3507 906 3604 sapientiae
931 3526 1017 3581 oum
1036 3504 1195 3580 venisset
1218 3505 1264 3578 ad
1286 3504 1479 3580 visendum
1504 3506 1708 3581 Parnasum
1731 3511 1895 3580 montem

720 3628 1006 3705 celeberrimum
1032 3633 1239 3722 poetarum,
1262 3625 1309 3702 de
1332 3646 1409 3720 quo
1433 3627 1541 3722 plene
1560 3626 1679 3701 dicam
1696 3628 1817 3722 primo
1833 3647 1897 3702 ca-

722 3749 836 3846 pitulo
859 3747 1031 3842 Paradisi,
1050 3755 1086 3822 et
1112 3747 1322 3822 Heliconem
1348 3746 1614 3842 pulcerrimum
1637 3747 1776 3822 iontem
1798 3748 1895 3824 illius

723 3871 869 3966 montis,
898 3869 1156 3944 commendata
1180 3868 1395 3944 amoenitatc
1419 3869 1501 3964 loci,
1526 3869 1671 3944 vocavit
1696 3871 1816 3944 llusas
1840 3869 1896 3946 le-

723 3994 809 4068 lioes
835 3991 976 4067 ratione
1000 3991 1069 4064 loci
1095 3994 1132 4064 et
1162 3989 1282 4063 studii.
1309 3990 1412 4065 'lunc
1435 3989 1569 4065 Urania
1595 3990 1701 4087 virgo
1725 3991 1894 4087 scelestis,

618 4161 621 4168 ι
722 4112 770 4188 de
794 4133 868 4206 qua
893 4110 1029 4186 dictum
1056 4116 1112 4186 est
1132 4129 1256 4204 supra,
1273 4108 1458 4204 respondit
1474 4110 1574 4205 quod
1593 4131 1726 4186 verum
1751 4112 1896 4188 dicebat

723 4232 851 4326 Pallae,
878 4231 908 4306 si
932 4237 1053 4307 essent
1078 4237 1168 4304 tutae
1196 4230 1245 4305 ab
1268 4229 1410 4304 iniuriis
1434 4230 1697 4327 violentorum3
1716 4240 1754 4308 et
1778 4235 1895 4309 conti-

722 4373 798 4428 nuo
823 4351 986 4426 narrarit
1011 4350 1112 4444 quod
1136 4371 1223 4424 cum
1241 4351 1355 4425 semel
1373 4349 1459 4446 ipsae
1477 4371 1611 4427 novem
1632 4372 1779 4428 sorores
1800 4354 1896 4430 irent

719 4471 766 4546 ad
793 4472 973 4566 templum
999 4469 1183 4566 Apollinis,
1209 4468 1310 4563 quod
1334 4475 1390 4544 est
1412 4468 1451 4543 in
1474 4476 1601 4546 monte
1620 4471 1793 4568 Parnaso,
1811 4473 1895 4568 qui-

720 4590 806 4666 dam
833 4590 981 4666 nomine
1005 4591 1215 4686 Pyreneus,
1228 4587 1292 4684 qui
1317 4589 1432 4663 armis
1456 4589 1719 4688 subiugaverat
1736 4613 1894 4690 regnum

722 4711 869 4805 Boetiae,
895 4709 1021 4786 videns
1046 4729 1108 4784 eas
1133 4709 1265 4785 blande
1290 4718 1439 4785 etcum
1465 4709 1549 4785 licta
1571 4712 1779 4787 reverentia
1800 4712 1895 4789 invi·

723 4830 813 4905 tavit
838 4829 927 4924 illas,
954 4834 996 4903 ut
1021 4828 1200 4904 intrarent
1225 4835 1364 4903 tectum
1390 4850 1502 4903 suum
1520 4850 1608 4904 oum
1634 4838 1729 4906 esset
1749 4838 1896 4929 tempus

786 5093 815 5160 υ)
833 5099 887 5156 nr,
905 5095 1018 5148 suoru.
