4542 6842
696 910 767 977 232
1054 920 1259 976 counnruu
1282 922 1502 977 nunesnonn

693 1070 889 1142 com'uoriu
911 1071 1001 1161 sollo
1025 1068 1053 1140 il
1074 1069 1171 1157 pallo
1195 1068 1234 1139 di
1260 1069 1419 1139 Galluro.
1437 1066 1530 1139 Nam
1547 1064 1672 1139 Gallus
1696 1071 1752 1141 est
1776 1066 1865 1140 insi-

692 1180 820 1285 gnium
846 1185 1013 1282 judicum
1043 1184 1225 1280 Gallurae3
1256 1185 1361 1280 qnasi
1394 1185 1509 1259 dicat:
1539 1185 1704 1279 pulcrius
1737 1186 1864 1262 luisset

694 1307 771 1402 sibi,
793 1305 891 1400 quod
917 1306 955 1379 in
980 1304 1163 1401 epitaphio
1188 1306 1266 1382 sive
1294 1305 1400 1381 titulo
1432 1307 1632 1399 sepulturae
1657 1306 1865 1402 legeretur:

693 1427 758 1501 Hic
778 1428 877 1522 jacet
901 1426 1060 1521 Beatrix,
1087 1447 1185 1500 uxor
1206 1425 1338 1521 judicis
1371 1426 1454 1499 Nini
1481 1424 1528 1500 de
1559 1424 1720 1518 Gallura,
1751 1446 1865 1519 quam

694 1544 794 1643 quod
824 1548 990 1643 legatur:
1023 1567 1118 1620 uxor
1151 1546 1287 1619 domini
1317 1545 1468 1619 Galeatii
1499 1544 1546 1619 de
1579 1544 1789 1619 Mediolano.
1820 1546 1866 1618 Et

694 1667 821 1741 dicunt
846 1666 1092 1743 communiter
1113 1672 1348 1761 exponentes,
1365 1665 1465 1759 quod
1481 1663 1596 1738 Ninus
1612 1671 1694 1739 erat
1711 1664 1865 1739 nobilior

696 1795 733 1863 et
759 1788 890 1861 melior
914 1788 987 1882 illo,
1013 1787 1075 1860 sed
1101 1786 1148 1861 de
1171 1788 1242 1860 hoc
1261 1808 1332 1860 non
1350 1785 1443 1859 lacio
1459 1806 1589 1859 curam
1608 1786 1687 1878 hic;
1704 1785 1768 1859 sed
1784 1784 1866 1859 dico

696 1910 795 2003 quod
822 1909 983 2003 loquitur
1009 1907 1187 2000 subtilius
1214 1913 1251 1981 et
1276 1908 1356 1981 vult
1378 1906 1525 1981 dicere:
1551 1905 1669 1981 maior
1685 1901 1722 1999 (¹)
1748 1908 1868 1980 honor

697 2037 777 2105 crat
801 2030 887 2103 huic
912 2028 1040 2103 illustri
1067 2027 1212 2101 mulieri
1242 2027 1311 2101 dici
1345 2048 1444 2100 onor
1474 2026 1583 2099 unius
1614 2026 1682 2099 viri
1710 2033 1866 2121 tantum,

695 2150 830 2225 scilicet
854 2148 974 2243 primi,
992 2169 1104 2242 quam
1123 2146 1294 2241 secundi3
1312 2145 1362 2221 ita
1379 2146 1479 2240 quod
1505 2146 1613 2221 tacite
1639 2146 1753 2243 tangit
1769 2167 1867 2241 earn,

696 2268 794 2362 quod
821 2266 941 2362 nupsit
966 2266 1140 2360 secundo,
1159 2266 1257 2341 unde
1271 2267 1350 2362 jam
1376 2266 1492 2340 doluit
1516 2266 1563 2340 de
1587 2268 1657 2340 hoc
1682 2287 1804 2362 supra.
1823 2268 1868 2342 lit

694 2394 797 2463 certe
822 2385 916 2461 istud
942 2393 998 2462 est
1022 2386 1204 2460 laudabile
1229 2386 1267 2459 in
1293 2386 1460 2479 muliere,
1486 2392 1523 2459 et
1552 2386 1620 2459 luit
1650 2384 1868 2459 laudabilius

696 2510 782 2583 olim
810 2508 846 2581 in
868 2508 997 2601 Roma,
1016 2527 1100 2601 quae
1116 2499 1153 2598 (²)
1171 2506 1380 2600 aliquandiu
1400 2506 1468 2579 luit
1486 2507 1668 2601 quoddam
1687 2506 1867 2601 templum

697 2628 888 2725 pudicitiae.
910 2627 1012 2701 Unde
1038 2626 1206 2708 Valerius
1231 2626 1444 2722 dicitquod
1461 2648 1545 2720 quae
1563 2649 1639 2702 uno
1656 2633 1761 2702 erant
1778 2648 1867 2702 con·

697 2755 807 2823 tentae
838 2748 1072 2822 matrimonio
1098 2768 1235 2823 corona
1260 2748 1440 2843 pudicitiae
1465 2749 1762 2842 honorabantur3
1789 2749 1864 2824 imo

698 2889 818 2962 usqne
843 2868 881 2942 in
906 2867 1119 2941 hodiernam
1146 2866 1256 2962 diem,
1282 2889 1356 2942 non
1382 2869 1540 2942 habetur
1566 2868 1698 2942 mulier
1724 2869 1760 2941 in
1787 2890 1868 2943 ma-

698 3009 773 3085 gno
798 2988 915 3083 pretio
942 2988 999 3062 vel
1025 2988 1166 3062 honore
1191 2988 1228 3060 in
1254 2988 1360 3081 urbe,
1378 3008 1462 3082 quae
1478 2988 1583 3062 niihil
1608 2995 1688 3083 post
1704 2989 1866 3083 primum

699 3111 820 3182 virum
836 3134 856 3203 3¹
873 3108 935 3183 sed
961 3115 1062 3183 certe
1087 3108 1186 3183 venit
1211 3111 1270 3182 lex
1296 3129 1391 3182 nova
1417 3130 1501 3203 quae
1526 3108 1629 3183 dicit:
1652 3110 1786 3184 mulier
1806 3131 1868 3185 so-

699 3228 777 3303 luta
802 3229 883 3325 lege
909 3228 988 3322 viri,
1015 3228 1184 3322 quotiens
1208 3229 1287 3301 vult
1312 3228 1428 3301 nubat
1453 3228 1490 3301 in
1515 3229 1680 3303 Domino.
1703 3230 1772 3303 lsta
1798 3249 1866 3304 no·

699 3348 778 3423 bilis
803 3348 963 3442 domina,
988 3348 1075 3443 quid
1101 3348 1257 3422 debebat
1288 3347 1410 3421 lacere
1443 3348 1564 3442 vidua,
1591 3370 1675 3443 qnae
1705 3355 1785 3423 erat
1806 3350 1870 3444 ju·

697 3468 800 3543 venis
829 3472 866 3540 et
899 3467 1071 3561 formosa,
1098 3472 1136 3541 et
1167 3466 1245 3541 sine
1271 3466 1349 3539 liliis
1376 3467 1572 3540 masculis?
1603 3469 1647 3541 lit
1680 3468 1867 3562 quomodo

699 3590 875 3685 potuisset
900 3588 1010 3661 etiam
1031 3586 1060 3661 si
1079 3587 1253 3663 voluisset
1270 3586 1521 3661 contradicere
1544 3588 1745 3662 marchioni
1762 3588 1865 3662 fratri

699 3731 767 3783 suo
792 3707 1064 3804 potentissimo?
1089 3706 1159 3782 Sed
1185 3707 1339 3781 ulterius
1357 3727 1429 3780 non
1446 3706 1518 3781 erit
1534 3708 1762 3801 superfluum
1781 3730 1871 3783 oon-

698 3830 861 3904 siderare
886 3829 944 3903 hic
968 3829 1067 3923 quod
1092 3836 1200 3922 poeta
1218 3837 1432 3903 nosternon
1453 3827 1531 3901 sine
1548 3848 1665 3921 quare
1682 3829 1869 3924 descripsit

700 3950 758 4024 hio
783 3949 983 4023 incidenter
1009 3950 1113 4022 islam
1140 3948 1292 4022 domum
1311 3946 1620 4021 mediolanensem
1638 3948 1685 4021 ab
1703 3950 1868 4045 insignio,

699 4071 786 4165 quia
811 4076 1002 4144 armatura
1028 4069 1094 4142 ista
1120 4067 1290 4143 terribilis
1315 4074 1353 4141 et
1377 4067 1510 4142 domus
1533 4068 1598 4141 luit
1617 4068 1723 4143 nimis
1741 4077 1868 4165 potens

699 4192 761 4265 din
788 4190 825 4263 in
850 4189 1076 4265 Lombardia.
1096 4186 1199 4262 Unde
1218 4187 1337 4283 primo
1355 4194 1441 4261 nota
1458 4188 1557 4280 quod
1574 4188 1700 4283 vipera
1718 4196 1772 4264 est
1789 4212 1869 4265 ser-

700 4332 790 4406 pens
822 4310 967 4383 strictus
1001 4309 1180 4403 superius,
1215 4308 1368 4401 amplior
1401 4307 1562 4401 interius,
1588 4309 1727 4382 habens
1760 4319 1871 4406 caput

700 4422 955 4524 dentatnml³)‚
981 4436 1212 4523 macutum,
1238 4428 1301 4502 sed
1333 4428 1518 4502 masculus
1532 4416 1570 4519 (⁸)
1603 4434 1745 4502 tantum
1778 4430 1871 4505 duos

700 4551 825 4626 dentes
851 4550 1012 4644 interius,
1038 4555 1075 4623 et
1089 4548 1193 4623 alios
1223 4548 1316 4623 duos
1346 4548 1516 4642 superius
1545 4551 1870 4643 correspondentes

700 4672 784 4765 illis3
810 4671 959 4745 ioemina
983 4675 1109 4744 autem
1135 4668 1246 4743 habet
1270 4668 1413 4761 plnres:
1435 4674 1472 4741 et
1492 4667 1528 4740 in
1550 4668 1619 4743 hoc
1635 4672 1870 4766 cognoscitur

701 4813 847 4866 morsus
873 4790 1025 4866 masculi
1051 4810 1073 4864 a
1099 4808 1227 4862 morsu
1255 4788 1424 4881 imminue,
1444 4792 1486 4859 ut
1510 4786 1595 4861 dicit
1611 4788 1806 4864 Avicenna.
1824 4792 1869 4866 Et

764 4978 793 5041 (¹)
811 4983 864 5040 117,
880 4979 949 5042 quod
965 4979 1057 5028 maior.
1120 4976 1148 5040 (Ἴ
1163 4976 1254 5027 S.eE.
1271 4976 1364 5039 inqua
1381 4975 1537 5039 aliquandiu.
1599 4974 1627 5041 (¹)
1644 4980 1699 5037 117,
1716 4978 1870 5032 detractum.

765 5054 791 5116 ζ’)
807 5055 833 5106 S.
849 5068 864 5106 e
881 5059 934 5116 117,
951 5056 1080 5106 marculus
1096 5054 1193 5105 habens
1209 5057 1309 5103 lantum
1325 5053 1391 5103 dnos
1406 5053 1503 5103 dentes.
