4542 6842
703 915 773 982 152
1063 921 1269 976 conburunt
1291 920 1511 976 runoanonu

699 1068 800 1163 quod
824 1088 870 1142 en
896 1066 1048 1161 antiquo
1073 1070 1180 1160 pacto
1199 1066 1294 1140 lacto
1314 1065 1411 1141 inter
1430 1065 1671 1141 bononienses
1698 1072 1734 1141 et
1760 1065 1872 1139 mutia

698 1208 831 1264 nenses
860 1187 1016 1263 debebat
1045 1197 1144 1263 stare
1172 1186 1401 1262 destructum
1432 1194 1620 1281 perpetuo.
1654 1186 1725 1263 Sed
1756 1186 1872 1260 bono·

699 1308 854 1403 nienses,
879 1308 945 1402 qui
977 1307 1120 1382 iverant
1151 1307 1198 1381 ad
1230 1306 1497 1403 impediendam
1530 1307 1806 1383 edificationem
1821 1300 1871 1401 (⁴),
1990 1344 1995 1361 »

613 1464 617 1472 ·
698 1428 824 1505 audito
849 1428 993 1502 sinistro
1019 1447 1173 1501 rumore
1197 1426 1334 1521 lmolae,
1362 1428 1500 1503 reversi
1529 1435 1626 1502 sunt.
1653 1428 1697 1501 Et
1730 1427 1782 1503 sic
1806 1446 1871 1503 eo-

699 1548 785 1623 dem
819 1549 878 1624 die
910 1548 1024 1623 lrnola
1057 1548 1199 1644 perdita
1231 1555 1296 1643 est,
1323 1555 1360 1623 et
1386 1550 1573 1623 Bazanum
1609 1548 1868 1633 reedificatum

699 1681 828 1749 contra
855 1674 1118 1749 bononienses:
1145 1674 1243 1748 unde
1267 1672 1404 1747 dictum
1436 1682 1514 1748 est:
1545 1678 1657 1761 (luam
1681 1676 1869 1767 propriam

700 1798 1000 1886 nortbertum
1034 1798 1197 1867 Bononia
1225 1798 1371 1885 plorat:
1407 1801 1484 1867 Azo
1517 1798 1704 1867 Beronum
1739 1796 1871 1867 redeosi

627 1942 630 1949 ·
702 1918 797 2007 quod
820 1917 976 1988 nrorrtto
997 1917 1154 2007 planum.
1180 1913 1294 2009 lgitur
1315 1913 1389 1987 Azo
1415 1914 1595 1989 lacessens
1620 1920 1658 1989 et
1682 1912 1870 1989 lacessitus

701 2035 810 2129 bello,
829 2055 917 2109 curn
935 2055 1008 2108 nou
1034 2034 1222 2108 videretur
1247 2054 1352 2129 posse
1377 2034 1552 2127 consequi
1570 2032 1759 2108 victoriam
1787 2052 1870 2127 spe·

701 2162 821 2229 ratam
845 2154 1059 2249 procuravit
1090 2154 1157 2252 sibi
1189 2174 1343 2250 magnos
1372 2153 1519 2229 amieos.
1554 2154 1599 2228 Et
1629 2144 1763 2245 terite)
1791 2174 1871 2227 ma-

698 2296 811 2373 gnam
838 2282 979 2370 partem
1002 2274 1039 2347 in
1059 2274 1222 2349 Bononia
1248 2281 1285 2349 et
1311 2274 1472 2351 breviter
1489 2296 1534 2350 eo
1554 2296 1612 2350 res
1631 2274 1787 2350 deducta
1805 2280 1870 2369 est,

699 2396 800 2491 quod
830 2396 893 2489 qui
923 2396 1101 2491 regebant
1134 2416 1215 2469 rem
1249 2394 1432 2491 publicam
1464 2396 1650 2490 Bononiae,
1679 2402 1872 2491 coeperunt
1959 2420 1963 2429 ·

701 2536 837 2591 vocare
868 2523 1030 2591 rectores
1064 2522 1102 2591 et
1135 2516 1308 2590 officiales
1336 2516 1382 2591 de
1415 2522 1520 2612 parte
1545 2515 1752 2613 ghibellina,
1783 2515 1870 2610 quia

701 2638 852 2737 guelpbi
886 2644 993 2712 erant
1025 2637 1242 2712 favorabiles
1258 2627 1295 2729 (³)
1325 2637 1546 2729 marchioni;
1580 2637 1644 2711 sed
1677 2642 1803 2731 postea
1833 2636 1869 2709 in

700 2757 805 2833 brevi
830 2758 914 2833 lecit
937 2777 1065 2852 pacem
1092 2756 1211 2852 primo
1237 2778 1323 2831 eum
1345 2758 1610 2853 parmensibus,
1627 2755 1756 2831 deinde
1781 2776 1869 2831 cum

700 2876 994 2953 bononiensibus.
1021 2878 1202 2972 Tempore
1228 2877 1339 2973 igitur
1365 2877 1448 2951 belli
1475 2876 1715 2951 bononienses
1745 2877 1869 2971 elege-

701 3004 789 3073 runt
814 2997 851 3071 in
867 2998 1087 3071 Potestatem
1107 3018 1239 3071 eorum
1255 2996 1302 3072 ad
1315 2998 1402 3093 jura
1422 2995 1604 3072 reddenda
1622 2995 1779 3071 nobilem
1799 2995 1869 3069 mi-

701 3118 801 3193 litem
827 3117 1017 3191 dominum
1042 3116 1220 3191 Jacobum
1252 3118 1311 3192 del
1342 3117 1496 3193 Cassaro
1527 3116 1573 3191 de
1598 3116 1743 3191 civitate
1768 3115 1867 3189 Fani.

700 3238 769 3326 Qui
795 3236 851 3311 vir
878 3236 1108 3330 temerarius,
1134 3237 1259 3331 etqui
1285 3257 1359 3309 non
1384 3237 1478 3311 bene
1499 3235 1673 3310 didicerat
1699 3235 1867 3332 regulam

695 3358 807 3453 J'uris:
833 3356 1098 3452 potentioribus
1130 3377 1238 3451 pares
1276 3376 1454 3431 essenon
1484 3375 1699 3451 possumus,
1725 3374 1871 3449 semper

699 3478 970 3571 obloquebatur
995 3483 1138 3551 temere
1169 3478 1215 3551 de
1248 3476 1344 3551 dicto
1374 3476 1534 3569 domino,
1559 3496 1705 3571 semper
1736 3495 1872 3551 vocans

699 3618 786 3673 eum
806 3596 1029 3692 proditorem
1048 3604 1244 3692 estensem,
1263 3598 1325 3691 qui
1343 3597 1543 3691 reliquerat
1560 3596 1774 3693 ghibellinos
1797 3597 1872 3670 Ro·

700 3718 904 3793 mandiolre.
935 3710 1094 3791 Marcbio
1123 3738 1221 3811 saepe
1251 3717 1404 3792 audiens
1434 3718 1514 3793 baec
1537 3724 1574 3793 et
1599 3717 1789 3814 indignans
1817 3717 1872 3791 di-

701 3838 776 3911 xit:
802 3844 904 3913 certe
933 3837 1001 3912 iste
1033 3858 1145 3934 agaso
1177 3838 1405 3916 Marcbianus
1439 3858 1512 3912 non
1544 3838 1694 3933 impune
1725 3839 1818 3914 leret
1831 3828 1868 3931 (⁴)

699 3958 983 4053 imprudentiam
1010 3980 1116 4033 suam
1133 3959 1325 4052 asininam,
1343 3958 1406 4033 sed
1427 3959 1663 4054 castigabitur
1684 3960 1779 4035 luste
1796 3962 1871 4035 ler-

700 4097 777 4152 reo.
804 4077 909 4153 Dedit
933 4098 1024 4175 ergo
1048 4098 1213 4173 operam,
1231 4078 1330 4172 quod
1347 4078 1437 4153 certi
1456 4076 1584 4154 lamuli
1601 4079 1720 4155 idonei
1737 4080 1784 4155 ad
1800 4082 1870 4157 boc

700 4204 1012 4292 persequerentur
1037 4198 1153 4293 illum,
1171 4218 1409 4292 quocumque
1427 4204 1608 4294 pergeret,
1626 4197 1727 4274 linito
1749 4201 1870 4276 officio

700 4316 884 4391 Bononiae.
910 4318 1004 4391 Cum
1034 4325 1160 4393 autem
1191 4319 1251 4393 ille
1281 4317 1350 4393 iret
1380 4319 1426 4393 de
1460 4319 1618 4394 Venetiis
1642 4319 1806 4395 Paduam
1832 4320 1870 4394 in

699 4436 858 4512 oonliuio
888 4438 1061 4512 territorii
1087 4439 1207 4515 veneti
1234 4444 1271 4513 et
1306 4437 1476 4534 paduani,
1501 4438 1649 4515 invasus
1677 4462 1701 4515 a
1726 4440 1871 4516 famulis

701 4556 764 4652 qui
796 4557 957 4631 latebant
991 4557 1028 4630 iu
1058 4557 1203 4651 insidiis,
1231 4557 1394 4633 nesciens
1426 4578 1501 4652 quo
1535 4558 1690 4655 lugeret,
1722 4560 1871 4656 ignarus

701 4677 847 4750 viarum
873 4682 911 4751 et
935 4677 1114 4771 locorum,
1133 4677 1336 4753 trucidatus
1356 4685 1422 4773 est,
1443 4685 1486 4753 ut
1504 4686 1632 4774 aperte
1653 4680 1814 4776 tangitur
1833 4681 1870 4754 in

701 4796 817 4872 litera.
843 4796 949 4871 Nunc
972 4796 1019 4871 ad
1036 4798 1198 4891 literam3
1217 4798 1302 4872 dicit
1319 4804 1445 4892 poeta:
1464 4805 1509 4872 lit
1523 4820 1606 4892 uno,
1624 4802 1759 4877 scilicet
1777 4822 1872 4896 prae-

763 4983 792 5045 (¹)
808 4984 839 5033 li.
856 4982 927 5035 illius
941 4986 1145 5037 edificationem.
1209 4986 1237 5049 (¹)
1253 4988 1283 5037 E.
1301 4989 1367 5039 laeta
1379 5002 1471 5053 magna
1486 4996 1559 5054 porte
1573 4992 1599 5042 ln
1615 4992 1739 5055 Bononia,
1749 4992 1871 5045 breviter.

763 5058 790 5121 ι’)
807 5063 853 5109 117
869 5072 884 5109 e
900 5060 932 5111 lt.
947 5060 1152 5113 favorabiliores.
1208 5063 1235 5127 (⁸)
1251 5063 1277 5114 S·
1295 5064 1384 5115 stiffi·
