4542 6842
1060 927 1264 982 COMENTUM
1288 924 1508 980 Puuotrourl

692 1302 858 1370 CANTUS
887 1300 1122 1383 SECUNDUS,
1156 1302 1193 1367 iu
1220 1321 1280 1385 quo
1309 1306 1427 1367 tractet
1456 1301 1536 1366 sicut
1566 1297 1696 1382 quidam
1725 1295 1871 1380 Anneius

630 1478 632 1484 .
770 1415 862 1480 duxit
878 1415 914 1479 iu
928 1434 1008 1480 neoc
1023 1413 1146 1496 aliquos
1160 1413 1303 1494 spirituus,
1320 1417 1350 1478 et
1365 1412 1473 1476 1311311
1487 1415 1517 1476 et
1531 1410 1683 1492 depositis
1697 1408 1735 1472 iu
1750 1413 1871 1474 mnam

770 1529 890 1593 locutus
912 1531 959 1591 est
987 1523 1142 1609 Viryriius
1170 1545 1239 1590 orm
1268 1527 1334 1605 eis3
1364 1529 1394 1590 ct
1423 1544 1492 1588 cum
1515 1520 1761 1603 perpendissent
1788 1519 1871 1602 quod

710 1727 714 1734 ¹
772 1637 897 1705 Dentes
927 1635 1057 1716 vivebat,
1088 1655 1194 1702 omues
1220 1657 1290 1701 eum
1313 1637 1610 1718 perspeuemutet
1637 1651 1722 1696 uuus
1742 1636 1870 1696 vocotus

598 1749 601 1756 ’
775 1747 901 1816 Ousdttu
922 1748 1073 1832 precibus
1100 1745 1222 1812 Daritis
1250 1745 1416 1827 cantabam
1438 1750 1469 1810 et
1491 1742 1568 1810 Octo
1596 1743 1699 1808 subito
1721 1763 1869 1824 superue-

773 1863 839 1943 ru't3
862 1881 931 1927 eum
953 1859 1088 1926 clamore
1110 1879 1216 1924 omues
1238 1857 1384 1940 expulsit.

774 2174 888 2342 Gru·
919 2287 983 2338 ero
1008 2267 1036 2338 u
1057 2267 1130 2337 sole
1155 2267 1215 2336 alt
1228 2268 1409 2338 orizzonte
1437 2267 1568 2355 uiuum.
1603 2265 1802 2355 Postquam
1832 2260 1870 2334 iu

696 2386 877 2481 superiori
902 2385 1061 2481 capitulo
1086 2384 1302 2478 prohemiali
1318 2377 1354 2476 (¹)
1373 2391 1482 2478 poeta
1506 2384 1643 2460 Dentes
1667 2380 1870 2478 proposuit,

697 2507 889 2599 invocavit,
916 2512 953 2580 et
978 2505 1143 2581 narravit
1167 2505 1324 2598 qualiter
1346 2503 1538 2578 intraverit
1551 2495 1588 2595 (²)
1612 2501 1870 2598 purgatorium

699 2648 764 2721 per
790 2626 979 2719 Catonem,
1007 2631 1044 2698 et
1068 2625 1164 2698 lotus
1197 2631 1235 2698 et
1266 2625 1406 2698 cinctus
1437 2622 1549 2699 iuerit
1573 2642 1639 2716 per
1665 2621 1871 2718 Virgilium,

699 2767 798 2821 nunc
823 2753 1091 2840 consequenter
1116 2743 1155 2818 in
1180 2744 1247 2818 isto
1265 2743 1426 2818 secundo
1444 2742 1604 2837 capituto
1621 2742 1743 2836 incipit
1759 2762 1870 2814 suum

698 2871 897 2941 tractatum
922 2865 969 2940 de
993 2865 1048 2939 bis
1069 2865 1132 2958 qui
1153 2866 1398 2961 neglexerunt
1413 2864 1663 2959 poenitentiam
1684 2861 1871 2956 usquead
2013 2896 2018 2905 ·

699 2996 871 3082 mortem,
897 2986 962 3080 qui
995 2993 1080 3060 sunt
1111 2985 1264 3082 relegati
1298 2985 1348 3058 ibi
1374 2984 1411 3057 in
1444 2983 1745 3079 autipurgaiorio‚
1776 3001 1872 3075 quo-

699 3130 785 3182 rum
810 3110 934 3203 plures
954 3115 1041 3182 sunt
1055 3106 1204 3201 species.
1223 3107 1268 3178 Et
1285 3105 1403 3199 primo
1421 3104 1457 3176 in
1475 3104 1544 3176 isto
1560 3103 1720 3197 capituto
1739 3107 1873 3176 tractat

698 3228 745 3303 de
769 3230 888 3323 prima
913 3229 1032 3324 specie
1058 3248 1189 3302 eorum
1216 3226 1281 3319 qui
1309 3225 1549 3299 tardaverunt
1578 3245 1684 3299 suam
1715 3242 1872 3300 conver-

697 3349 836 3423 sionem
864 3348 1045 3444 usquein
1070 3347 1181 3420 tinem
1208 3344 1382 3420 abstracti
1406 3344 1529 3438 aliqua
1553 3363 1687 3439 magna
1712 3343 1872 3417 deiecta·

698 3467 796 3543 tione
823 3475 898 3544 tam
925 3467 1084 3542 naturali
1112 3486 1226 3560 quam
1250 3463 1441 3558 artificiali,
1467 3463 1585 3557 quatis
1616 3470 1672 3536 est
1703 3462 1763 3538 1113
1788 3481 1873 3555 quae

697 3589 859 3668 consistit
885 3589 921 3662 in
948 3587 1099 3678 musica,
1121 3591 1211 3681 puta
1232 3592 1341 3659 cantu
1369 3585 1427 3658 vel
1452 3605 1553 3658 sono.
1572 3585 1616 3656 Et
1632 3604 1794 3678 praesens
1811 3604 1874 3658 ca-

698 3829 804 3903 rales.
831 3829 872 3902 ln
896 3829 1014 3923 prima
1040 3847 1200 3920 quarum
1219 3831 1327 3920 poeta
1344 3823 1516 3900 describit
1532 3831 1679 3917 tempus
1695 3832 1733 3898 et
1748 3825 1872 3898 locum

698 3948 809 4022 simul
833 3947 890 4023 sui
916 3953 1093 4023 tractatus
1119 3945 1298 4019 subtiliter
1323 3951 1360 4018 et
1386 3945 1525 4038 pulcre.
1550 3943 1591 4016 lu
1623 3943 1782 4018 secunda
1808 3942 1874 4018 de-

603 4102 607 4111 ·
700 4069 823 4145 scribit
857 4089 973 4142 unum
1003 4065 1199 4161 Angelum,
1224 4063 1329 4137 cuius
1355 4063 1517 4137 officium
1544 4070 1599 4137 est
1624 4069 1875 4158 transportare

638 4245 639 4248 a
700 4189 841 4263 animas
862 4186 1122 4262 salvandorum
1141 4184 1186 4258 ad
1206 4184 1463 4279 purgatorium
1483 4184 1521 4256 in
1541 4184 1638 4277 navi,
1660 4185 1708 4258 ibi
1729 4185 1873 4259 statim:

702 4313 771 4384 Noi
794 4331 950 4382 erocum.
978 4309 1018 4380 ln
1045 4307 1151 4381 tertia
1176 4304 1347 4379 describit
1365 4325 1477 4378 uuam
1497 4306 1643 4378 turbam
1662 4307 1873 4380 animarum

700 4436 930 4523 portatarum
951 4427 998 4502 ab
1017 4426 1169 4522 bugeio,
1187 4431 1370 4498 eteorum
1393 4423 1649 4519 conditionem,
1669 4425 1764 4499 inter
1781 4446 1875 4520 quas
1992 4500 1994 4503 ,

591 4555 595 4564 “
700 4547 870 4625 describit
895 4547 932 4620 in
958 4546 1103 4642 speciali
1128 4566 1241 4619 unam
1258 4545 1428 4619 animam·
1441 4544 1669 4640 modernam,
1687 4567 1800 4640 quam
1821 4547 1876 4620 ia-

701 4668 893 4743 miiiariter
919 4675 1075 4742 noverat
1099 4667 1135 4740 in
1162 4667 1248 4760 vita,
1274 4665 1346 4738 ibi:
1378 4670 1429 4738 Lo
1461 4667 1574 4740 turbo.
1607 4666 1647 4740 ln
1680 4676 1813 4760 quarta
1838 4675 1878 4744 et

704 4787 830 4861 ultima
857 4787 985 4862 invitat
1010 4787 1171 4861 animam
1193 4785 1302 4860 amici
1318 4785 1365 4858 ad
1382 4785 1601 4880 canendum,
1619 4787 1725 4860 cuius
1745 4795 1876 4861 cantus

764 5053 792 5118 (¹)
809 5055 840 5106 E·
856 5055 1059 5118 prohemiorum.
1374 5053 1400 5115 (¹)
1417 5057 1471 5112 117,
1488 5054 1638 5105 intrarent.
