4542 6842
685 952 756 1020 278
1044 963 1249 1018 couuurun
1273 963 1491 1019 ruuuxrouu

681 1112 756 1184 beri
779 1118 813 1185 et
835 1114 961 1204 aperti,
988 1108 1134 1202 scilicet,
1156 1115 1261 1184 extra
1286 1109 1383 1183 illam
1405 1116 1549 1204 petram
1569 1105 1774 1181 instabilem
1794 1125 1858 1181 ca-

681 1238 817 1325 vatam,
846 1228 906 1304 uhi
933 1230 1123 1305 fueramus
1154 1249 1221 1323 por
1253 1230 1383 1303 horam
1412 1228 1539 1321 clausi,
1563 1248 1619 1318 su,
1652 1226 1789 1300 scilicet
1820 1225 1857 1299 in

680 1350 925 1443 extremitate,
951 1351 1039 1422 dooe
1054 1351 1079 1421 'l
1102 1356 1216 1422 morata
1239 1351 1389 1423 indtetro
1412 1352 1445 1421 si
1467 1368 1600 1440 rauna,
1626 1347 1714 1441 quia
1752 1366 1857 1421 mous

680 1476 904 1566 aggregatur
930 1468 966 1541 in
992 1488 1032 1543 se
1058 1469 1206 1543 clausus
1222 1490 1245 1543 a
1262 1468 1357 1544 dicta
1377 1470 1447 1562 ria,
1465 1476 1503 1543 et
1520 1474 1576 1543 est
1597 1468 1750 1563 integer,
1768 1466 1856 1561 quia

679 1590 726 1663 ab
751 1590 820 1663 isto
846 1590 926 1663 loco
954 1608 1073 1682 usque
1106 1588 1153 1662 ad
1183 1609 1373 1662 summum
1407 1609 1480 1664 non
1515 1588 1701 1662 invenitur
1732 1586 1855 1681 aliqua

680 1710 792 1803 vallis,
818 1708 941 1803 aliqua
967 1709 1125 1781 scissura
1153 1710 1209 1783 vel
1236 1709 1411 1804 tractura,
1430 1708 1524 1783 sicut
1549 1708 1734 1783 invenitur
1755 1706 1853 1805 ¹intra

681 1831 803 1905 locum
838 1829 960 1923 istum,
993 1836 1034 1902 ut
1067 1829 1185 1923 patuit
1214 1831 1324 1925 paulo
1349 1851 1478 1924 supra;
1502 1832 1539 1903 io
1566 1836 1740 1918 sumac,
1766 1827 1853 1921 quia

680 1972 785 2025 eram
811 1970 896 2025 cum
912 1942 949 2043 (¹)
976 1969 1099 2042 carne,
1125 1956 1162 2024 et
1188 1950 1348 2025 feceram
1384 1950 1480 2023 viam
1515 1957 1589 2023 tam
1618 1948 1853 2043 impeditam3

683 2078 716 2145 et
737 2072 898 2144 umdedm'
921 2074 1044 2145 incerti
1066 2072 1104 2147 dl
1127 2077 1253 2143 nostru
1277 2075 1349 2162 ma,
1380 2071 1468 2165 quia
1488 2090 1640 2145 eramus
1662 2070 1779 2167 ignari
1798 2071 1853 2145 lo-

679 2212 822 2267 corum.
850 2192 975 2266 Simile
999 2191 1088 2264 dixit
1114 2190 1152 2264 in
1177 2190 1297 2285 primo
1331 2193 1497 2289 ingressu
1530 2190 1678 2287 quando
1702 2191 1856 2265 luerunt

681 2312 877 2387 introducti
903 2333 925 2385 a
951 2312 1098 2405 Catone,
1124 2315 1302 2385 ristemmo
1326 2334 1368 2385 su
1397 2317 1436 2385 in
1460 2334 1509 2385 uu
1531 2317 1655 2404 piano,
1685 2311 1788 2408 idest,
1815 2314 1851 2386 in

681 2433 739 2507 via
766 2434 872 2527 plana
898 2438 936 2505 et
959 2437 1099 2526 aperta,
1126 2452 1211 2525 quae
1235 2438 1317 2505 erat
1340 2453 1408 2527 pro
1432 2432 1590 2526 cornice,
1609 2439 1647 2507 et
1664 2431 1768 2506 dicit:
1793 2454 1855 2505 so-

682 2556 781 2643 liupo
800 2548 862 2646 piri
887 2554 946 2624 cle
969 2555 1090 2625 strode
1105 2573 1174 2659 per
1191 2555 1324 2643 diserti,
1348 2554 1435 2647 quia
1453 2553 1660 2647 paucissimi
1679 2554 1855 2649 gradiun-

683 2679 743 2746 tur
757 2664 793 2765 (²)
821 2692 887 2768 per
912 2672 1018 2746 istam
1046 2673 1143 2745 viam
1177 2672 1410 2768 poenitentiae,
1436 2680 1475 2747 et
1501 2673 1663 2747 maxime
1692 2673 1853 2768 superbi,

683 2792 745 2887 qui
772 2793 891 2888 primo
922 2792 1160 2867 inueniuntur
1194 2782 1283 2884 inl³l
1310 2794 1377 2870 ista
1408 2794 1478 2868 via.
1509 2793 1552 2867 Et
1582 2792 1761 2889 descripta
1795 2794 1854 2868 ria

681 2914 719 2987 in
744 2912 906 3008 generali
932 2911 1101 2986 describit
1126 2912 1240 3006 ipsam
1260 2912 1296 2984 in
1318 2900 1476 3008 speciali,
1493 2918 1675 3006 quantum
1701 2913 1746 2987 ad
1772 2912 1855 2985 lati-

683 3033 845 3108 tudinem
873 3040 910 3107 et
935 3032 1214 3128 longitudinem,
1240 3039 1278 3107 et
1303 3034 1382 3106 vult
1406 3033 1530 3107 dicere
1555 3032 1727 3126 breviter,
1755 3032 1854 3126 quod

683 3153 750 3227 ista
777 3151 835 3226 via
861 3151 1019 3226 habebat
1043 3151 1079 3223 in
1107 3151 1296 3227 latitudine
1320 3153 1416 3227 torte
1440 3152 1508 3226 tria
1535 3152 1684 3227 brachia
1702 3151 1761 3227 vol
1779 3160 1854 3227 tres

682 3293 820 3368 passus,
845 3273 909 3347 sed
934 3272 1088 3346 altitudo
1113 3273 1193 3347 eius
1222 3279 1302 3346 erat
1332 3273 1483 3366 incerta,
1509 3272 1614 3365 quia·
1631 3271 1690 3346 vix
1724 3274 1855 3348 oculus

682 3400 825 3487 poterat
861 3394 1042 3489 attingere
1076 3414 1276 3467 summum.
1310 3393 1491 3468 Construe
1524 3392 1577 3466 sic
1608 3392 1776 3469 literam:
1806 3417 1856 3469 uu

681 3534 790 3606 corpo
815 3534 958 3604 amano,
985 3510 1085 3606 idest,
1114 3515 1226 3587 homo
1252 3512 1378 3587 vivens
1403 3513 1440 3585 in
1472 3532 1638 3608 corpore,
1665 3513 1759 3587 sicut
1783 3534 1855 3611 ego

681 3652 783 3707 eram
819 3632 878 3725 ibi,
904 3633 1128 3723 muurredbe,
1156 3630 1257 3726 idest,
1290 3639 1523 3709 mensuraret
1552 3654 1619 3728 per
1644 3652 1853 3729 syncopem,

681 3755 718 3827 in
743 3759 796 3825 tre
822 3754 921 3844 volte,
947 3771 1033 3826 cum
1052 3751 1210 3826 brachiis
1229 3759 1267 3825 et
1284 3751 1456 3847 pedihus,
1476 3758 1514 3827 et
1534 3754 1634 3847 ponit
1652 3774 1851 3828 numerum

681 3873 896 3968 perlectum,
931 3871 1025 3946 sicut
1049 3871 1134 3946 alibi
1160 3892 1284 3967 supra,
1310 3873 1398 3966 quia
1423 3894 1570 3945 comem
1583 3879 1690 3948 neus
1713 3878 1852 3968 impure

680 3996 820 4085 pandet,
834 3999 877 4067 ut
892 3992 944 4067 ait
962 3992 1144 4089 Virgilius,
1157 3994 1256 4066 dalla
1271 4012 1338 4065 sua
1353 3996 1505 4085 sponda,
1519 3992 1666 4088 scilicet,
1684 4002 1851 4070 extrema

682 4112 776 4187 illius
799 4113 879 4207 viae,
906 4134 970 4187 ove
994 4116 1135 4206 confina
1159 4116 1187 4187 il
1210 4134 1317 4205 uano,
1343 4111 1435 4188 idest
1464 4134 1645 4209 vanuum3
1669 4116 1774 4208 qnasi
1797 4115 1853 4189 di-

680 4240 762 4307 cat:
791 4234 852 4307 ubi
880 4239 934 4308 est
959 4234 1059 4309 solus
1075 4255 1141 4309 aer
1158 4254 1225 4328 pro
1242 4233 1397 4326 confine,
1414 4234 1501 4328 quia
1521 4255 1588 4309 aer
1609 4236 1852 4330 appellatura

680 4356 795 4451 poetis
825 4376 984 4451 vacuus3
1012 4377 1096 4429 nam
1122 4356 1303 4450 quamvis,
1331 4361 1423 4429 teste
1448 4355 1671 4451 philosopho,
1703 4378 1777 4431 nou
1808 4358 1854 4431 sit
1922 4365 1930 4377 ’

680 4476 770 4551 dare
794 4496 967 4571 vacuum,
995 4476 1081 4570 quia
1107 4476 1232 4549 omnia
1257 4481 1343 4549 sunt
1367 4475 1474 4571 plena
1499 4496 1606 4570 aere;
1624 4484 1749 4553 tamen
1767 4481 1851 4553 vul·

679 4596 817 4692 gariter
842 4596 996 4671 dicimus
1023 4596 1109 4669 illud
1135 4615 1216 4670 esse
1241 4614 1415 4688 vacuum,
1439 4594 1477 4668 in
1502 4616 1577 4690 quo
1603 4596 1689 4670 nihil
1710 4604 1766 4672 est
1786 4598 1852 4673 nisi

680 4736 763 4810 aer,
790 4739 814 4790 a
833 4713 895 4810 pie*
917 4720 995 4791 ceu
1008 4719 1082 4790 ulta
1106 4720 1203 4808 ripa,
1219 4714 1304 4791 dicti
1331 4714 1475 4809 montis,
1492 4718 1552 4789 cde
1564 4736 1637 4809 par
1660 4722 1748 4809 sule,
1765 4720 1853 4813 quia

681 4842 780 4911 recte
806 4835 919 4911 tendit
944 4857 1104 4911 sursum.
1136 4837 1182 4908 Et
1214 4834 1329 4932 tangit
1361 4834 1623 4931 longitudinem
1655 4837 1800 4913 dicens:
1833 4863 1853 4913 e

1745 5006 1850 5017 —n—

742 5096 770 5159 (¹)
787 5099 841 5157 tlt,
859 5097 884 5145 in
901 5110 987 5149 carne.
1112 5096 1139 5159 l')
1156 5096 1187 5147 E.
1204 5096 1367 5160 grediuutur.
1492 5094 1520 5161 (⁸)
1535 5096 1560 5147 S.
1576 5096 1625 5146 sub
1640 5097 1688 5146 leta
1704 5098 1753 5148 ria.
