4542 6842
827 975 964 1032 clarus
988 977 1117 1031 uorsus.
1271 999 1273 1002 ·
1486 964 1556 1031 ato

388 1119 443 1212 tis,
469 1122 519 1197 ita
545 1142 643 1196 nunc
668 1122 851 1197 succurrit
866 1122 933 1195 sihi
949 1122 1132 1197 intraturo
1150 1123 1407 1219 purgatorium
1428 1128 1558 1197 contra
1625 1214 1628 1217 ἢ

386 1249 615 1336 serpentem3
642 1248 679 1317 et
704 1240 789 1336 quia
807 1262 875 1316 sua
896 1241 1032 1318 virtute
1053 1262 1126 1317 non
1148 1250 1301 1337 poterat,
1319 1242 1452 1317 levavit
1470 1262 1558 1317 eum

386 1362 424 1436 in
448 1362 576 1455 altum,
602 1367 639 1436 et
665 1361 897 1456 praesentarit
922 1382 1048 1435 coram
1083 1362 1215 1459 angelo
1236 1362 1399 1437 Domini:
1426 1364 1463 1438 et
1487 1362 1559 1437 hoc

387 1481 470 1557 lecit
503 1482 600 1557 circa
635 1502 812 1556 auroram
842 1482 924 1576 diei,
955 1503 1067 1577 quarn
1098 1482 1271 1558 describit
1301 1476 1375 1576 al¹l
1409 1484 1556 1579 planctu

388 1599 612 1698 hirundinis,
638 1602 736 1677 unde
761 1601 868 1677 dicit:
895 1605 973 1677 rtelt
982 1624 1063 1694 ora,
1089 1603 1236 1697 scilicet,
1262 1604 1493 1699 postmodum
1520 1604 1558 1678 in

388 1722 461 1797 fine
489 1722 616 1815 noctis,
642 1723 703 1795 cte
731 1723 767 1793 to
796 1724 995 1794 rondtnetla
1024 1726 1195 1796 commota
1226 1727 1241 1797 i
1271 1727 1361 1796 tm'sti
1384 1728 1458 1818 loi‚·
1484 1744 1557 1799 vox

387 1849 442 1917 est
467 1842 682 1917 naturaiiter
707 1840 923 1937 significans,
949 1842 1054 1935 quasi
1079 1841 1195 1916 dicut:
1221 1844 1342 1917 tristes
1366 1864 1496 1919 versus
1520 1850 1558 1918 et

282 1980 285 1993 ·
387 1961 675 2057 lamentationes,
697 1984 823 2055 presso
849 1966 922 2037 olto
947 1966 1106 2054 mattiae,
1131 1985 1246 2059 prope
1270 1964 1494 2058 diluculum;
1520 1972 1558 2039 et

386 2082 490 2158 dicit:
514 2087 613 2176 forse
636 2102 661 2155 a
685 2085 855 2155 mmor-th
880 2086 933 2157 de'
946 2086 1023 2156 suoi
1035 2087 1147 2176 primi
1162 2088 1260 2175 puni,
1278 2084 1380 2179 idest,
1398 2104 1555 2179 suorum

386 2203 624 2297 antiquorum
649 2200 831 2276 dolorum.
849 2202 903 2277 Ad
924 2203 1034 2277 huius
1050 2204 1166 2278 literae
1185 2204 1460 2301 intelligentiam
1479 2204 1558 2299 ple·

386 2344 471 2398 nam
498 2328 643 2419 oportet
667 2322 761 2397 scire
787 2324 932 2420 longam
960 2324 1134 2419 lahulam,
1153 2345 1265 2419 quam
1292 2324 1442 2400 Ovidius
1465 2324 1558 2400 scri·
1616 2394 1621 2403 .

385 2442 437 2517 hit
462 2441 567 2517 valde
592 2441 723 2517 dilluse
749 2442 793 2517 Vl
818 2443 876 2516 sui
902 2444 1061 2538 maioris,
1083 2444 1190 2517 cuius
1210 2444 1373 2519 breviter
1398 2446 1477 2520 haec
1501 2450 1557 2520 est

385 2582 554 2637 summa:
582 2563 722 2637 Tereus
746 2583 812 2637 rex
845 2564 994 2638 thraciae
1026 2564 1185 2661 regionis
1214 2564 1353 2640 hahens
1387 2586 1556 2659 taxonem,

386 2682 535 2757 nomine
551 2684 708 2779 Progne,
727 2682 838 2757 liliam
855 2683 1046 2758 Pandionis
1068 2684 1165 2781 regis
1181 2684 1422 2779 Athenarum,
1436 2684 1558 2779 preci-

385 2804 456 2877 bus
480 2803 607 2878 uxoris
632 2822 708 2877 suae
734 2803 919 2897 proiectus
948 2804 1106 2879 Athenas
1140 2803 1287 2901 petebat
1315 2826 1339 2879 a
1370 2804 1556 2880 Pandione

385 2944 524 3016 socero,
540 2931 580 2996 ut
596 2923 701 2997 daret
717 2922 783 2996 sibi
801 2922 911 2997 liliam
931 2923 1109 3021 virginem
1138 2924 1286 2999 nomine
1301 2924 1554 3017 Philomelam,

284 3044 288 3052 '
387 3043 474 3139 quia
500 3064 596 3117 uxor
621 3064 687 3117 sua
714 3062 861 3117 summe
885 3044 1033 3139 optabat
1059 3043 1185 3119 videre
1209 3064 1387 3119 sororem.
1405 3044 1449 3117 Et
1465 3062 1554 3119 ecce

384 3164 527 3239 interim
555 3164 765 3258 supervenit
789 3164 988 3239 Philomela
1015 3164 1237 3259 pulcerrima
1263 3164 1364 3238 velut
1388 3164 1457 3239 dea
1476 3171 1551 3238 tam

384 3283 503 3359 lorma
529 3284 699 3376 naturali,
725 3304 837 3378 quam
869 3284 971 3358 cultu
1000 3283 1196 3377 artificiali3
1223 3304 1297 3378 qna
1322 3284 1399 3359 visa
1431 3284 1554 3359 infelix

383 3405 522 3481 Tereus
546 3403 771 3498 stupefactus
789 3403 900 3478 nimia
918 3402 1162 3498 pulcritudine
1187 3402 1238 3477 ita
1262 3403 1401 3479 exarsit
1425 3396 1554 3498 eiusl²t

382 3545 522 3618 amore,
540 3524 634 3598 sicut
651 3523 781 3619 stipula
806 3523 926 3598 subito
953 3523 1165 3598 accenditur
1186 3522 1289 3620 igne;
1307 3528 1346 3597 et
1368 3524 1552 3599 fluctuans

381 3648 507 3721 animo
532 3644 685 3718 interius
711 3644 913 3737 vexabatur
940 3644 1049 3717 variis
1074 3642 1185 3736 curis,
1203 3643 1295 3719 sicut
1312 3650 1369 3718 est
1384 3644 1431 3719 de
1448 3665 1554 3720 more

380 3765 607 3859 amantium;
626 3764 773 3839 tandem
800 3764 868 3839 sub
893 3765 1046 3839 honesto
1071 3765 1197 3838 colore
1220 3764 1377 3837 ohtinuit
1399 3763 1509 3840 liliam
1531 3788 1554 3841 a

382 3894 497 3983 patre,
524 3886 587 3979 qui
614 3884 868 3960 molestissime
898 3884 979 3958 tulit
1010 3884 1090 3959 eius
1124 3902 1323 3977 recessum,
1355 3884 1441 3978 quia
1471 3893 1554 3961 erat

309 4066 311 4071 .
381 4008 551 4083 solatium
587 4004 783 4081 senectutis
817 4025 904 4079 suae.
931 4004 1046 4100 igitur
1080 4005 1219 4079 Tereus
1252 4011 1402 4100 accepta
1431 4006 1554 4082 Philo-

382 4129 479 4203 mela
506 4126 542 4199 in
569 4126 665 4220 navi,
691 4146 866 4222 prospere
891 4125 1077 4222 navigans,
1095 4145 1182 4199 cum
1203 4124 1364 4219 primum
1382 4124 1554 4220 applicuit

382 4246 429 4322 ad
455 4246 539 4321 litus
560 4244 664 4341 regni
680 4244 750 4339 sui,
764 4246 871 4320 laetus
888 4246 989 4320 velut
1006 4245 1139 4340 aquila,
1160 4250 1263 4339 rapto
1283 4244 1420 4339 lepore,
1441 4245 1555 4323 traxit

382 4367 621 4441 Philomelam
657 4373 850 4463 cognatam
885 4386 990 4441 suam
1026 4365 1063 4439 in
1097 4364 1297 4460 quamdam
1335 4365 1475 4461 sylvam
1516 4366 1552 4441 in

381 4486 533 4561 domum
569 4485 760 4562 cuiusdam
787 4484 953 4580 pastoris,
983 4491 1021 4560 et
1054 4485 1153 4559 illam
1188 4491 1421 4580 trementem,
1452 4488 1554 4563 velut

380 4626 476 4703 agna
502 4615 607 4700 capta
632 4626 655 4679 a
680 4604 779 4701 lupo,
803 4611 870 4679 aut
895 4604 1066 4679 columba
1092 4612 1196 4699 rapta
1213 4595 1249 4697 (³)
1276 4606 1325 4679 ab
1349 4612 1489 4701 estune,
1516 4614 1555 4684 et
1586 4685 1590 4693 ,

379 4724 516 4799 trustra
543 4725 816 4819 reclamantem,
842 4723 1033 4799 delloravit
1050 4724 1258 4820 virginitate
1277 4746 1355 4800 sua.
1374 4724 1445 4801 Se'd
1467 4726 1553 4801 Phi·
1668 4774 1672 4782 ·

381 4844 516 4919 lomela
552 4844 669 4941 magis
706 4865 859 4921 accensa
899 4844 983 4941 igne
1024 4844 1104 4939 irae,
1141 4864 1254 4940 quam
1296 4846 1435 4921 Tereus
1468 4847 1554 4945 igne

1444 5023 1553 5035 —-—

443 5100 469 5163 (¹)
489 5106 542 5161 tlt,
559 5114 573 5151 a
591 5108 676 5153 cantu.
800 5100 828 5164 (¹)
844 5104 870 5154 S.
887 5103 913 5153 in
929 5104 985 5154 cius
1001 5116 1126 5155 amorem.
1252 5103 1280 5167 l't
1296 5104 1327 5156 E.
1343 5110 1425 5169 e⁸P¹⁸=
