4542 6842
755 952 827 1021 titt
1116 964 1319 1019 conrunrurr
1345 964 1565 1020 rusurrensi

754 1108 871 1185 debeo
897 1111 991 1186 mori
1025 1131 1092 1207 per
1125 1110 1369 1205 proditionem
1394 1116 1438 1183 ut
1463 1108 1639 1200 cbristus,
1665 1109 1808 1183 moriar
1830 1117 1873 1184 ut
1886 1104 1923 1202 ι’)

755 1228 914 1305 vicarius
938 1229 1078 1306 Christi.
1106 1230 1151 1303 llt
1175 1229 1351 1305 maenus
1372 1233 1563 1323 assumpto
1580 1228 1704 1304 babitu
1730 1228 1924 1323 pontificali

755 1368 841 1424 curn
868 1350 1041 1445 clavibus,
1068 1350 1277 1425 conscendit
1303 1350 1471 1445 papalem
1501 1346 1637 1423 sedeur.
1668 1348 1813 1424 suana
1837 1370 1924 1424 curu

755 1470 842 1564 suis,
868 1471 1014 1545 volente
1038 1470 1127 1565 beo,
1145 1477 1188 1543 ut
1207 1478 1333 1545 sancta
1358 1470 1516 1566 dignitas
1540 1475 1753 1545 servaretur
1778 1470 1924 1565 intacta,

757 1608 830 1663 non
855 1590 1059 1665 iniecerunt
1084 1610 1218 1663 manus
1242 1590 1279 1663 in
1305 1610 1406 1683 euru,
1423 1589 1488 1664 sed
1509 1588 1613 1661 illurn
1629 1588 1715 1663 solis
1732 1590 1855 1665 verbis
1872 1591 1926 1665 la·

755 1710 939 1805 uessiturn,
972 1711 1042 1783 sub
1076 1712 1228 1786 honesta
1261 1710 1426 1785 custodia
1461 1710 1724 1804 relinquentes,
1758 1713 1925 1787 convemi

755 1836 841 1903 sunt
865 1830 911 1904 ad
937 1830 1151 1925 rapiendum
1180 1831 1406 1905 tbfflaurum.
1425 1830 1511 1904 Post
1531 1830 1677 1905 tertiam
1694 1830 1792 1905 diem
1809 1852 1926 1927 popu·

756 1950 813 2023 lus
829 1950 1002 2049 Anagniae
1020 1970 1286 2048 recognoscens
1303 1970 1472 2025 errorem
1486 1971 1609 2043 suum,
1624 1971 1736 2025 ruens
1753 1952 1791 2025 in
1807 1972 1924 2047 arma,

756 2064 901 2164 duce(¹)
929 2073 1026 2147 luca
1053 2072 1099 2146 de
1124 2072 1241 2146 Fliscu
1258 2071 1444 2164 cardinali,
1462 2071 1602 2164 expulit
1626 2070 1809 2145 Sciarram
1836 2092 1923 2147 cum

756 2192 1002 2287 complicibus.
1019 2182 1272 2283 Boniluciusl⁰l
1290 2190 1467 2265 liberatus
1479 2190 1585 2265 tertia
1600 2189 1660 2264 die
1676 2210 1781 2266 mure
1792 2191 1924 2265 Cbristi

756 2331 829 2386 nou
849 2312 966 2406 potuit
993 2311 1118 2404 letari,
1145 2310 1316 2385 induratu
1345 2310 1458 2385 corde
1486 2311 1623 2385 dolore.
1650 2310 1720 2385 Sed
1750 2311 1928 2387 recedens

755 2450 842 2505 curn
869 2431 984 2525 curia,
1011 2431 1109 2506 venit
1133 2430 1290 2504 llornum
1312 2428 1358 2504 ad
1376 2436 1543 2505 sanctum
1566 2430 1728 2525 Petrum,
1750 2451 1836 2506 eum
1866 2431 1929 2505 in·

756 2550 917 2626 tentione
934 2549 1141 2626 celebrandi
1158 2550 1365 2643 concilium,
1379 2561 1417 2628 et
1433 2550 1584 2625 luciendi
1601 2552 1713 2626 ultam
1728 2552 1927 2627 vindictam

755 2669 802 2745 de
826 2669 957 2745 iniuria
984 2659 1259 2763 atrocissimal‘)
1287 2670 1381 2745 lucta
1407 2671 1474 2745 sibi
1504 2691 1570 2765 per
1600 2692 1752 2769 regem3
1778 2673 1841 2747 sed
1869 2673 1928 2746 iu·

757 2796 860 2865 tenso
885 2790 1011 2865 dolore
1037 2796 1235 2884 superante
1263 2790 1430 2865 animum
1458 2792 1550 2885 eius,
1575 2812 1776 2867 conversus
1801 2793 1838 2865 in
1863 2814 1927 2867 ra-

757 2909 854 2984 biem
879 2910 1026 3004 luroris,
1051 2909 1161 3004 coepit
1185 2930 1225 2983 se
1255 2909 1387 2985 rodere
1418 2917 1559 3003 totum3
1584 2918 1621 2987 et
1655 2913 1706 2987 sic
1735 2913 1921 2989 centrata

756 3037 812 3105 est
828 3030 1015 3126 prophetia
1036 3030 1288 3125 simplicissimi
1306 3031 1499 3125 (loelestini,
1517 3033 1581 3126 qui
1600 3032 1819 3127 predixerat
1835 3034 1924 3107 sibi:

756 3150 899 3225 Intrasti
931 3158 971 3224 ut
1002 3152 1141 3245 vulpes,
1167 3151 1339 3247 regnabis
1371 3159 1411 3225 ut
1444 3153 1513 3243 leo,
1540 3152 1708 3227 morieris
1743 3162 1784 3227 ut
1811 3155 1923 3227 canis.

757 3270 845 3345 Vide
869 3271 980 3368 igitur
1005 3271 1035 3345 si
1055 3272 1156 3367 Juste
1181 3278 1288 3367 poeta
1313 3272 1515 3347 detestatur
1534 3279 1609 3346 tarn
1630 3275 1782 3350 crudele
1805 3277 1926 3350 scelus

756 3392 792 3465 in
825 3392 996 3487 Philippo.
1035 3391 1128 3465 Dicit
1160 3412 1269 3487 ergo:
1308 3396 1434 3484 Veppio
1470 3396 1720 3486 r'lptordulbo,
1755 3394 1857 3490 idest,
1883 3396 1927 3469 li-

757 3511 864 3605 lium,
898 3511 1002 3606 quasi
1039 3510 1105 3585 llos
1134 3510 1181 3585 de
1212 3510 1302 3605 aliis,
1335 3505 1434 3605 quod
1471 3521 1527 3587 est
1563 3520 1755 3589 armatura
1793 3535 1926 3611 regum

754 3632 928 3726 Franciae,
955 3635 1140 3705 ontrario
1166 3634 1318 3725 Alauna,
1345 3632 1530 3708 civitatem
1547 3626 1584 3725 (⁵)
1609 3634 1793 3729 bonifacii,
1819 3658 1839 3708 e
1871 3638 1931 3710 nel

756 3754 888 3826 vicmo
913 3772 976 3825 suo
1005 3755 1117 3825 cesto
1142 3772 1237 3825 esser
1260 3758 1373 3825 colb:
1398 3760 1434 3827 et
1460 3753 1530 3827 boc
1554 3754 1646 3847 dico,
1672 3754 1745 3848 liet,
1768 3752 1931 3847 pemnt’t

756 3875 829 3945 mul
849 3876 969 3966 srlmro
994 3874 1050 3944 e'l
1069 3874 1159 3965 [utto
1180 3874 1268 3964 puio
1294 3892 1386 3964 meu,
1411 3871 1513 3965 idest,
1541 3878 1581 3947 ut
1612 3874 1755 3949 minora
1781 3874 1931 3949 videan-

756 3991 939 4066 turmula
965 3990 1081 4066 fienda
1107 3991 1243 4085 etjam
1270 3991 1375 4085 lacu,
1403 3991 1490 4085 quia
1516 4012 1605 4067 rere
1629 3994 1753 4067 omnia
1778 4000 1929 4088 peccatu

756 4112 940 4209 praeterita
965 4118 1002 4187 et
1029 4110 1153 4186 lutura
1178 4111 1349 4185 videntur
1379 4132 1493 4206 parsu
1527 4113 1585 4189 vel
1620 4113 1719 4187 nulla
1753 4114 1791 4187 iu
1824 4134 1929 4188 oom-

756 4232 945 4328 paratioue
970 4232 1016 4307 ad
1041 4232 1147 4305 istud.
1175 4232 1276 4305 Unde
1300 4230 1443 4305 subdit:
1463 4236 1621 4324 ceppiolo
1646 4236 1813 4307 un'ultru
1832 4238 1926 4307 uultu

756 4376 850 4429 esser
880 4354 1014 4444 dubo,
1045 4350 1131 4445 quia
1164 4358 1292 4445 captus
1324 4351 1373 4424 ub
1408 4352 1586 4447 hostibus,
1622 4358 1745 4446 osopio
1774 4357 1930 4428 rinovet-

758 4477 815 4547 lar
840 4475 971 4548 ῐαοοιο
996 4474 1057 4546 e'l
1077 4474 1156 4567 sele,
1180 4491 1248 4567 per
1272 4492 1422 4547 amaros
1445 4474 1591 4549 dolores
1616 4473 1800 4568 Bonifatii,
1825 4498 1845 4547 e
1870 4483 1929 4549 tm

759 4598 828 4667 υἰιιι·
856 4595 1000 4667 ludroni
1030 4614 1125 4666 esser
1150 4593 1285 4682 occup,
1316 4592 1418 4687 idest,
1445 4592 1541 4667 inter
1565 4592 1736 4669 satellites
1761 4594 1859 4691 regis
1892 4603 1930 4670 et

820 4856 846 4917 (¹)
863 4860 917 4916 1¹⁷,
936 4860 1067 4919 tamquam
1085 4845 1204 4906 ιΙι-ιιιἸιιιἸ
1320 4856 1347 4920 (¹)
1364 4858 1395 4908 E.
1412 4859 1486 4921 dure,
1503 4858 1663 4925 ductortuus
1680 4860 1759 4911 Lucu.

819 4930 847 4993 (¹)
863 4932 893 4981 E.
911 4932 1058 4983 Bouiluclut
1073 4937 1161 4982 nutem
1177 4944 1261 4982 more.

820 5007 847 5069 ς’)
863 5008 893 5057 Ε.
909 5009 1069 5059 atrocissima
1084 5008 1133 5058 sibl
1149 5022 1197 5072 per
1212 5022 1301 5073 rupem
1319 5010 1399 5062 illstr.
1415 5011 1473 5062 Sud.

821 5085 848 5146 (¹)
866 5084 895 5134 E.
912 5085 1021 5136 civitate.
