4542 6842
736 972 875 1027 omnus
899 973 1057 1029 nmmos
1082 974 1277 1030 ssoonnos.
1519 964 1590 1031 345

417 1138 491 1211 sus,
520 1120 552 1189 si
584 1138 709 1210 ruppe,
743 1116 845 1211 idest,
879 1118 1026 1213 planata
1059 1119 1138 1214 luit,
1170 1122 1299 1213 perte
1331 1124 1456 1212 scalea,
1487 1120 1592 1213 idest,

417 1236 555 1333 gradus
586 1238 783 1330 scalarum,
809 1240 869 1311 ote
892 1241 924 1311 si
949 1242 1030 1332 sero
1062 1242 1112 1313 od
1145 1240 1258 1331 etone,
1282 1239 1419 1315 scilieet
1449 1240 1616 1315 molioni

419 1378 532 1453 quam
568 1378 665 1432 nunc
697 1357 753 1452 sit,
788 1358 874 1452 quia
908 1358 1090 1435 florentini
1116 1366 1223 1437 erant
1257 1368 1345 1434 tuno
1379 1361 1592 1456 legaliores3

358 1533 368 1553 ὁ
420 1478 518 1555 unde
542 1478 646 1555 dicit:
677 1481 805 1553 ct’era
838 1483 955 1554 oooro
979 1484 1007 1555 il
1030 1488 1202 1574 quamne
1235 1502 1254 1553 e
1283 1484 1320 1554 lo
1352 1484 1471 1575 d09o3
1496 1502 1591 1575 qua·

421 1609 549 1676 lemos
574 1598 721 1693 quidem
748 1607 830 1674 erat
855 1620 1022 1694 securos,
1047 1601 1133 1694 quia
1167 1600 1330 1675 nondum
1368 1607 1593 1676 mercatores

420 1725 609 1815 coeperant
627 1720 791 1795 lacerare
807 1728 948 1796 cartam
967 1721 1013 1795 de
1030 1727 1212 1816 quaterno
1230 1721 1428 1815 rationum,
1445 1727 1483 1797 et
1502 1741 1592 1797 oan-

420 1839 555 1914 eellare
579 1848 733 1934 postam,
750 1840 845 1915 siout
865 1861 962 1936 saepe
979 1839 1019 1914 lit
1035 1841 1154 1935 hodie,
1171 1842 1232 1915 vel
1249 1840 1296 1916 de
1316 1841 1472 1938 registro
1488 1862 1592 1916 oom-

420 1959 542 2033 munis
568 1960 635 2034 luit
659 1962 862 2038 laceratum
889 1961 1017 2037 lolium
1045 1968 1212 2056 tempore
1235 1960 1386 2035 autoris.
1418 1963 1463 2035 Et
1487 1962 1591 2036 dioit:

420 2082 457 2155 lo
481 2084 590 2172 dono,
608 2081 696 2175 quia
715 2082 762 2157 de
778 2083 891 2156 stario
914 2082 1107 2157 Florentiae
1125 2082 1194 2157 luit
1209 2088 1373 2157 extracta
1395 2104 1466 2157 una
1485 2083 1592 2179 (loga,

421 2208 461 2275 ut
485 2200 635 2275 habebis
659 2201 759 2277 clare
785 2202 943 2276 Paradisi
970 2202 1128 2297 capitulo
1156 2201 1245 2275 XVI.
1276 2203 1319 2275 Et
1346 2204 1414 2277 hoc
1440 2202 1540 2277 dieo:
1569 2223 1594 2274 a

419 2342 503 2394 mon
528 2324 647 2395 destro
670 2342 735 2413 per
758 2324 848 2395 satir
873 2325 911 2395 ol
930 2330 1055 2414 monte,
1080 2328 1186 2397 extra
1209 2329 1359 2416 terram,
1381 2325 1469 2395 dove
1485 2324 1590 2411 slede

418 2440 521 2534 idest,
548 2439 584 2513 in
611 2461 685 2535 quo
712 2450 837 2517 monte
862 2443 994 2517 situata
1019 2449 1085 2537 est,
1103 2446 1141 2515 lo
1156 2444 1284 2533 otioso,
1302 2441 1449 2535 scilicet,
1469 2440 1592 2515 Sancti

419 2559 564 2653 Miniati,
599 2562 876 2656 supereminens
909 2562 1112 2638 Florentio.
1145 2562 1190 2635 Et
1223 2562 1281 2637 hio
1314 2568 1369 2637 ost
1402 2561 1592 2635 sciendum

422 2679 521 2774 quod
545 2680 713 2755 lliniatus
743 2682 876 2756 dicitur
910 2683 1020 2758 luisse
1048 2683 1144 2757 lilius
1179 2682 1275 2778 regis
1307 2681 1503 2775 Armeniae,
1528 2681 1590 2774 qui

422 2802 572 2877 veniens
596 2801 751 2876 Romam
777 2801 896 2899 gratia
925 2801 1128 2877 devotionis
1163 2802 1309 2877 reduxit
1334 2823 1374 2876 so
1407 2802 1453 2877 ad
1479 2802 1589 2875 istum

421 2923 557 3016 locum,
584 2923 645 2998 ubi
673 2931 760 2997 tunc
785 2929 865 2997 erat
890 2924 991 3019 sylva
1016 2923 1188 3017 solitaria,
1215 2944 1326 3017 qoem
1360 2923 1492 2997 Decius
1521 2922 1591 2996 im·

421 3050 569 3138 perator
595 3042 677 3117 lecit
701 3042 895 3136 decollari3
921 3044 1051 3119 deinde
1076 3044 1170 3119 iacta
1196 3052 1252 3119 est
1269 3044 1317 3117 ibi
1334 3043 1486 3119 ecelesia
1504 3064 1592 3138 par·

421 3164 507 3237 vola
534 3183 556 3236 a
581 3162 795 3257 christianis,
821 3171 859 3238 et
892 3171 973 3258 post
1002 3170 1147 3259 tempus
1180 3164 1249 3237 luit
1281 3164 1376 3237 lacta
1407 3162 1525 3237 maior
1556 3168 1593 3236 et

421 3282 582 3376 pulcrior
610 3274 684 3373 Μ’)
717 3282 929 3378 florentinis,
960 3284 1023 3378 qui
1055 3283 1249 3358 visitabant
1282 3284 1380 3357 illam
1407 3304 1455 3357 ox
1480 3283 1592 3357 dovo-

420 3402 529 3476 tione.
555 3398 640 3475 ldeo
664 3400 774 3475 dicit:
801 3386 860 3475 cite
882 3407 1069 3497 soyyiooo,
1101 3403 1205 3498 idest,
1232 3424 1316 3498 qnae
1345 3402 1498 3479 eeclesia
1528 3403 1594 3475 ha-

420 3523 482 3597 bet
507 3523 577 3595 sub
602 3542 643 3597 se
678 3522 715 3595 in
741 3522 899 3619 planitie,
932 3528 968 3598 lo
999 3526 1064 3599 ben
1094 3527 1254 3617 quidam,
1280 3524 1415 3600 seilicet
1440 3524 1593 3598 Floren-

422 3642 536 3719 tiam:
564 3649 602 3718 et
639 3644 803 3737 loquitor
840 3645 988 3741 ironice,
1024 3645 1131 3740 quasi
1170 3645 1285 3721 dicat:
1323 3645 1421 3719 male
1454 3650 1593 3719 rectam

421 3770 459 3837 et
483 3763 586 3857 peius
607 3763 777 3857 duotam3
795 3784 906 3857 sopra
922 3766 1144 3859 lioboooote3
1161 3785 1252 3860 pons
1267 3756 1303 3858 (²)
1323 3772 1380 3839 est
1396 3785 1507 3859 supra
1525 3764 1595 3838 Ar-

421 3904 511 3955 num
537 3902 604 3979 per
630 3904 741 3977 quem
768 3884 843 3957 itur
867 3884 914 3958 ad
940 3884 1073 3960 dietam
1100 3885 1304 3979 eeclesiam,
1323 3884 1387 3979 qui
1409 3884 1461 3959 sio
1480 3884 1595 3959 deno-

422 4002 581 4077 minatus
605 4002 675 4076 luit
698 4003 746 4076 ab
773 4023 847 4077 uno
869 4010 1048 4099 potestate
1064 4004 1268 4099 Florentio,
1285 4005 1350 4099 qui
1369 4012 1522 4080 vocatus
1538 4011 1595 4081 est

422 4123 647 4216 Rubaeonte,
674 4129 712 4197 et
737 4123 805 4197 init
830 4124 959 4198 nobilis
984 4125 1088 4199 miles
1107 4125 1155 4199 de
1170 4124 1383 4219 Mediolano,
1399 4123 1531 4219 dejllis
1546 4124 1594 4199 do

422 4242 610 4337 mandolio,
637 4242 744 4317 cuius
777 4250 943 4339 tempore
975 4245 1092 4319 laetus
1121 4245 1191 4319 luit
1221 4245 1279 4319 hio
1309 4266 1400 4341 pons
1424 4245 1524 4320 MCC.
1551 4246 1594 4319 Et

421 4368 509 4437 nota
535 4369 715 4456 quantum
741 4363 837 4438 diota
861 4364 1088 4460 comparatio
1114 4364 1261 4460 proprie
1287 4364 1393 4439 iaciat
1422 4366 1470 4440 ad
1499 4386 1594 4462 prae-

421 4502 506 4559 sens
524 4483 771 4578 propositum:
792 4484 1002 4560 sicutenim
1021 4490 1200 4561 exeuntes
1219 4485 1267 4561 de
1282 4484 1477 4581 Florentia,
1491 4494 1592 4562 tarra

420 4603 681 4698 superbonum,
698 4604 887 4681 ascensuri
907 4610 1070 4679 montem
1089 4626 1158 4699 pro
1178 4604 1402 4701 indulgentia
1423 4612 1594 4699 peceato-

422 4746 506 4799 r-um
533 4725 724 4799 inveniunt
740 4746 934 4801 ascensum
953 4726 1161 4825 mitigatum
1179 4726 1400 4824 pergianus
1416 4725 1593 4823 lapideos3

420 4847 471 4921 ita
497 4852 598 4921 recte
622 4866 720 4921 nono
747 4847 917 4944 Virgilius
942 4856 980 4923 et
1005 4850 1139 4923 motos
1162 4849 1387 4943 florentinos,
1413 4856 1592 4923 exeuntes

485 5111 512 5175 (¹)
528 5111 560 5162 E.
576 5125 591 5161 ι
607 5112 718 5163 dominis
733 5112 885 5164 florentinis.
1044 5112 1072 5176 (η
1089 5114 1120 5165 Β.
1135 5115 1181 5179 qul
1195 5121 1236 5167 αι
1250 5128 1316 5179 μω
1329 5127 1417 5178 mn,
