4542 6842
809 960 948 1017 cuorus
973 960 1116 1019 sexsus
1477 946 1545 1017 191

372 1111 453 1180 cat:
481 1112 556 1180 tam
584 1104 693 1181 rudes
718 1113 756 1179 et
782 1105 951 1181 ridiculas
969 1106 1208 1202 provisiones,
1227 1108 1278 1179 ct’
1293 1126 1318 1178 a
1337 1126 1460 1179 mezzo
1483 1124 1550 1177 no-

375 1228 511 1301 uemdre
535 1246 607 1301 oon
632 1230 759 1320 munuc
776 1231 856 1319 occet
876 1230 936 1301 cicc
960 1236 996 1301 tu
1020 1230 1056 1301 d
1068 1229 1202 1303 octobre
1223 1230 1290 1320 fiii,
1307 1227 1412 1322 quasi
1433 1227 1547 1301 dicat:

375 1348 473 1441 quod
497 1346 693 1442 aliquando
715 1352 852 1423 statuta
873 1354 911 1423 et
928 1348 1183 1425 ordinamenta
1208 1356 1282 1422 tua·
1297 1368 1372 1423 nun
1397 1366 1549 1423 serran-

375 1474 437 1543 tur
461 1488 528 1563 per
554 1488 719 1543 mensem
745 1488 832 1542 cum
857 1466 1017 1541 dimidio.
1044 1466 1087 1540 Et
1114 1490 1187 1542 non
1213 1468 1382 1543 rideatur
1408 1467 1471 1541 tibi
1497 1465 1548 1540 ir·

376 1588 525 1664 ridenda
550 1589 777 1684 metaphora,
802 1588 889 1681 quia
915 1596 971 1662 est
996 1589 1163 1683 propria3
1186 1590 1264 1663 vult
1289 1590 1387 1665 euim
1405 1590 1546 1664 dicere:

374 1730 485 1805 opera
512 1716 576 1785 tua
602 1716 688 1784 sunt
712 1708 897 1801 immines,
919 1715 956 1783 et
974 1728 1105 1805 parum
1131 1709 1279 1802 durant,
1296 1716 1334 1784 et
1350 1709 1423 1784 cito
1441 1729 1547 1782 rum·

374 1838 514 1923 puntur
546 1836 588 1904 ut
620 1828 723 1903 filum
754 1827 928 1922 mulieris,
959 1828 1043 1902 licet
1081 1828 1276 1903 videantur
1314 1828 1470 1903 subtilia.
1503 1830 1549 1903 Et

374 1948 444 2023 hoc
460 1949 621 2025 declarat
637 1956 786 2045 petens:
809 1954 942 2037 Quontc
960 1951 1049 2022 cutte
1064 1941 1115 2043 (¹),
1134 1949 1239 2043 qrrasi
1263 1944 1382 2025 dicat:
1410 1949 1549 2023 mutto·

374 2068 478 2163 tiens,
505 2072 563 2142 det
585 2078 709 2161 mnne,
736 2067 870 2143 scilicet
895 2076 1033 2163 nostro,
1058 2071 1118 2141 etc
1142 2070 1340 2160 rimemtre,
1367 2069 1460 2145 idest
1486 2088 1548 2144 re-

374 2188 535 2262 corderis
548 2180 599 2283 (¹),
624 2192 683 2261 toi
704 2195 738 2261 tu
764 2194 894 2262 mutato
919 2192 1028 2281 coyt,
1055 2188 1142 2283 quia
1167 2189 1268 2263 omui
1293 2190 1354 2264 die
1378 2189 1472 2263 iiunt
1497 2189 1546 2263 ibi

375 2328 480 2381 novae
507 2307 803 2402 reformationes3
830 2308 929 2402 quud
954 2315 1010 2384 est
1041 2308 1252 2403 pessimum,
1285 2309 1472 2404 quoniam,
1505 2316 1547 2382 ut

373 2427 459 2501 dicit
484 2428 730 2524 philosophus,
748 2449 960 2505 assuescere
979 2436 1126 2503 mutare
1145 2429 1243 2526 teges
1261 2436 1316 2505 est
1332 2450 1547 2504 assuescere

374 2568 448 2622 non
475 2550 624 2625 obedire
647 2550 809 2647 legibns5
828 2549 910 2625 ideo
930 2551 1030 2647 leges
1056 2550 1167 2625 otiam
1194 2551 1316 2624 minus
1335 2551 1442 2626 bonae
1462 2557 1548 2625 sunt

374 2670 579 2765 servandae3
606 2677 756 2763 moneto,
784 2670 870 2764 quia
896 2691 1011 2745 novas
1027 2670 1202 2765 pecunias
1222 2670 1398 2766 iecerunt,
1424 2675 1547 2763 officio,

374 2789 460 2882 quia
486 2796 574 2865 tunc
599 2791 778 2885 consules,
798 2811 897 2865 nunc
922 2791 1100 2885 antianos,
1119 2812 1219 2866 nuno
1241 2790 1382 2887 priores
1407 2794 1546 2868 habue-

374 2917 473 3005 runt,
504 2916 541 2985 et
575 2911 691 2985 muita
722 2930 818 2985 nova
852 2909 973 2985 officia
1007 2910 1293 3006 adinvenerunt;
1323 2934 1343 2985 e
1374 2920 1544 3005 cosmam

374 3050 497 3105 mores
514 3021 549 3123 (³)
577 3038 768 3107 mutantur
793 3031 842 3105 ibi
868 3032 914 3107 de
934 3031 992 3106 die
1009 3031 1047 3104 in
1064 3031 1172 3125 diem,
1191 3032 1278 3126 quia
1295 3033 1474 3107 florentini
1490 3033 1548 3105 di-

375 3156 585 3227 sourrentes
609 3172 676 3247 per
703 3150 883 3225 mundum
910 3158 1099 3245 reportant
1121 3151 1244 3226 varios
1270 3172 1393 3227 mores
1418 3152 1546 3227 alieni-

373 3290 554 3366 genarum
581 3270 618 3345 in
643 3272 811 3367 patriam,
838 3277 879 3344 ut
904 3276 1007 3366 potes
1032 3270 1158 3345 vidore
1178 3270 1215 3343 in
1238 3271 1455 3347 mulieribus
1481 3293 1547 3348 oo-

377 3413 474 3487 rum,
492 3416 510 3467 c
533 3396 721 3466 rinnocoto
739 3392 910 3465 membre!
928 3390 1030 3486 idest,
1053 3391 1151 3466 cives
1168 3391 1232 3487 qui
1250 3399 1336 3467 suut
1352 3399 1546 3488 tamqnam

374 3512 543 3587 membra
569 3513 607 3587 in
632 3534 787 3607 corpore
822 3512 916 3586 iliius
951 3532 1095 3608 magnae
1127 3511 1291 3605 civitatis.
1325 3513 1396 3587 Sed
1429 3519 1548 3609 potest

374 3634 444 3708 dici
468 3633 515 3709 de
541 3640 578 3709 te
603 3634 701 3728 illud,
727 3632 827 3727 quod
852 3631 937 3706 dicit
962 3632 1189 3729 Augustinus
1215 3633 1261 3708 de
1291 3634 1420 3727 Roma,
1448 3633 1547 3728 quod

374 3753 505 3829 melius
523 3760 619 3829 esset
636 3754 773 3828 habere
789 3773 923 3847 corpus
944 3752 1102 3849 pygmaei
1121 3772 1266 3847 sanum,
1286 3774 1398 3847 quam
1416 3754 1548 3850 gigan-

374 3881 477 3949 tcum
505 3874 628 3948 multis
654 3872 924 3948 infirmitatibus
951 3878 1126 3947 vexatum
1138 3896 1149 3967 3
1170 3872 1253 3947 ideo
1275 3872 1416 3947 subdit:
1435 3896 1494 3947 nco
1510 3897 1548 3948 se

374 3994 439 4067 den
464 3997 489 4068 ti
512 3997 647 4069 ricardi
670 4016 689 4067 c
715 3997 793 4068 cedi
817 3998 919 4086 tunm,
954 3998 992 4068 et
1017 4014 1090 4067 non
1114 3994 1248 4087 loquor
1272 3994 1355 4089 pius
1380 3994 1443 4067 tibi
1470 3996 1546 4070 iro·

375 4116 467 4212 nice,
486 4119 610 4191 codrot
634 4122 665 4189 tc
688 4118 895 4207 ciminiionte
921 4136 945 4188 a
971 4117 1085 4209 quella
1110 4117 1276 4208 informo,
1294 4114 1440 4209 scilicet,
1460 4138 1547 4189 mu·

373 4238 453 4313 lieri
486 4238 597 4333 molli,
631 4237 669 4311 in
702 4238 796 4313 lecto
834 4235 1081 4327 decumbenti,
1118 4237 1178 4308 otc
1211 4256 1283 4308 noo
1315 4229 1386 4329 pud
1421 4243 1547 4310 trecor

367 4381 462 4453 posu
487 4363 524 4434 in
549 4380 590 4433 cu
616 4361 807 4453 tepiumc;
834 4376 918 4453 quae
943 4378 1017 4431 non
1038 4356 1191 4451 quiescit
1208 4356 1320 4431 etiam
1345 4377 1432 4431 cum
1458 4356 1546 4432 dor·

373 4480 463 4575 mit;
489 4502 548 4553 ma
572 4501 639 4555 con
664 4482 735 4553 dor
760 4482 853 4553 cuttu
877 4498 941 4552 sco
972 4479 1095 4551 dotorc
1124 4478 1299 4568 sctcrma,
1324 4476 1416 4553 idest
1441 4477 1546 4552 doin-

372 4601 443 4696 dit;
470 4600 569 4696 quod
594 4606 713 4675 totum
739 4598 834 4674 cedit
858 4598 926 4672 sibi
950 4596 997 4673 ad
1019 4597 1213 4671 cumulum
1233 4596 1382 4671 maioris
1398 4598 1544 4672 doloris.

372 4722 416 4795 nt
441 4728 528 4797 nota
552 4719 824 4795 similitudinem
851 4716 1149 4813 propriissimam.
1171 4716 1258 4789 Vult
1277 4716 1379 4791 enim
1402 4716 1544 4793 dicere:

372 4842 456 4917 licet
471 4829 507 4934 (⁴)
536 4846 576 4914 tu
602 4839 784 4913 Florentia
809 4838 943 4913 ssorens
963 4836 1118 4911 videaris
1140 4834 1275 4911 mulier
1297 4835 1458 4910 formosa
1479 4834 1546 4911 de·

374 4979 621 4996 ...-.-----—

435 5029 462 5091 (¹)
479 5028 509 5079 n.
526 5028 597 5089 vodo,
614 5028 680 5079 idest
694 5027 854 5079 multotiens.
1045 5022 1073 5087 (¹)
1089 5024 1120 5075 E.
1136 5024 1292 5075 recordaris.

436 5105 465 5175 (¹)
478 5105 509 5155 B.
525 5104 585 5169 quir
600 5118 696 5156 moros.
1048 5100 1075 5164 (¹)
1091 5101 1117 5152 S.
1133 5102 1280 5153 iicet-enirn
1294 5100 1436 5151 florentin.
