4542 6842
696 935 769 1004 tol
1057 948 1263 1004 connnrnn
1287 948 1508 1004 rnnenronn

695 1116 798 1169 corso
817 1098 855 1169 io
875 1091 937 1169 odr
962 1097 999 1168 la
1022 1116 1126 1188 serm·
1144 1097 1214 1169 hoo
1230 1093 1393 1191 intellige
1412 1095 1450 1168 in
1467 1093 1629 1170 secunda
1654 1093 1723 1189 die,
1741 1100 1873 1187 wareto

691 1238 764 1309 par
789 1218 880 1290 della
905 1235 1024 1309 spera,
1051 1214 1188 1290 scilicet
1213 1215 1336 1310 soleri,
1354 1216 1414 1289 cic
1430 1235 1567 1310 compre
1590 1217 1750 1306 sclcrzo,
1767 1212 1872 1307 idest,

694 1344 877 1431 movetur,
904 1359 929 1409 a
953 1339 1056 1429 mirso
1080 1339 1119 1410 di
1140 1339 1335 1430 sandalio5
1355 1343 1394 1411 et
1420 1341 1475 1410 est
1492 1334 1640 1430 proprie
1661 1333 1870 1429 similitudo,

693 1457 780 1552 quia
804 1458 858 1532 sol
884 1457 979 1531 sicut
1006 1477 1111 1553 puer,
1133 1477 1203 1531 suo
1220 1456 1395 1532 continuo
1413 1462 1518 1532 motu
1539 1475 1686 1550 semper
1702 1455 1870 1530 lascivire

692 1578 849 1654 videtur.
877 1577 979 1652 Sicut
1004 1578 1116 1653 etiam
1142 1599 1236 1673 puer
1260 1598 1284 1653 a
1310 1577 1499 1654 nativitate
1516 1596 1584 1652 sua
1602 1583 1658 1652 est
1676 1598 1814 1672 parvus
1830 1583 1868 1652 et

692 1700 830 1796 debilis,
848 1699 912 1776 sed
933 1699 1107 1775 continno
1133 1699 1264 1774 crescit
1289 1705 1326 1774 et
1350 1698 1447 1795 capit
1471 1699 1569 1774 vires
1586 1698 1768 1792 usquead
1786 1717 1868 1772 me·

692 1820 806 1916 dium,
833 1825 958 1916 postea
990 1820 1113 1915 incipit
1142 1820 1327 1895 declinare
1357 1827 1395 1896 et
1425 1819 1577 1894 tendere
1601 1841 1732 1895 versus
1756 1839 1865 1895 occa-

616 1943 617 1948 ‘
691 1962 794 2036 sum;
812 1940 861 2016 ita
887 1939 1034 2037 proprie
1052 1940 1105 2013 sol
1121 1940 1243 2035 primo
1259 1939 1387 2014 debilis
1403 1939 1565 2016 ascendit
1586 1939 1769 2035 usquead
1786 1959 1867 2015 me·

691 2063 820 2137 ridiem
847 2067 883 2137 et
909 2061 947 2134 tit
973 2061 1121 2155 lorti0r3
1147 2061 1280 2136 deinde
1311 2061 1470 2136 declinat
1496 2061 1544 2136 ad
1575 2081 1780 2157 vesperam,
1806 2066 1865 2132 tro

690 2184 868 2257 tatemer
892 2183 971 2254 dell
983 2200 1052 2253 orn
1078 2188 1191 2271 terna,
1209 2180 1312 2276 idest,
1331 2181 1441 2256 finem
1469 2181 1675 2276 tertiarum,
1693 2183 1751 2254 c'l
1761 2182 1865 2273 prin-

690 2304 779 2395 cipio
804 2303 861 2374 del
883 2293 932 2392 di,
959 2299 1061 2396 idest,
1087 2307 1213 2375 ortum
1244 2301 1346 2396 solis,
1378 2308 1416 2377 et
1446 2308 1490 2375 ut
1520 2302 1656 2377 clarius
1690 2307 1729 2376 et
1759 2299 1865 2375 citius

689 2421 820 2516 dicam,
848 2442 992 2514 vespero
1015 2441 1080 2494 cra
1105 2411 1155 2513 ld,
1181 2421 1327 2516 scilicet,
1349 2422 1387 2495 in
1412 2422 1474 2497 illo
1498 2421 1719 2518 hemisperio
1739 2419 1865 2495 *inle-

689 2542 788 2636 riori,
815 2563 834 2616 e
859 2563 983 2614 mezzo
1007 2549 1099 2615 nolte
1123 2545 1229 2634 poci,
1255 2542 1402 2637 scilicet,
1425 2549 1507 2618 erat
1530 2543 1568 2616 in
1594 2549 1721 2617 nostro
1745 2541 1864 2616 hemi-

690 2655 905 2757 sperio*(⁴).
924 2661 968 2734 Et
992 2662 1051 2735 hic
1077 2667 1175 2756 nota,
1202 2662 1301 2756 quod
1326 2662 1355 2736 si
1382 2662 1517 2736 llaotes
1541 2662 1667 2737 luisset
1691 2663 1730 2735 in
1754 2661 1863 2736 leru-

689 2784 804 2857 salem
831 2803 915 2877 quae
940 2781 1104 2876 opposita
1122 2788 1177 2856 est
1194 2781 1310 2856 monti
1328 2781 1531 2879 purgatorii
1547 2781 1584 2854 in
1604 2780 1723 2856 media
1741 2787 1859 2874 nocte,

687 2908 777 2977 tunc
802 2903 839 2975 in
864 2902 936 2976 alio
961 2901 1182 2996 hemisperio
1206 2902 1334 2978 luisset
1359 2909 1460 2977 recte
1477 2901 1667 2996 meridies,
1689 2901 1753 2976 sed
1773 2901 1861 2996 quia

688 3029 769 3098 erat
794 3023 829 3095 in
855 3022 955 3096 ltalia
981 3021 1130 3116 quando
1155 3023 1338 3097 scribebat
1361 3023 1443 3116 hoc,
1460 3022 1543 3096 ideo
1562 3022 1648 3096 dicit
1673 3021 1773 3116 quod
1793 3041 1860 3096 ve·

686 3163 770 3239 sper
796 3149 875 3218 erat
901 3142 960 3237 ibi,
981 3142 1068 3237 quia
1095 3162 1169 3216 non
1194 3141 1386 3236 aequaliter
1412 3142 1452 3219 or
1475 3142 1553 3216 dies
1577 3149 1616 3218 et
1640 3163 1713 3217 nox
1740 3141 1860 3216 omni-

685 3263 756 3337 bus
776 3262 958 3360 gentibus,
977 3261 1092 3338 immo
1109 3261 1303 3356 dispariter
1319 3261 1522 3335 secundnm
1541 3261 1730 3336 diversum
1747 3261 1858 3335 sitnm

686 3392 885 3459 terrarum.
912 3383 1003 3458 llicit
1029 3403 1137 3480 ergo:
1165 3403 1183 3454 e
1206 3385 1221 3455 i
1243 3385 1365 3474 rapot,
1382 3381 1519 3456 scilicet
1536 3381 1633 3475 solis,
1656 3384 1706 3454 mi
1727 3383 1858 3474 serino,

684 3506 785 3599 idest,
809 3505 1078 3597 serenantem
1096 3523 1219 3576 mezzo
1242 3505 1271 3575 il
1291 3523 1395 3594 noso,
1421 3508 1460 3577 et
1483 3523 1571 3578 ecce
1595 3522 1759 3595 causam,
1771 3521 1859 3594 per·

683 3623 745 3700 ele*
761 3647 829 3719 per
855 3629 916 3698 noi
938 3645 1003 3698 era
1027 3627 1146 3716 pireto
1177 3626 1355 3715 timente,
1382 3627 1538 3716 tantum,
1564 3625 1625 3696 cle
1652 3612 1714 3714 pe
1738 3623 1857 3694 endo·

683 3766 787 3818 vomo
813 3749 911 3818 dritti
933 3748 971 3816 in
997 3740 1058 3818 oti
1083 3747 1257 3834 l’occcso,
1283 3742 1386 3836 idest,
1412 3742 1652 3835 occidentem,
1670 3727 1758 3836 quia
1782 3740 1856 3816 ibat

682 3864 911 3941 circulariter
935 3863 1166 3948 ascendendo
1191 3883 1257 3958 per
1279 3868 1456 3957 montem,
1474 3862 1523 3936 ita
1540 3862 1641 3956 quod
1659 3860 1855 3956 aliqnando

681 3988 841 4062 habebat
865 3986 979 4060 solem
1006 4005 1028 4059 a
1053 3991 1170 4081 tergo,
1196 3976 1395 4077 aliquando
1423 4003 1444 4058 a
1478 3983 1608 4059 fronte.
1622 4023 1672 4036 -
1692 3983 1852 4070 Quando.

680 4109 745 4183 llic
771 4114 879 4202 poeta
904 4105 1074 4182 describit
1099 4105 1347 4180 accessionem
1364 4103 1497 4200 angeli,
1511 4125 1624 4198 qnam
1651 4103 1762 4178 sensit
1776 4122 1854 4198 ,per

680 4229 906 4306 nimietatem
933 4225 1098 4323 fulgoris,
1124 4225 1187 4319 qni
1207 4223 1341 4313 ¹subito
1367 4223 1508 4299 refulsit
1537 4224 1574 4297 in
1605 4223 1735 4298 faciem
1761 4222 1851 4298 eius.

678 4350 781 4426 Unde
798 4349 900 4424 dicit:
919 4350 1091 4441 quand’io
1107 4349 1239 4420 seoda
1254 4366 1309 4417 mc
1324 4365 1463 4437 pavor
1476 4346 1512 4417 la
1523 4348 1642 4437 frome
1653 4346 1725 4416 allo
1735 4345 1852 4436 eptern-

678 4474 768 4565 dor;
794 4490 862 4544 nec
888 4468 1067 4564 intelligas
1092 4465 1323 4562 splendorem
1349 4464 1434 4538 solis
1459 4483 1541 4539 esse
1566 4462 1704 4537 lactum
1734 4461 1852 4537 maio-

679 4611 772 4685 rem,
799 4590 893 4664 sicut
918 4587 1030 4683 aliqui
1061 4588 1159 4662 male
1190 4585 1462 4680 intellexerunt,
1488 4584 1565 4659 imo
1597 4582 1709 4658 debes
1734 4583 1852 4659 oonsi-

678 4713 822 4806 derare,
850 4710 948 4805 quod
975 4707 1146 4803 splendor
1170 4706 1255 4780 solis
1280 4706 1400 4800 primo
1420 4705 1507 4781 satis
1523 4705 1703 4801 gravabat
1727 4703 1852 4778 oculos

678 4838 798 4925 poetae
823 4830 909 4924 quia
935 4834 1016 4903 erat
1040 4829 1181 4920 bassus,
1206 4832 1246 4899 et
1269 4832 1371 4902 recte
1402 4824 1557 4900 feriebat
1587 4824 1718 4900 taciem
1752 4823 1849 4914 eins,

740 5094 768 5155 (¹)
783 5095 820 5144 Le
836 5093 926 5156 parole
942 5092 981 5143 lla
999 5093 1007 5142 l
1023 5093 1079 5167 (lna¹
1089 5083 1224 5143 nterisclri
1239 5105 1286 5142 son
1301 5090 1414 5154 copplnc
1430 5091 1499 5155 dagll
1514 5091 1576 5140 altri
1592 5089 1660 5141 testi.
