4542 6842
734 872 804 942 lto
1090 886 1292 942 comburunt
1316 887 1538 944 runonmuu

730 1027 781 1104 dit
806 1031 991 1124 Parmam,
1017 1036 1052 1106 et
1079 1029 1164 1106 fecit
1188 1031 1237 1106 ibi
1261 1031 1436 1106 Bastitam
1469 1051 1642 1127 magnam
1673 1030 1710 1104 iu
1740 1031 1900 1108 formam

728 1147 892 1243 civitatis,
906 1171 1018 1244 quam
1035 1149 1232 1226 Victoriam
1249 1150 1454 1246 appellavit,
1463 1151 1596 1258 jurans
1614 1171 1819 1245 numquam
1837 1173 1899 1230 re·

728 1271 873 1365 cedere,
899 1272 965 1347 nisi
992 1273 1125 1348 Parma
1151 1279 1268 1368 capta,
1299 1292 1412 1366 quam
1446 1277 1665 1367 conceperat
1695 1273 1901 1367 destruere,

730 1397 768 1466 et
794 1391 992 1468 transferre
1013 1391 1221 1468 Victoriam.
1248 1393 1363 1488 lgitur
1388 1391 1572 1468 Friderioo
1599 1391 1838 1487 impugnante
1862 1399 1901 1468 et

731 1511 884 1588 ecclesia
914 1513 1125 1588 defensante
1141 1505 1178 1604 (¹)
1203 1513 1377 1588 Parmam
1409 1511 1663 1608 pensualium
1696 1533 1761 1587 ser
1793 1533 1901 1590 rucu-

732 1632 840 1726 sium,
858 1633 997 1708 saevitia
1022 1631 1164 1729 hyemis
1187 1639 1354 1728 cogente,
1376 1632 1503 1707 militia
1519 1631 1709 1706 civitatum
1728 1631 1900 1726 utrinque

731 1753 778 1828 ad
803 1753 949 1848 propria
975 1751 1164 1828 remeavit.
1189 1750 1396 1829 fridericus
1413 1773 1502 1828 vero
1523 1751 1699 1828 remansit
1724 1751 1761 1824 in
1779 1752 1901 1827 Victo-

733 1873 798 1968 ria,
824 1878 1019 1968 expectans
1045 1879 1191 1969 tempus
1215 1874 1361 1968 aestatis,
1379 1893 1444 1968 spe
1459 1872 1714 1969 expugnando
1733 1873 1901 1968 civitatis,

731 2015 816 2088 quae
835 1993 987 2088 penuria
1006 1993 1220 2068 victualium
1240 2015 1353 2088 parvo
1372 2002 1539 2089 tempore
1556 2000 1699 2088 poterat
1717 1994 1899 2068 resistere.

732 2115 817 2188 ldeo
836 2113 1053 2208 Fridericus,
1071 2112 1335 2208 parvipendens
1360 2113 1537 2206 obsessos,
1555 2111 1614 2187 die
1639 2113 1800 2206 quadam
1825 2112 1903 2188 ire-

731 2240 789 2308 rat
814 2241 919 2308 extra
941 2232 1139 2308 Victoriam
1156 2233 1203 2307 ad
1220 2232 1427 2308 Falconem.
1445 2233 1547 2307 Tunc
1564 2252 1779 2328 parmenses
1795 2233 1899 2325 quasi

730 2353 910 2448 desperati
936 2352 1074 2428 furiose
1098 2359 1290 2446 exeuntes,
1312 2353 1528 2428 invaserunt
1552 2351 1762 2446 Victoriam,
1788 2374 1901 2447 quam

732 2480 875 2568 capum
902 2472 1002 2547 ferro
1028 2478 1066 2546 et
1090 2471 1176 2568 igne
1200 2471 1474 2565 destruxerunt,
1496 2477 1534 2547 et
1549 2472 1672 2566 praeda
1700 2493 1833 2569 magna
1849 2472 1904 2548 di-

733 2592 797 2667 tati
823 2598 918 2666 sunt.
937 2591 1143 2666 fridericus
1169 2612 1259 2668 vero
1284 2592 1505 2668 Cremonam
1525 2592 1670 2689 fugiens
1689 2593 1749 2668 vin
1776 2593 1903 2685 evasit,

733 2712 875 2788 amissis
894 2711 1076 2808 jocalibus
1101 2711 1177 2788 suis
1206 2720 1244 2787 et
1268 2733 1416 2806 corona,
1443 2733 1555 2807 quam
1583 2713 1792 2788 babuerunt
1817 2734 1904 2809 par-

737 2853 890 2906 menses
917 2833 1002 2906 llaec
1026 2837 1128 2927 gesta
1155 2838 1241 2906 suut
1257 2831 1316 2908 die
1333 2831 1456 2907 Martis
1474 2833 1591 2927 pnma
1613 2833 1787 2908 februarii
1805 2855 1904 2908 anuo

734 2951 877 3026 Domini
898 2950 1142 3044 llCCllLVll13
1160 2959 1198 3026 et
1214 2974 1312 3026 anno
1329 2953 1495 3046 sequenti
1512 2953 1692 3028 llenricus
1708 2953 1804 3028 filius
1821 2954 1902 3028 eius

735 3070 928 3146 bellicosus
957 3079 1085 3165 captus
1119 3077 1175 3146 est
1207 3092 1230 3146 a
1259 3071 1544 3148 bononiensibus
1576 3073 1674 3167 apud
1703 3074 1902 3148 llutinam:

734 3211 809 3286 qua
836 3191 984 3266 victoria
1010 3189 1252 3266 bononienses
1277 3191 1362 3266 elati
1388 3197 1475 3265 sunt
1491 3191 1607 3268 valde.
1627 3191 1765 3268 Deinde
1788 3193 1906 3268 altero

733 3310 1046 3420 annoFridericus
1061 3319 1231 3386 mortuus
1244 3319 1310 3406 est,
1325 3311 1412 3387 nibil
1425 3310 1472 3387 de
1485 3319 1584 3387 tauta
1602 3313 1762 3408 potentia
1776 3335 1903 3388 secum

733 3433 893 3526 trahens,
920 3432 986 3506 uisi
1011 3432 1463 3527 sarcinampeocatorum.
1484 3432 1596 3507 Nuuc.
1610 3433 1906 3508 descendendum

735 3551 861 3626 estad
891 3551 1048 3646 literam,
1081 3573 1194 3646 quam
1228 3552 1280 3627 sic
1310 3551 1506 3647 ordinabis,
1540 3555 1662 3627 odore
1692 3574 1713 3626 e
1743 3557 1905 3646 corbob,

736 3671 837 3766 idest,
855 3673 924 3746 viri
942 3674 1104 3748 valentes
1121 3681 1159 3748 et
1181 3673 1361 3762 liberales,
1383 3675 1539 3746 troomi
1551 3675 1648 3746 solea
1663 3675 1701 3746 io
1716 3677 1773 3746 sul
1789 3695 1907 3766 paese,

736 3791 883 3886 scilicet,
902 3792 938 3866 in
955 3792 1112 3867 Marebia
1134 3792 1319 3868 Tarvisina
1335 3784 1373 3885 (¹)
1392 3799 1430 3868 et
1446 3793 1676 3885 lombardia,
1702 3796 1866 3886 ct’Adioe
1888 3815 1909 3868 e

738 3916 790 3985 Po
815 3915 911 4003 riou,
935 3910 1026 3986 idest
1040 3903 1092 4006 (³),
1110 3912 1277 4005 balneat,
1295 3911 1381 4006 quia
1399 3913 1542 3988 Athesis
1557 3913 1686 3988 nobilis
1702 3915 1836 3990 fluvius
1856 3917 1910 3991 la-

737 4031 836 4106 bitur
861 4052 928 4128 per
952 4032 1151 4109 biarchiam
1177 4033 1415 4128 tarvisinum,
1436 4054 1503 4129 per
1524 4034 1709 4111 civitatem
1732 4035 1908 4130 Veronoe3
2025 4081 2030 4089 ·

737 4171 821 4246 qum
847 4151 949 4248 regio
974 4153 1071 4228 dicto
1095 4160 1264 4248 tempore
1287 4152 1356 4226 fuit
1380 4152 1578 4229 crudeliter
1594 4153 1727 4230 afflicta
1752 4175 1819 4250 per
1838 4156 1909 4232 Ec·

736 4271 902 4346 ocrinum
921 4271 968 4346 de
984 4272 1163 4367 Romano,
1182 4271 1473 4348 confoederatum
1491 4293 1578 4349 curu
1595 4274 1798 4370 Friderico;
1815 4277 1910 4353 sicot

736 4390 872 4485 Padua,
899 4393 1055 4486 Verona,
1082 4391 1256 4485 vicentia,
1276 4391 1494 4466 Tarvisium.
1512 4392 1634 4468 Padus
1650 4414 1740 4470 vero
1759 4396 1909 4472 nobilis·

735 4511 852 4590 durus
877 4513 1011 4588 fluvius
1035 4512 1161 4589 dividit
1185 4512 1441 4588 lombardiam
1460 4532 1526 4607 per
1545 4513 1728 4610 modium;
1746 4536 1831 4609 quae
1848 4537 1911 4592 ra-

735 4630 797 4727 gio
812 4631 890 4734 fuit
915 4631 1172 4708 miserabiliter
1196 4633 1358 4708 lacerata
1387 4651 1454 4727 per
1477 4632 1718 4727 fridericum,
1744 4640 1786 4708 ut
1809 4642 1911 4731 putet

736 4768 785 4824 ex
809 4749 921 4825 dictis.
948 4752 992 4825 lit
1016 4751 1074 4825 bic
1106 4759 1204 4845 nota,
1230 4751 1329 4846 quod
1359 4750 1428 4828 iste
1457 4752 1601 4828 llarcus
1629 4754 1725 4829 bene
1757 4763 1910 4831 noverat

799 4935 826 4998 ζ’)
844 4941 897 4998 117,
914 4935 1080 4997 defendente,
1094 4938 1189 4988 Parma
1204 4951 1261 5002 per.
1300 4974 1304 4982 .
1446 4935 1476 5001 Γ)
1492 4939 1524 4989 B.
1539 4939 1681 4991 Trlvlsann.

802 5010 828 5075 (⁸)
844 5011 869 5062 S.
886 5013 959 5076 idest,
976 5012 1105 5066 balneant.
