4542 6842
826 959 965 1029 cunnus
990 973 1132 1029 ramus.
1543 964 1565 1030 5

391 1121 483 1197 Dicit
507 1142 597 1218 ergo
611 1119 762 1216 primo:
781 1140 841 1192 ma
865 1122 901 1193 lu
920 1123 1018 1213 poesi
1037 1127 1167 1211 mortu,
1188 1119 1291 1215 idest,
1309 1121 1458 1196 scientia
1476 1139 1566 1215 poe-

392 1243 462 1317 tica
488 1247 646 1316 mortua.
681 1239 812 1316 Dicunt
842 1239 955 1335 aliqui
981 1239 1079 1334 quod
1111 1246 1220 1335 poeta
1246 1241 1316 1315 hoc
1348 1241 1445 1335 dicit,
1478 1241 1566 1336 quia

391 1363 559 1438 tractavit
583 1361 630 1436 de
656 1359 830 1454 mortuis3
856 1359 918 1433 sed
944 1360 1106 1456 intellige
1122 1379 1222 1454 sane,
1241 1360 1327 1454 quia
1352 1359 1471 1455 poesis
1491 1381 1566 1435 non

391 1488 509 1578 potest
533 1481 640 1575 mori,
667 1480 730 1570 sed
756 1485 905 1554 mortua
929 1478 1021 1554 idest
1051 1481 1217 1575 neglecta
1243 1487 1281 1554 et
1305 1481 1443 1556 calcata
1470 1487 1567 1556 tem·

392 1623 482 1700 pore
508 1622 591 1695 suo;
619 1600 726 1675 hodie
750 1620 842 1675 vero
866 1605 985 1694 potest
1002 1598 1073 1672 dici
1088 1605 1236 1674 mortua
1255 1605 1292 1674 et
1312 1601 1466 1695 sepulta,
1483 1601 1566 1676 ideo

391 1723 499 1799 dicit:
526 1725 672 1812 usurpa
697 1723 768 1812 qui,
794 1719 897 1814 idest,
924 1719 1118 1793 reviviscat
1143 1720 1181 1792 in
1198 1719 1264 1794 ista
1283 1721 1438 1795 materia
1456 1721 1565 1814 nov'a,

392 1863 505 1938 quam
532 1861 630 1914 nunc
655 1839 802 1914 intendo
827 1838 990 1935 aggredi.
1016 1838 1119 1914 Unde
1144 1838 1251 1913 dicit:
1278 1861 1300 1911 o
1329 1848 1429 1914 sonte
1453 1845 1565 1931 Musa,

392 1985 475 2059 quae
510 1959 647 2035 iaciunt
679 1959 845 2034 homines
879 1964 1023 2032 sanctos
1041 1951 1078 2051 ι’)
1114 1965 1151 2034 ει
1184 1979 1310 2033 sacros
1334 1959 1442 2054 juxta
1475 1958 1566 2033 illud

391 2083 496 2158 Tullii
529 2083 567 2155 in
600 2081 767 2156 oratione
799 2101 866 2176 pro
900 2079 1013 2154 Lucio
1051 2079 1183 2154 Archia
1221 2086 1447 2176 praeceptore
1482 2101 1563 2155 suo.

390 2205 513 2293 Quare
538 2223 606 2276 suo
627 2203 716 2297 jure
741 2206 865 2275 noster
882 2199 942 2274 ille
958 2198 1096 2272 Ennius
1120 2206 1264 2274 sanctos
1289 2206 1415 2294 poetas
1440 2186 1566 2295 appel·

391 2323 454 2418 lat,
471 2323 570 2418 quod
596 2321 700 2417 quasi
725 2321 880 2396 deorum
900 2320 1023 2415 aliquo
1047 2320 1145 2395 dono
1161 2327 1199 2395 et
1223 2341 1381 2396 munere
1397 2341 1566 2396 commc-

390 2441 465 2516 dati
490 2441 594 2515 nobis
619 2462 700 2517 esse
724 2440 928 2516 videantur.
959 2441 1087 2515 Nonne
1116 2441 1235 2536 poesis
1264 2440 1349 2514 lecit
1376 2441 1565 2516 hominem

391 2561 501 2635 istum
520 2561 566 2635 de
583 2567 776 2656 peccatore
792 2566 959 2634 sanctum
976 2563 992 2632 l
1010 2563 1073 2653 pot
1090 2563 1151 2633 cte
1168 2568 1288 2634 vestm
1308 2582 1409 2652 sono,
1430 2561 1566 2637 scilicet

391 2687 509 2778 poeta,
535 2680 637 2775 idest,
663 2687 856 2777 postquam
883 2700 966 2752 sum
981 2671 1018 2771 ι’)
1038 2679 1075 2753 in
1093 2686 1213 2754 toturn
1231 2679 1372 2754 deditus
1389 2680 1517 2783 studiis
1526 2671 1566 2774 (⁸)

391 2803 532 2898 vestris,
558 2809 596 2879 et
624 2802 774 2900 egregie
807 2800 951 2896 poetavi
985 2801 1083 2875 circa
1115 2801 1308 2876 materiam
1343 2801 1484 2876 inlerni.
1520 2803 1565 2876 Et

392 2921 606 2999 nominatim
633 2923 778 2998 invocat
802 2921 1141 3016 principalissimam
1164 2923 1365 3017 Musarum,
1392 2942 1477 3016 quae
1498 2944 1565 2998 vo-
1627 2978 1631 2987 .

391 3050 498 3118 catur
523 3043 693 3137 Calliope,
720 3047 756 3116 et
781 3048 836 3117 est
858 3042 1034 3135 eloquens
1055 3041 1317 3136 pronuntiati03
1342 3042 1439 3117 unde
1460 3042 1564 3118 dicit:

391 3185 410 3238 c
434 3165 494 3256 aa
521 3165 671 3254 caltope
695 3163 863 3256 alquanto
886 3181 1012 3254 sarpa,
1033 3160 1134 3255 idest,
1154 3161 1351 3236 invalescat
1370 3169 1408 3236 et
1429 3165 1567 3239 exaltet

391 3303 520 3359 vocem
547 3303 663 3356 suam.
690 3282 743 3356 dd
770 3280 869 3375 quod
894 3287 981 3355 nota
998 3280 1097 3374 quod
1118 3288 1226 3376 poeta
1245 3288 1369 3356 noster
1394 3303 1484 3357 usus
1509 3293 1566 3360 est

391 3403 599 3498 eloquentia
630 3401 668 3477 in
701 3402 820 3497 primo
846 3401 957 3496 libro;
984 3422 1070 3475 narn
1097 3401 1298 3476 introduxit
1326 3403 1564 3498 Mercurium,
1635 3437 1669 3476 ε

392 3523 456 3618 qui
477 3529 533 3598 est
557 3522 649 3597 deus
666 3521 897 3616 eloquentiae,
915 3521 1141 3618 aperientem
1159 3522 1226 3596 sibi
1243 3530 1387 3618 portam
1409 3524 1563 3598 civitatis

391 3644 576 3720 infernalis
601 3663 687 3718 cum
713 3665 789 3718 una
814 3641 930 3739 virga,
953 3641 1052 3736 quod
1076 3642 1257 3717 subtiliter
1283 3643 1488 3738 expositum
1510 3649 1568 3719 est

391 3765 524 3840 lnlerni
550 3764 709 3861 capitulo
735 3783 843 3839 nono.
869 3763 935 3838 llic
959 3783 1050 3837 vero
1076 3761 1213 3859 indiget
1234 3763 1364 3837 maiori
1388 3766 1565 3859 eloquen-

221 3951 224 3965 ,
272 3887 275 3892 ’
393 3885 462 3981 tia;
487 3885 525 3959 in
557 3885 726 3980 paradiso
756 3905 847 3960 vero
880 3889 1009 3958 utetur
1039 3883 1202 3957 maxima
1237 3884 1446 3978 eloquentia
1477 3906 1565 3960 cum

393 4005 552 4101 perlecta
576 4004 763 4101 sapientia.
780 4004 834 4078 dd
851 4002 1127 4100 intelligentiam
1145 4009 1271 4078 autem
1292 4005 1436 4097 plenam
1455 4005 1566 4080 huius

393 4125 629 4199 invocationis
655 4131 692 4200 et
716 4123 874 4199 aliarum
900 4124 1081 4198 luctarum
1115 4133 1154 4200 ει
1183 4123 1388 4199 fiendarum
1419 4125 1455 4199 in
1489 4131 1567 4201 toto

392 4252 563 4340 poemate
588 4245 711 4330 Dantis
738 4251 793 4320 est
822 4243 1037 4339 notandum,
1068 4244 1167 4339 quod
1193 4265 1322 4320 omnes
1347 4253 1465 4341 poetae
1490 4252 1566 4320 tam

392 4363 504 4461 graeci
534 4383 647 4457 quam
681 4364 781 4438 latini
816 4364 959 4461 lingunt
993 4385 1126 4439 novem
1159 4366 1292 4459 Musae,
1324 4364 1371 4439 de
1403 4386 1565 4458 quarum

393 4503 551 4559 numero
576 4490 614 4559 ει
640 4483 788 4558 nomine
819 4504 948 4558 omnes
978 4485 1176 4560 convenire
1207 4485 1397 4581 videntur3
1428 4487 1492 4561 sed
1520 4487 1567 4562 de

392 4604 531 4700 ordine,
550 4605 686 4679 virtute
707 4611 744 4679 ει
760 4592 795 4697 (⁴)
816 4605 1039 4700 proprietate
1056 4611 1112 4681 εει
1128 4627 1263 4703 magna
1280 4606 1481 4681 diversitas.
1498 4607 1566 4682 lilii

393 4725 490 4800 enim
516 4725 640 4800 dicunt
666 4726 765 4820 quod
790 4733 877 4800 sunt
902 4747 1035 4802 novem
1062 4747 1190 4822 spere,
1217 4727 1311 4801 sicut
1334 4727 1565 4823 Macrobius3

392 4845 454 4920 alii
478 4847 577 4941 quod
601 4853 688 4921 sunt
712 4867 847 4921 novem
873 4845 1116 4921 instrumenta
1142 4847 1335 4922 formative
1367 4847 1469 4922 vocis
1494 4848 1566 4952 iru-

456 5035 483 5098 (¹)
501 5040 555 5095 117,
571 5040 673 5086 sanctos
684 5037 757 5100 juxta
773 5035 848 5087 illud.
956 5034 983 5094 (¹)
1000 5034 1026 5086 S.
1043 5049 1101 5086 sum
1119 5041 1189 5087 lotus
1205 5036 1314 5086 deditus.

458 5111 485 5176 ι’)
501 5111 531 5162 Ε.
548 5113 645 5173 studiis,
662 5117 688 5163 ει
705 5113 817 5178 egregle.
957 5111 983 5174 ι’)
1000 5113 1031 5164 Ε.
1047 5119 1074 5164 ει
1090 5114 1185 5177 plaute
1201 5118 1241 5165 est
1255 5112 1366 5164 maxima
1382 5113 1524 5163 diversitas.
