4542 6842
725 946 794 1013 508
1085 956 1290 1013 comburunt
1314 957 1534 1013 runcanonn

721 1102 819 1179 enim
845 1102 1017 1177 alleviant
1041 1122 1170 1198 poenas
1196 1083 1362 1197 istorum,
1388 1101 1535 1196 scilicet,
1557 1100 1710 1197 justitia,
1728 1100 1815 1195 quia
1841 1100 1898 1174 di·

721 1244 795 1319 gne
819 1222 1021 1318 patiuntur,
1046 1228 1083 1297 et
1108 1242 1203 1319 spes,
1224 1222 1310 1317 quia
1336 1228 1483 1319 sperant
1509 1228 1590 1317 post
1614 1220 1897 1295 satisfactionem

722 1342 918 1438 pervenire
933 1342 980 1416 ad
996 1342 1227 1436 felicitatem,
1252 1345 1414 1416 ἀνέκαιε
1430 1344 1491 1415 noi
1508 1362 1609 1416 cerco
1627 1345 1679 1433 pti
1694 1344 1759 1414 ulti
1778 1342 1894 1435 saliri,

723 1463 825 1556 idest,
851 1462 898 1536 ad
922 1482 1116 1538 ascensum
1148 1464 1211 1537 alti
1244 1462 1376 1537 montis
1407 1469 1604 1558 postquam
1636 1482 1793 1557 perros
1823 1482 1898 1536 non

724 1582 873 1678 potestis
892 1583 1102 1658 ascendere.
1120 1584 1164 1656 itt
1185 1583 1307 1657 subdit
1327 1582 1600 1678 responsionem
1623 1581 1732 1655 unius
1749 1582 1897 1655 illorum

727 1702 933 1798 spirituum,
952 1703 1014 1798 qui
1042 1710 1162 1799 captat
1187 1703 1480 1778 benevolentiam
1500 1723 1546 1777 eo
1563 1702 1674 1777 modo
1698 1722 1774 1796 quo
1799 1702 1898 1777 iece-

726 1829 784 1897 rat
809 1823 992 1918 Virgilius,
1018 1824 1160 1897 dicens:
1185 1846 1223 1896 se
1248 1827 1306 1897 voi
1330 1826 1438 1897 vanu
1462 1825 1526 1897 dot
1547 1825 1669 1913 piocer
1684 1824 1811 1915 murt,-
1828 1822 1898 1895 boc

725 1940 822 2035 dicit,
848 1943 935 2036 quia
961 1943 1130 2039 Virgilius
1155 1943 1298 2018 dixerat
1314 1942 1414 2037 quod
1430 1942 1603 2017 volebant
1622 1941 1833 2035 ascendere,
1850 1960 1898 2015 ex

726 2082 802 2155 qrro
826 2062 1161 2157 comprehendebat
1186 2062 1285 2157 quod
1310 2072 1417 2139 crant
1436 2062 1515 2137 sine
1538 2082 1659 2157 poena,
1680 2068 1717 2136 et
1741 2082 1789 2135 er
1814 2081 1898 2156 spe·

726 2180 806 2255 ciali
831 2182 948 2277 gratia
974 2180 1154 2256 faciebant
1179 2182 1274 2255 istud
1304 2182 1390 2276 iter,
1417 2183 1475 2257 vel
1508 2181 1594 2276 quia
1625 2182 1898 2277 imaginabatur

726 2300 825 2394 quod
851 2300 1003 2376 luissent
1028 2302 1065 2374 in
1091 2301 1220 2376 eadem
1246 2322 1369 2396 poena,
1394 2302 1458 2376 sed
1474 2294 1511 2395 (¹)
1536 2301 1646 2376 soluti
1671 2308 1708 2375 et
1733 2300 1897 2397 purgati3

726 2426 763 2495 et
789 2421 953 2515 loquitur
978 2421 1190 2515 dubitative,
1209 2422 1296 2516 quia
1308 2423 1436 2518 jacens
1460 2422 1507 2497 ad
1533 2429 1670 2498 terram
1697 2443 1770 2496 non
1794 2428 1899 2516 pote-

727 2549 785 2616 rat
814 2541 941 2615 videre
971 2561 1044 2615 eos.
1072 2540 1164 2615 Dicit
1188 2560 1298 2639 ergo:
1331 2566 1351 2615 e
1383 2545 1490 2616 oolcte
1520 2550 1646 2617 bocar
1678 2545 1715 2615 lu
1749 2543 1808 2615 uio
1832 2535 1899 2633 pid

729 2668 830 2753 tosto,
857 2665 887 2734 le
912 2669 1028 2735 vostre
1052 2664 1166 2735 desua
1190 2664 1271 2735 siun
1295 2683 1432 2755 sempre
1456 2664 1495 2735 di
1514 2666 1609 2757 suri:
1630 2662 1819 2737 moraliter
1844 2661 1900 2735 lo-

726 2781 886 2876 quendo,
912 2802 986 2855 non
1013 2782 1165 2856 teneatis
1191 2803 1323 2857 manus
1352 2782 1494 2877 subtus,
1519 2783 1614 2857 sicut
1640 2803 1706 2857 nos
1730 2782 1897 2876 fecimus,

726 2923 800 2977 non
825 2902 1046 2997 porrigendo
1072 2903 1224 2998 pauperi
1249 2902 1429 2998 proximo.
1457 2904 1501 2977 Et
1520 2903 1703 2979 concludit
1722 2908 1830 2998 poeta
1850 2922 1899 2977 ne

727 3023 900 3119 procedat
934 3023 1107 3097 obscure:
1134 3016 1205 3097 cosi
1224 3015 1339 3118 prcpd
1363 3028 1391 3097 il
1408 3032 1528 3117 poeta,
1553 3024 1700 3118 scilicet,
1727 3022 1900 3119 Virgilius

726 3142 1080 3237 perexcellentium,
1113 3166 1132 3215 e
1160 3135 1191 3215 si
1219 3147 1370 3235 risposto
1392 3165 1483 3239 poco
1515 3146 1663 3218 dinanzi
1695 3165 1719 3216 a
1750 3146 1825 3235 noi,
1851 3142 1899 3217 ab

727 3284 801 3337 uno
827 3262 955 3356 spiritu
985 3262 1108 3359 magni
1141 3263 1356 3359 sacerdotls3
1391 3264 1489 3339 unde
1518 3263 1623 3338 dicit:
1644 3267 1808 3357 percd'lo
1843 3267 1903 3338 nel

719 3388 852 3479 partor
869 3385 1005 3458 oomni
1022 3386 1143 3457 l'oltro
1159 3392 1331 3458 nascosto.
1351 3385 1437 3459 Vult
1453 3384 1576 3460 dicere
1593 3385 1691 3480 quod
1711 3405 1757 3459 ex
1776 3384 1899 3459 verbis

724 3505 914 3603 perpendit
939 3505 985 3579 de
1010 3504 1081 3579 alio
1106 3504 1235 3600 spiritu
1257 3505 1416 3599 jacente,
1442 3505 1492 3579 ita
1522 3505 1622 3599 quod
1647 3506 1794 3599 loquela
1819 3511 1901 3580 erat

724 3626 829 3720 quasi
854 3626 980 3699 latens.
1007 3626 1052 3699 Et
1077 3624 1234 3699 ostendit
1259 3624 1446 3717 quomodo
1477 3625 1603 3719 petivit
1633 3624 1818 3699 licentiam
1845 3624 1900 3698 lo-

726 3745 860 3840 quendi
886 3765 972 3819 cum
1000 3764 1062 3837 θος
1094 3743 1192 3817 unde
1217 3743 1322 3817 dicit:
1348 3766 1367 3815 e
1399 3746 1781 3836 complementum·
1805 3745 1902 3816 occid

725 3867 764 3939 ul
786 3866 909 3957 rigator
934 3866 1018 3954 mio,
1041 3862 1177 3937 scillcet
1200 3861 1361 3959 Virgilio,
1380 3862 1484 3956 quasi
1508 3863 1632 3937 dicens
1659 3864 1786 3938 tacite:
1813 3883 1900 3958 pos-

725 4006 808 4059 sum
836 3984 934 4078 loqui
953 4004 1040 4057 cum
1058 3982 1153 4057 isto?
1178 3984 1222 4055 El
1241 3982 1342 4077 pouit
1360 4004 1550 4057 assensum
1568 3983 1666 4058 illius
1683 3984 1772 4057 dum
1790 3983 1898 4057 dicit:

725 4108 807 4179 ond’
820 4107 876 4178 elli
900 4106 944 4177 m'
957 4095 1085 4176 ostenti
1100 4124 1166 4176 con
1191 4106 1269 4176 licto
1294 4123 1404 4175 omno
1427 4094 1481 4175 eid
1507 4104 1568 4175 cde
1591 4104 1730 4175 cludea
1749 4106 1786 4176 lo
1807 4106 1899 4175 visto

725 4228 783 4299 del
806 4228 917 4319 dicim
942 4245 1028 4298 nem
1054 4223 1091 4296 in
1117 4223 1210 4297 lacie
1234 4223 1374 4297 ostendi
1399 4222 1621 4299 desiderium
1648 4245 1788 4319 meum,
1819 4224 1900 4300 sinc

724 4344 836 4439 loqui,
863 4352 901 4419 et
925 4344 1096 4441 Virgilius
1122 4341 1287 4417 similiter
1312 4343 1390 4417 solo
1415 4350 1509 4417 nutu
1534 4343 1736 4438 respondit:
1764 4363 1899 4419 secure
2013 4422 2025 4437 ‚

723 4468 878 4561 loquere
903 4482 991 4539 cum
1016 4464 1084 4538 isto
1110 4486 1203 4559 papa
1228 4484 1354 4559 avaro,
1380 4462 1487 4537 aliter
1518 4469 1643 4538 tamen
1668 4484 1782 4557 quam
1809 4482 1897 4537 cum

724 4607 818 4682 papa
842 4584 990 4660 Nicolao
1016 4584 1062 4659 de
1088 4583 1235 4657 Ursinis.
1249 4586 1383 4657 —Pot
1404 4582 1469 4656 llic
1494 4588 1601 4677 poeta
1627 4583 1784 4657 ostendit
1804 4602 1902 4676 quo·

726 4705 837 4779 modo
862 4703 1044 4779 allocutus
1069 4704 1181 4779 luerit
1205 4704 1307 4777 illum
1334 4703 1514 4798 spiritum,
1541 4704 1681 4777 diceus:
1708 4706 1775 4777 Pei
1799 4705 1902 4778 clt’t'o

721 4828 817 4917 potat
841 4826 879 4897 di
902 4845 956 4897 me
978 4828 1060 4917 lare
1084 4846 1109 4897 a
1133 4826 1203 4897 mio
1228 4844 1349 4917 cuuto,
1381 4844 1428 4898 en
1454 4824 1598 4898 licentia
1629 4823 1779 4917 domini,
1811 4824 1903 4919 quia

791 5078 818 5141 (¹)
833 5078 865 5129 E.
881 5080 926 5130 sed
941 5080 1052 5133 absoluti
1067 5086 1094 5131 et
1109 5080 1220 5145 purgrtl.
