4542 6842
702 913 773 980 tao
1059 925 1266 982 oomrurr
1291 925 1511 981 eundumne

697 1078 735 1146 et
760 1071 1002 1166 periculosam
1029 1077 1174 1166 oportet
1204 1073 1259 1148 ire
1290 1071 1405 1147 ductu
1432 1070 1594 1166 rationis,
1619 1091 1703 1165 quae
1732 1089 1869 1164 reprae-

700 1197 867 1265 sentatur
893 1211 959 1286 per
985 1191 1189 1288 Virgilium.
1207 1193 1252 1266 Et
1275 1191 1333 1266 lric
1350 1199 1436 1268 nota
1454 1189 1553 1287 quod
1569 1190 1640 1265 sub
1657 1189 1724 1264 istu
1741 1189 1869 1286 pulcra

699 1305 846 1386 fictione
874 1319 982 1408 poete
1007 1311 1181 1388 admonet
1198 1311 1384 1388 homiuem
1402 1312 1593 1388 turbatum
1611 1311 1666 1385 ire
1683 1309 1787 1408 sequi
1805 1328 1870 1383 vc«

700 1429 806 1528 eligia
831 1439 869 1508 et
894 1432 1064 1530 exempla
1090 1453 1311 1530 magnorum
1338 1433 1545 1528 sapientum
1564 1428 1867 1528 praecedentium

698 1551 793 1626 sicut
823 1549 925 1627 Plato
955 1552 1018 1646 qui
1052 1559 1132 1648 post
1164 1552 1312 1650 longam
1345 1551 1688 1650 peregrinationem,
1721 1549 1759 1622 iu
1796 1568 1869 1642 qua

700 1671 911 1748 visitaverat
937 1692 1090 1770 magnos
1119 1673 1300 1768 sapientes
1331 1670 1630 1772 AEgypti,1tuliae
1660 1676 1697 1745 et
1728 1667 1869 1761 Sicilia,

700 1811 874 1868 reversus
900 1792 1047 1868 tandem
1073 1791 1111 1866 in
1136 1792 1294 1888 patriam
1308 1786 1345 1885 (¹)
1373 1789 1562 1868 inveniens
1589 1789 1685 1891 bona¹
1710 1809 1779 1864 sua
1805 1807 1870 1862 va·
2005 1792 2009 1798 ’

699 1918 792 1988 stata
820 1912 1040 2010 negligentia
1066 1912 1186 2007 villici,
1212 1913 1329 1988 noluit
1352 1921 1442 1988 tunc
1470 1913 1622 2010 exigere
1651 1929 1800 2006 poenam
1825 1907 1871 1983 de

699 2053 745 2108 en
771 2031 930 2108 sentiens
954 2053 994 2108 se
1019 2033 1167 2108 iratum.
1186 2033 1230 2107 lit
1246 2033 1394 2110 drclrita
1414 2033 1649 2130 philosophus
1668 2028 1871 2108 tarentinus

698 2175 720 2228 e
754 2173 829 2250 quo
867 2154 970 2228 Plato
1007 2153 1124 2228 multa
1161 2153 1353 2248 didicerat,
1385 2174 1472 2230 cum
1509 2152 1625 2228 iratus
1652 2153 1731 2248 jam
1761 2150 1873 2226 vellet

698 2280 894 2370 perculere
919 2273 1101 2350 mmulum
1120 2274 1273 2350 retraxit
1295 2295 1461 2368 manum,
1482 2280 1520 2349 et
1538 2271 1722 2350 commisit
1746 2291 1872 2348 corre·

698 2394 858 2470 ctionem
883 2393 1000 2490 alteri,
1027 2415 1074 2471 ne
1099 2395 1296 2471 excederet
1319 2395 1471 2470 modum
1498 2394 1683 2490 perirem
1709 2411 1794 2487 que
1813 2396 1871 2468 eut

701 2515 843 2590 initium
872 2515 1027 2610 luroris;
1053 2522 1090 2590 et
1116 2516 1165 2592 ita
1190 2516 1236 2591 de
1261 2517 1396 2590 multis.
1415 2517 1514 2612 Ergo
1536 2515 1631 2592 hene
1648 2514 1726 2590 vult
1749 2513 1873 2588 dicere

700 2633 890 2734 Virgilius:
916 2635 964 2710 lili
993 2635 1055 2731 mi,
1073 2635 1100 2710 si
1128 2637 1183 2710 vis
1207 2637 1331 2712 omnia
1350 2657 1492 2732 regere,
1515 2643 1553 2712 tc
1571 2635 1710 2712 subiice
1728 2633 1871 2710 rationi.

700 2750 799 2830 -Si
823 2777 929 2830 coru.
955 2755 1021 2831 llic
1044 2763 1153 2852 poeta
1179 2757 1335 2836 ostendit
1359 2757 1547 2851 quomodo
1576 2756 1777 2854 prudenter
1807 2775 1873 2849 pa-

701 2875 775 2950 ruit
795 2881 979 2971 praecepto
997 2875 1148 2972 Virgilii,
1165 2877 1252 2971 quia
1269 2877 1392 2951 statim
1410 2875 1561 2953 adhesit
1577 2876 1657 2971 sibi,
1674 2895 1741 2972 per
1757 2893 1870 2950 uuam

700 2996 1012 3092 comparationem
1039 2997 1216 3092 optimam
1234 3004 1392 3091 quaeest
1416 2998 1463 3074 de
1487 3017 1528 3073 se
1551 2998 1668 3092 clare3
1700 2995 1798 3070 unde
1818 2994 1874 3069 di·

701 3115 768 3192 cit:
795 3119 846 3190 Μ’
855 3119 1001 3190 uodava
1024 3120 1074 3208 io,
1099 3123 1180 3211 post
1205 3122 1308 3214 terga
1334 3116 1473 3214 virgilii
1506 3116 1675 3192 firmatus
1703 3115 1783 3209 sibi,
1802 3135 1871 3208 per

700 3238 821 3309 tuere
846 3257 974 3308 amoro
1000 3257 1019 3308 e
1042 3257 1167 3327 cozzo,
1193 3237 1275 3310 talis
1302 3245 1401 3325 recte
1426 3243 1482 3311 est
1507 3237 1563 3311 ira
1585 3257 1670 3331 quae
1694 3236 1874 3318 amaricat

699 3355 866 3430 animum
893 3363 931 3430 et
956 3357 1136 3431 deformat
1161 3377 1307 3451 corpur,
1334 3364 1376 3431 ut
1401 3358 1529 3453 pulcre
1553 3358 1709 3432 ostendit
1735 3357 1881 3434 Tullinus

699 3475 736 3549 in
762 3477 980 3572 Tusculano,
1007 3482 1043 3551 et
1069 3476 1208 3552 Seneca
1234 3477 1271 3549 in
1297 3497 1366 3550 suo
1390 3477 1437 3552 de
1454 3477 1527 3570 ira3
1545 3482 1582 3551 ct
1599 3497 1688 3551 vere
1710 3476 1874 3551 terribile

700 3599 738 3670 et
767 3603 875 3692 turpe
902 3597 1009 3670 nimis
1026 3604 1081 3671 est
1099 3597 1226 3672 videre
1251 3597 1438 3672 hominem
1465 3595 1719 3672 fulminantem
1737 3597 1775 3670 iu
1800 3597 1873 3670 ira-

699 3715 833 3791 cundia
859 3738 939 3811 sua,
965 3737 986 3790 a
1013 3715 1131 3811 simili,
1156 3709 1303 3790 sicomc
1323 3721 1414 3790 ciero
1431 3739 1477 3791 ua
1494 3720 1606 3790 metro
1622 3738 1647 3789 α
1661 3737 1729 3800 suo
1750 3719 1872 3808 modu,

699 3858 767 3933 pro
793 3839 911 3912 salute
936 3858 1016 3931 sua,
1029 3859 1106 3930 per
1130 3859 1204 3911 ηοη
1228 3841 1427 3929 sruurrr'rsi,
1453 3838 1555 3934 idest,
1574 3857 1622 3911 ne
1646 3837 1872 3912 exorbitata

700 3957 759 4032 via
786 3963 898 4052 recte,
926 3959 983 4032 vel
1010 3957 1108 4052 quod
1138 3957 1243 4052 peius
1270 3964 1377 4051 esset,
1399 3979 1466 4050 per
1496 3979 1569 4032 ηοη
1593 3960 1664 4031 dar
1688 3959 1726 4031 di
1749 3977 1872 4045 cozzo,

700 4078 804 4172 idest,
830 4097 877 4152 ne
902 4077 1055 4152 incutiat
1080 4077 1296 4172 improvide,
1323 4080 1361 4149 iu
1386 4097 1470 4150 cosa
1494 4080 1592 4150 cllc'l
1614 4079 1758 4167 mouet,
1779 4075 1874 4150 sicut

572 4247 576 4258 ·
699 4197 737 4272 in
771 4198 911 4294 lignum
943 4197 1001 4271 vel
1034 4198 1068 4270 in
1102 4197 1257 4290 ierrum,
1288 4197 1388 4291 quod
1414 4196 1695 4272 concultatum
1728 4195 1871 4287 laciem,

699 4321 841 4412 osorse
871 4319 1014 4409 noddo,
1040 4317 1135 4392 sicut
1161 4318 1197 4391 in
1228 4337 1368 4411 equum
1395 4319 1453 4392 vel
1486 4318 1522 4390 in
1548 4325 1699 4390 taurum
1725 4315 1872 4390 iratum.

699 4439 743 4512 Et
757 4438 811 4514 wsic
831 4445 917 4512 nota
938 4439 1096 4533 qualiter
1121 4444 1230 4534 poeta
1255 4445 1381 4513 noster
1398 4437 1645 4533 propriissime
1665 4441 1772 4511 vocat
1796 4435 1871 4509 ira·

628 4613 631 4620 ,
700 4564 780 4631 tum
812 4577 972 4633 mcum:
1001 4579 1090 4634 vere
1115 4558 1212 4632 enim
1239 4557 1356 4632 iratus
1381 4564 1437 4634 est
1461 4577 1583 4631 caecus
1611 4562 1649 4630 et
1677 4556 1872 4651 plusquam

699 4699 837 4774 cecum
856 4699 977 4754 cecus
991 4671 1028 4771 (²)
1055 4679 1154 4753 enim
1181 4678 1265 4752 licet
1290 4678 1419 4774 perdat
1437 4674 1611 4751 visionem
1630 4674 1874 4769 corporalem,

701 4819 775 4874 uon
809 4806 932 4874 tamen
966 4798 1084 4892 perdit
1115 4798 1327 4891 mentalem,
1358 4797 1434 4871 imo
1465 4796 1582 4892 magis
1613 4793 1811 4868 intenditur
1837 4792 1874 4864 iu

765 5057 792 5122 (ί)
809 5059 839 5110 E.
856 5061 882 5110 ln
899 5059 1009 5123 patriam
1024 5074 1097 5110 surm
1114 5061 1254 5111 inveniens.
1442 5057 1472 5122 (²)
1488 5061 1519 5110 Ε.
1534 5060 1594 5124 quia
1610 5070 1694 5109 corus
1707 5056 1777 5106 licei.
