4542 6842
835 1007 974 1064 CANTUS
999 1010 1142 1064 Pullius.
1526 1002 1572 1069 35

401 1169 492 1246 rem,
519 1154 606 1248 quia
627 1135 861 1249 ‘pugnaverat
886 1162 1013 1229 contra
1040 1156 1254 1229 mandatum
1279 1158 1371 1250 eius,
1393 1179 1462 1232 cur
1482 1161 1572 1234 Cato

400 1273 518 1348 victus
543 1275 705 1370 pepercit
730 1273 803 1348 lilio
828 1274 936 1369 vieto,
954 1275 1016 1369 qui
1042 1296 1115 1350 non
1142 1277 1303 1371 pepercit
1319 1277 1411 1351 sibit
1427 1279 1572 1366 Quanto

400 1395 538 1470 altioris
562 1395 675 1469 animi
701 1396 744 1467 ll.
765 1395 928 1491 Regulus
946 1396 1014 1470 isto
1033 1397 1076 1468 M.
1095 1397 1248 1470 Catone!
1267 1399 1355 1472 Cato
1379 1398 1475 1472 enim
1499 1421 1572 1473 non

401 1518 539 1592 vicerat
565 1517 759 1609 Caesarem,
786 1517 845 1589 cui
871 1517 990 1590 victus
1013 1517 1230 1612 dedignatus
1255 1526 1311 1592 est
1329 1519 1474 1603 subiici.
1501 1522 1574 1594 lle·

401 1639 511 1734 gulus
538 1655 626 1712 vcro
646 1636 724 1731 jam
745 1635 882 1710 vicerat
906 1636 1213 1732 carthaginenses,
1231 1637 1278 1711 dc
1299 1638 1432 1732 quibus
1458 1639 1574 1713 victo-

404 1759 537 1832 riosam
553 1749 589 1850 (¹)
615 1757 770 1853 gloriam
801 1761 1067 1850 reportaverat,
1086 1757 1124 1830 et
1148 1764 1273 1832 tamen
1298 1759 1345 1833 ab
1370 1759 1423 1833 eis
1448 1766 1574 1854 postea

404 1878 520 1952 victus
546 1877 663 1951 voluit
679 1876 797 1971 potius
815 1897 878 1950 eos
895 1877 993 1950 terre
1010 1877 1215 1970 serviendo,
1235 1899 1347 1971 quam
1369 1879 1519 1955 auferre
1535 1901 1576 1956 se

405 1998 456 2074 cis
482 1997 683 2072 moriendo.
712 1996 796 2071 ldeo
827 1997 988 2071 servavit
1017 1997 1085 2070 sub
1116 1997 1364 2074 dominatione
1391 2001 1576 2096 carthagi-

405 2117 571 2192 nensium
591 2117 812 2212 patientiam,
827 2123 864 2192 et
881 2117 918 2190 in
937 2137 1177 2191 romanorum
1195 2117 1387 2194 dilectione
1404 2128 1576 2194 constan-

404 2238 505 2332 tiam,
531 2258 600 2313 nec
625 2239 797 2313 auterens
821 2258 955 2333 corpus
980 2237 1119 2311 victum
1146 2239 1193 2312 ab
1218 2239 1393 2334 hostibus,
1413 2261 1481 2315 nec
1498 2242 1578 2314 ani-

405 2379 507 2432 mum
535 2358 758 2432 invictuma
791 2358 941 2432 civibus.
973 2358 1008 2432 Si
1039 2378 1129 2452 ergo
1160 2358 1216 2432 vir
1250 2381 1425 2433 romanus
1456 2362 1577 2434 cultor

405 2479 580 2552 salsorum
607 2479 762 2555 deorum
791 2479 873 2553 lecit
899 2479 968 2552 hoe
998 2499 1087 2552 vera
1119 2479 1265 2572 virtute,
1292 2491 1430 2572 quanto
1460 2483 1578 2578 magis

406 2600 623 2674 christianus
649 2601 768 2674 cultor
794 2599 904 2671 unius
929 2598 1008 2671 veri
1033 2598 1123 2672 Dei?
1150 2598 1185 2671 Si
1211 2605 1337 2673 autem
1360 2601 1578 2675 fortissimus

406 2721 546 2794 Sanson
572 2741 612 2794 se
637 2726 675 2794 et
699 2740 786 2793 suos
811 2721 933 2792 lrostes
952 2718 1057 2792 ruina
1075 2717 1207 2792 domus
1227 2720 1415 2813 oppressit,
1439 2722 1508 2795 hoc
1525 2722 1579 2796 ie-

408 2840 456 2914 cit
481 2832 731 2936 inspirantcl²l
759 2839 891 2934 Spiritu
923 2849 1060 2932 sancto,
1087 2860 1153 2933 pcr
1179 2821 1290 2932 ouem
1324 2839 1500 2915 miracula
1527 2842 1581 2916 ia-

409 2961 536 3034 ciebat.
561 2962 636 3034 Hoc
657 2961 767 3036 etiam
786 2965 978 3034 senserunt
996 2979 1124 3033 omnes
1142 2959 1227 3032 boni
1244 2960 1459 3055 philosophi:
1478 2963 1581 3037 Plato

409 3080 558 3174 quidem
584 3081 727 3158 dicebat
754 3087 910 3153 mortem
938 3079 1143 3152 naturalem
1174 3099 1255 3153 esse
1285 3082 1527 3174 expetendam
1543 3073 1582 3176 (⁸)

409 3222 431 3275 a
457 3201 581 3296 simili;
608 3201 701 3276 sicut
726 3201 823 3276 enim
845 3221 975 3274 servus
992 3199 1130 3295 positus
1156 3201 1192 3273 in
1219 3221 1369 3275 carcerc
1389 3223 1411 3275 a
1433 3202 1581 3284 domino

410 3342 490 3415 suo,
508 3322 536 3396 si
563 3321 687 3394 iurtim
710 3321 836 3418 fugiat,
853 3319 1023 3394 dominus
1041 3341 1115 3394 non
1132 3321 1262 3395 liberat
1282 3321 1400 3415 ipsum
1421 3344 1443 3396 a
1461 3343 1582 3418 poena,

411 3442 473 3517 sed
499 3441 618 3536 potius
644 3462 790 3537 poenam
817 3441 994 3536 adauget,
1018 3440 1066 3514 ita
1091 3440 1214 3515 anima
1232 3441 1269 3514 in
1290 3461 1456 3536 corpore,
1478 3443 1582 3536 quasi

411 3583 541 3637 servus
566 3562 603 3635 in
628 3581 779 3636 carcere
804 3561 931 3656 posita,
958 3561 986 3634 si
1013 3560 1091 3634 sine
1108 3560 1281 3635 mandato
1297 3561 1436 3634 domini
1461 3563 1518 3637 sui
1543 3585 1584 3638 se
1664 3629 1679 3645 ,

411 3681 494 3758 inde
520 3679 721 3777 subtrahat,
749 3703 886 3756 nense
916 3682 1045 3755 liberat
1076 3702 1098 3754 a
1125 3701 1245 3775 poena,
1271 3681 1334 3756 sed
1361 3683 1479 3777 potius
1505 3705 1584 3778 poe-

412 3825 498 3879 nam
525 3810 751 3901 augmentat.
778 3803 883 3877 dliud
915 3802 1033 3877 simile
1062 3801 1210 3876 adducit
1235 3803 1337 3876 Plato
1353 3792 1401 3898 (⁴),
1433 3805 1526 3878 sicut
1555 3804 1583 3878 si

412 3925 542 4019 aliquis
569 3929 727 3998 mortem
749 3923 880 3997 inierat
896 3923 1016 3996 alieno
1034 3943 1144 3997 servo
1163 3943 1249 3996 reus
1267 3931 1322 3997 est
1341 3925 1481 4019 mortiS,
1498 3925 1586 4020 quia

414 4045 648 4120 homicidium
676 4042 878 4137 commisit;
900 4043 949 4118 ita
975 4044 1086 4117 homo
1112 4043 1176 4136 qui
1203 4051 1258 4118 est
1282 4063 1411 4118 servus
1429 4046 1586 4142 Domini,

415 4166 446 4240 si
471 4165 651 4240 interiecit
676 4185 717 4240 se
742 4163 871 4259 ipsum.
905 4164 981 4238 Hoc
998 4155 1034 4255 (⁵)
1062 4162 1159 4238 enim
1191 4163 1321 4258 probat
1346 4164 1508 4239 Plotinus
1533 4166 1587 4240 di-

415 4285 576 4380 scipulus
602 4285 760 4359 Platonis
787 4291 825 4359 et
849 4283 990 4379 plenius
1015 4304 1127 4377 quam
1156 4282 1268 4357 Plato.
1295 4283 1349 4356 Ad
1380 4284 1475 4358 idem
1502 4285 1588 4360 dicit

415 4405 553 4479 Tullius
580 4405 678 4498 quod
704 4405 769 4499 piis
794 4405 965 4478 omnibus
991 4403 1203 4478 retinendus
1226 4411 1282 4477 est
1302 4405 1448 4477 animus
1466 4405 1503 4478 in
1520 4427 1588 4479 cu·

416 4525 531 4599 stodia
557 4525 731 4620 corporis,
753 4545 800 4600 nc
820 4546 956 4598 munus
980 4525 1186 4597 humanum
1212 4522 1436 4619 assignatum
1461 4546 1483 4598 a
1510 4525 1588 4600 Deo

417 4643 554 4740 fugisse
580 4645 765 4720 rideatur:
792 4645 867 4719 imo
893 4643 1034 4721 caeteris
1061 4643 1166 4717 malis
1196 4649 1313 4737 potest
1343 4663 1424 4718 esse
1451 4645 1589 4739 aliquid

418 4767 584 4861 remedii,
610 4767 696 4840 huic
726 4787 816 4841 vero
846 4765 943 4839 nihil.
975 4766 1067 4839 Cum
1099 4765 1196 4840 enim
1230 4765 1341 4838 homo
1374 4765 1590 4840 naturaliter

480 4985 506 5046 (¹)
523 4985 554 5033 E.
571 4985 709 5048 gloriosam
726 4986 869 5036 victoriam.
1044 4983 1072 5047 (¹)
1088 4985 1118 5036 E.
1134 4985 1301 5047 inspiratione
1317 4983 1429 5046 Spiritus
1444 4985 1535 5035 uncti.

480 5059 507 5120 (⁸)
524 5063 578 5119 1¹⁸1,
595 5061 788 5123 expectandam.
1045 5060 1074 5122 (¹)
1089 5061 1120 5110 ll.
1138 5059 1213 5110 Plato
1229 5060 1280 5121 aic;
1297 5060 1317 5109 ai
1333 5058 1434 5122 aliquis.

481 5133 508 5197 (⁸)
525 5134 552 5186 S.
567 5149 583 5186 o
600 5135 630 5186 Ε.
647 5137 706 5188 Hoc
722 5138 790 5188 idem
808 5137 908 5201 probat.
