4542 6842
785 985 924 1043 CANTUS
949 988 1150 1043 translatus.
1478 975 1547 1041 545

377 1130 459 1224 bris¹
479 1130 759 1224 terraemotibus,
786 1130 872 1223 quia
893 1150 1112 1226 *cavernosa
1130 1151 1215 1225 quae
1234 1126 1431 1225 aliquando
1451 1130 1549 1205 stetit

377 1257 549 1347 cooperta
576 1251 682 1345 aquis
707 1270 841 1326 novem
874 1252 1061 1327 mensibus
1092 1262 1260 1347 tempore
1292 1250 1418 1325 diluvii
1448 1248 1548 1345 quod

254 1366 256 1371 ’
376 1370 444 1445 luit
469 1373 507 1445 in
532 1371 674 1447 Graecia
696 1379 875 1469 regnante
891 1372 1031 1470 Ogygio
1050 1392 1158 1470 rege:
1175 1373 1213 1447 in
1234 1371 1307 1447 fine
1324 1392 1415 1447 vero
1435 1392 1549 1468 appa·

378 1500 534 1567 ruerunt
560 1492 609 1567 ibi
635 1491 726 1567 radii
751 1492 835 1589 solis
860 1498 897 1567 et
922 1494 1038 1587 lunae3
1059 1493 1142 1569 ideo
1160 1493 1269 1568 datus
1289 1501 1344 1568 est
1363 1494 1467 1567 loeus
1492 1493 1549 1567 la·

377 1614 473 1688 bulae
499 1611 599 1707 quod
623 1614 762 1688 Latona
779 1613 917 1709 peperit
934 1613 982 1686 ibi
1000 1614 1113 1688 solem
1131 1620 1170 1689 et
1190 1615 1328 1688 lunam.
1350 1614 1548 1689 Verumta-

288 1776 293 1785 ·
379 1753 464 1808 men
489 1733 660 1827 quamvis
684 1732 752 1807 ista
774 1732 951 1827 expositio
968 1753 1126 1808 consona
1147 1734 1326 1827 videatur,
1343 1734 1548 1809 Macrobius

358 1852 471 1928 ¹libro
496 1853 748 1929 Saturnalium
774 1852 943 1927 subtilius
969 1852 1124 1928 rimatur
1151 1854 1344 1929 veritatem
1366 1855 1475 1928 buius
1495 1855 1548 1929 rel

378 1974 592 2070 profundius
617 1975 803 2049 latentem.
825 1972 919 2048 Dicit
934 1974 1032 2049 enim
1054 1974 1154 2068 quod
1173 1973 1222 2049 ab
1242 1975 1384 2070 origine
1408 1974 1548 2068 muudi,

377 2115 465 2170 uum
491 2093 615 2169 omnia
635 2095 818 2169 elementa
835 2101 958 2171 essent
973 2094 1081 2169 simul
1100 2095 1215 2169 mixta
1232 2095 1270 2168 lu
1287 2116 1364 2169 uno
1380 2114 1549 2190 purpure,

378 2216 476 2309 quod
501 2215 639 2309 antiqui
665 2216 943 2311 appellaverunt
958 2214 1087 2309 chaos,
1106 2236 1193 2290 oum
1211 2214 1380 2311 eoepisset
1397 2216 1475 2291 lieri
1491 2216 1549 2290 ‹ti-

378 2334 521 2409 stinetio
546 2335 709 2409 lormalls
729 2336 1011 2429 elementorum,
1030 2342 1129 2410 terra
1150 2334 1271 2409 adbuc
1291 2335 1441 2409 humida
1458 2335 1549 2409 sub·

378 2454 509 2529 stantia
535 2454 573 2527 in
599 2454 698 2528 molli
724 2461 761 2529 et
785 2454 940 2528 instabili
967 2454 1052 2529 sede
1078 2454 1246 2547 natabat3
1271 2454 1335 2528 sed
1360 2442 1550 2530 cresoente

379 2574 554 2670 paulatim
581 2577 704 2650 calore
729 2575 867 2650 coelesti
892 2575 971 2649 liaeu
996 2575 1070 2648 duo
1096 2574 1216 2650 sidera
1243 2581 1329 2649 nata
1360 2574 1548 2671 videntur3

379 2699 417 2769 et
441 2694 494 2769 sol
521 2695 668 2789 quidem
696 2695 858 2769 maxima
883 2694 919 2770 vi
944 2694 1076 2769 caloris
1100 2694 1219 2769 tenuit
1243 2696 1367 2769 locum
1384 2696 1551 2790 superio-

381 2834 482 2908 rem3
508 2816 596 2890 luna
620 2836 710 2891 vero
735 2815 838 2891 velut
862 2814 1012 2889 humida
1030 2812 1181 2889 loemina
1202 2815 1322 2889 tenuit
1346 2817 1469 2891 locum
1496 2818 1552 2890 ln·

382 2935 567 3011 seriorem.
593 2936 731 3010 latona
756 2936 866 3029 anim,
893 2941 936 3009 ut
961 2935 1096 3032 physici
1123 2937 1263 3029 volunt,
1285 2943 1340 3010 est
1365 2946 1465 3013 terra
1490 2938 1550 3011 cui

380 3054 445 3130 diu
466 3054 628 3131 obviavit
644 3054 739 3129 Juno
753 3048 789 3147 (¹)
809 3075 856 3129 ne
872 3055 1012 3130 lumina
1030 3055 1098 3129 ista
1115 3055 1313 3150 orirentur,
1331 3055 1434 3150 idest,
1451 3057 1551 3151 quod

379 3194 444 3249 aer
470 3174 534 3269 qui
560 3180 649 3249 tune
674 3182 755 3249 erat
779 3174 953 3249 humidus
986 3181 1024 3249 et
1053 3174 1221 3249 turbidus
1250 3175 1421 3250 obstabat
1443 3178 1550 3271 melo,

380 3318 426 3371 ne
444 3296 615 3391 splendor
632 3296 815 3369 luminum
833 3302 1045 3391 appareret;
1066 3296 1129 3370 sed
1149 3296 1280 3370 dirime
1297 3290 1548 3392 prudentiael¹l

378 3437 493 3512 opera
519 3418 615 3511 vicit,
641 3437 725 3511 quae
750 3416 890 3510 adiurit
915 3424 1075 3511 partum,
1101 3417 1376 3511 propterquod
1402 3416 1550 3514 lingun-

379 3543 441 3611 tur
467 3537 559 3631 parti
574 3526 611 3629 (³)
630 3536 802 3609 ininsula
825 3536 944 3629 Delos,
962 3536 1048 3630 qnia
1075 3556 1122 3611 er
1146 3536 1241 3609 mari
1258 3536 1362 3610 nobis
1380 3538 1551 3611 videntur

380 3655 481 3749 oriri,
515 3656 601 3749 quia
635 3659 778 3750 partus,
813 3654 915 3748 idest,
951 3662 1055 3729 ortus
1089 3654 1272 3729 luminum
1307 3656 1431 3730 omnia
1466 3656 1551 3730 lacit

246 3787 248 3795 ‘
381 3786 507 3872 aperte
532 3777 746 3850 clarescere.
772 3774 881 3849 llelos
906 3774 1003 3848 enim
1030 3774 1294 3870 interpretatur
1313 3775 1471 3849 claritas.
1497 3776 1551 3851 Ad

381 3896 525 3972 literam
542 3915 646 3991 ergo,
658 3894 744 3969 dicit
759 3900 887 3989 poeta:
909 3900 1009 3968 Galo
1029 3898 1117 3969 Delo
1133 3916 1205 3969 non
1222 3900 1384 3969 sisouteu
1400 3889 1430 3969 sl
1444 3901 1550 3990 sorte,

382 4016 484 4110 idest,
510 4035 584 4088 non
610 4014 828 4089 movebatur
854 4015 903 4088 ita
929 4015 1016 4088 olim
1044 4015 1138 4090 sicut
1163 4036 1262 4090 nunc
1287 4036 1394 4090 mons
1414 4038 1554 4114 purga-

381 4137 485 4230 torii,
507 4137 593 4229 poia
616 4136 676 4208 ote
702 4139 851 4226 ὶαίοηα,
875 4135 1030 4231 profuga
1057 4143 1094 4211 et
1118 4136 1283 4231 gravida,
1305 4142 1439 4230 facesse
1453 4142 1492 4210 io
1508 4141 1553 4211 tel

381 4258 527 4346 ttnidm
553 4255 655 4348 idest,
683 4256 877 4350 hospitium
904 4256 1114 4351 attactum,
1140 4278 1165 4329 u
1181 4261 1348 4349 partuuir
1363 4261 1390 4332 li
1409 4262 1476 4333 due
1490 4280 1552 4332 oc-

381 4380 436 4452 oti
459 4380 516 4451 det
538 4378 636 4468 uelo,
656 4375 801 4469 scilicet,
820 4376 935 4450 solem
956 4382 994 4451 et
1010 4378 1148 4451 lunam.
1176 4378 1220 4450 Et
1246 4378 1303 4452 bio
1329 4387 1413 4453 nota
1432 4400 1553 4474 qnan-

382 4506 463 4574 tum
489 4496 716 4591 uomparatio
730 4484 766 4588 (⁸)
787 4503 842 4571 est
858 4495 1122 4592 propriissima;
1140 4498 1349 4573 sicutenim
1370 4500 1477 4574 Delos
1494 4500 1552 4572 in·

258 4654 260 4657 ·
382 4620 461 4694 sula
486 4616 685 4692 clarissima
715 4616 834 4691 emisit
866 4616 914 4690 ibi
931 4608 967 4708 (ὃ)
998 4616 1074 4691 dno
1104 4617 1303 4691 clarissima
1337 4619 1477 4693 lumina
1505 4619 1552 4693 ad

382 4740 539 4832 ooelum;
565 4738 616 4812 ita
642 4758 740 4811 nunc
766 4758 870 4811 mons
889 4738 1091 4832 purgatorii
1113 4738 1337 4812 clarissimus
1363 4739 1552 4814 emittebat

444 4972 472 5034 (¹)
488 4970 518 5021 li.
534 4970 612 5030 tuno,
628 4969 693 5019 idest
709 4982 762 5029 aar,
779 4982 812 5020 ne
825 4968 932 5019 lumina.
1059 4966 1086 5029 (³)
1103 4968 1132 5017 Ε.
1149 4968 1327 5031 providentia.

445 5047 471 5109 Ρ)
490 5050 542 5107 nr,
560 5048 612 5096 nati
629 5048 653 5096 ln
670 5046 762 5097 insula.
1060 5043 1086 5105 (¹)
1104 5044 1134 5094 Ε.
1151 5044 1208 5094 brec
1224 5042 1391 5106 comparatio.

448 5125 474 5183 (¹)
492 5128 546 5182 tlt,
562 5123 634 5173 olim.

517 5228 559 5271 111.
1393 5227 1420 5269 ³⁵
