4542 6842
682 951 685 960 ‘
715 973 761 1038 74
1074 982 1278 1038 cousuruu
1302 982 1523 1038 ruacamnu

712 1095 898 1204 descendit
922 1089 1128 1202 damnanda
1153 1128 1200 1200 ad
1225 1126 1409 1214 infernum
1437 1128 1474 1202 in
1499 1149 1613 1222 quem
1636 1128 1796 1234 intratur
1821 1152 1888 1226 per

713 1269 861 1344 passum
887 1245 1113 1340 Acherontis,
1139 1248 1172 1320 si
1194 1250 1370 1338 ruccoulie
1394 1269 1531 1341 sonore
1555 1251 1661 1342 maol,
1678 1249 1815 1326 scilicet
1840 1251 1887 1325 ad

712 1377 861 1465 portum
887 1370 995 1443 almae
1021 1366 1134 1461 urbis,
1162 1368 1267 1461 quasi
1292 1367 1388 1445 dicat
1412 1368 1575 1443 breviter
1599 1370 1699 1463 quod
1724 1371 1888 1468 Angelus

712 1513 787 1566 uon
812 1491 946 1589 colligit
970 1490 1112 1565 animas
1128 1489 1177 1564 ab
1192 1491 1264 1565 alia
1285 1498 1391 1587 parte
1409 1513 1523 1586 quam
1542 1513 1566 1566 a
1586 1493 1782 1570 christiana
1803 1494 1886 1589 lide,

711 1611 818 1686 cuius
843 1617 897 1686 est
922 1617 1032 1705 caput
1058 1631 1212 1684 romana
1238 1611 1401 1686 ecclesia.
1548 1603 1553 1611 ’

786 1737 832 1805 Et
853 1736 898 1805 io.
925 1733 995 1806 lsta
1026 1738 1081 1806 est
1115 1737 1249 1824 quarta
1281 1737 1318 1804 et
1352 1731 1480 1805 ultima
1515 1752 1600 1826 pars
1624 1733 1819 1828 generalis,
1848 1735 1886 1809 in

713 1875 787 1948 qua
810 1861 917 1950 poeta
934 1851 1090 1928 ostendit
1108 1853 1294 1946 quomodo
1305 1852 1519 1927 invitaverit
1535 1853 1714 1928 Caseilam
1732 1855 1779 1928 ad
1799 1875 1886 1930 can·

712 1976 878 2069 tandum,
896 1981 933 2049 et
959 1973 1146 2068 quomodo
1171 1980 1302 2046 cantus
1326 1972 1422 2046 illius
1446 1979 1483 2048 et
1508 1975 1727 2049 auscultatio
1752 1995 1884 2050 eorum

711 2095 847 2170 suerint
863 2087 900 2187 (¹)
927 2094 1129 2167 disturbata
1162 2113 1228 2187 per
1258 2093 1445 2167 Catonem.
1479 2094 1523 2168 Et
1547 2094 1667 2190 primo
1691 2096 1887 2170 exordiens

710 2215 857 2290 adiurat
882 2234 969 2288 eum
996 2233 1062 2308 per
1082 2212 1259 2287 beneficia
1280 2213 1476 2308 praeterita,
1495 2221 1537 2289 ut
1556 2214 1604 2288 ita
1626 2235 1726 2290 nunc
1743 2222 1886 2291 recreet

711 2335 831 2430 ipsum
858 2334 1049 2430 fatigatum
1067 2341 1178 2407 cantu
1197 2355 1265 2408 suo
1283 2335 1409 2429 semel,
1427 2335 1522 2409 sicut
1538 2336 1624 2410 olim
1643 2337 1680 2411 in
1697 2337 1770 2412 vita
1789 2359 1886 2433 saepe

711 2455 835 2529 iacere
862 2454 1010 2528 solebat.
1039 2453 1142 2527 Unde
1167 2453 1271 2527 dicit:
1289 2457 1385 2546 etio,
1411 2455 1539 2550 supple
1563 2456 1637 2530 diri
1663 2458 1831 2532 Caseliae:
1849 2481 1886 2532 sc

711 2596 829 2650 acorna
855 2579 965 2665 leque,
990 2573 1124 2650 scilicet
1149 2581 1231 2668 post
1256 2580 1428 2668 mortem,
1444 2597 1517 2648 noa
1542 2579 1568 2649 a·
1591 2580 1694 2669 toute
1712 2582 1883 2652 memorio

555 2755 574 2782 ,
711 2717 835 2786 cuso,
862 2693 966 2788 quasi
991 2693 1106 2768 dicat:
1134 2694 1163 2766 si
1190 2714 1264 2768 non
1280 2694 1463 2789 perdidisti
1479 2716 1546 2790 per
1564 2704 1723 2770 mortem
1741 2719 1884 2772 memo-

712 2817 806 2890 riam
833 2821 870 2890 et
895 2836 1019 2908 usum,
1040 2835 1123 2908 quae
1149 2815 1225 2889 duo
1250 2815 1413 2889 maxime
1438 2824 1659 2891 conservant
1683 2825 1821 2911 artem3
1847 2826 1885 2894 et

711 2937 875 3030 loquitur
901 2935 1201 3028 conditionaliter,
1222 2936 1309 3030 quia
1334 2937 1520 3011 nesciebat
1536 2937 1566 3010 si
1582 2938 1650 3013 iste
1672 2940 1737 3033 qui
1762 2940 1884 3034 perdi-

711 3057 817 3132 derat
841 3075 993 3152 orgaua,
1019 3056 1154 3150 quibus
1171 3077 1243 3130 vox
1265 3057 1459 3151 formatur,
1477 3078 1543 3151 per
1565 3065 1736 3154 mortem,
1762 3067 1884 3155 posset

711 3184 871 3271 cantare,
910 3182 946 3251 et
988 3176 1091 3250 dicit:
1134 3179 1195 3250 ull’
1208 3197 1376 3250 amoroso
1417 3185 1533 3268 cuuto,
1571 3179 1659 3272 quia
1701 3180 1884 3274 praecipue

711 3299 831 3373 iuerat
861 3304 1035 3392 expertus
1065 3296 1295 3372 dulcedinem
1326 3304 1455 3371 cantus
1480 3297 1631 3372 Casellae
1659 3298 1695 3371 in
1727 3301 1881 3374 materia

708 3418 865 3512 amoris;
892 3418 973 3493 ideo
999 3419 1102 3493 dicit:
1130 3420 1190 3491 cite
1216 3421 1264 3490 mi
1290 3420 1388 3491 soleo
1415 3425 1539 3510 quetur
1564 3426 1643 3492 tutte
1668 3423 1735 3494 mie
1759 3425 1883 3513 voque,

709 3539 812 3632 idest,
839 3539 902 3632 qui
929 3545 1057 3612 cantus
1084 3537 1224 3612 solebat
1247 3539 1378 3612 sedare
1398 3538 1485 3611 mibi
1512 3539 1697 3633 passiones
1721 3542 1902 3636 amoris;>

710 3669 747 3735 et
769 3659 820 3733 sic
837 3665 956 3753 captat
981 3657 1276 3733 benevolentiam
1293 3658 1329 3731 iu
1350 3678 1395 3732 eo
1416 3658 1516 3752 quod
1540 3657 1625 3732 dicit
1647 3660 1748 3733 illum
1772 3661 1884 3738 luisse

709 3787 899 3855 cantorem
934 3779 1124 3872 eximium,
1159 3779 1367 3852 adiutorem
1401 3778 1459 3852 sui
1492 3778 1655 3873 amoris;
1687 3779 1784 3855 unde
1818 3803 1884 3877 pe-

710 3900 774 3974 ut:
800 3903 838 3974 di
861 3892 929 3990 oid,
953 3899 1057 3994 idest,
1082 3899 1128 3973 de
1153 3919 1326 3973 amoroso
1356 3909 1480 3992 cantu,
1502 3902 1699 3992 ᾶρίαοσία,
1720 3901 1884 3996 loquitur

643 4035 647 4040 ·
709 4019 851 4113 blande,
877 4023 916 4094 di
944 4023 1158 4092 consolarmi
1185 4022 1352 4111 alquanto
1385 4023 1541 4094 lanima
1566 4025 1652 4113 mio,
1678 4045 1762 4116 quae
1794 4045 1883 4100 vere

709 4138 846 4236 indiget
870 4139 1133 4234 consolatione;
1161 4140 1258 4214 unde
1283 4140 1390 4214 dicit:
1418 4142 1478 4213 cde
1503 4144 1657 4214 acuendo
1682 4146 1753 4235 qui,
1779 4143 1882 4237 idest,

710 4280 794 4354 quae
819 4260 942 4334 anima
967 4281 1051 4334 mea
1076 4260 1229 4334 veniens
1253 4259 1299 4334 ad
1326 4261 1436 4333 istum
1459 4261 1727 4358 purgatorium,
1754 4284 1821 4336 coa
1846 4267 1884 4338 lc

709 4383 780 4454 mia
806 4401 974 4472 persona,
1006 4379 1107 4472 idest,
1150 4401 1263 4455 carue
1295 4381 1471 4476 bumana,
1505 4379 1526 4456 c'
1556 4387 1743 4474 alsuanum
1773 4390 1882 4475 tanto,

709 4501 818 4576 simul
843 4522 930 4576 cum
957 4522 1112 4596 corpore
1142 4522 1208 4597 per
1242 4507 1293 4575 tot
1325 4523 1455 4597 aspera
1488 4502 1580 4596 loca,
1606 4525 1673 4598 per
1698 4511 1882 4580 tormenta

656 4713 659 4720 ¹
708 4641 914 4716 poenarum.
941 4623 984 4696 Et
1009 4623 1067 4696 bic
1093 4629 1179 4697 uota
1205 4623 1305 4716 quod
1336 4631 1444 4718 poeta
1477 4631 1601 4700 noster
1632 4626 1679 4701 de
1703 4626 1881 4702 industria

710 4740 812 4837 fingit
837 4743 935 4836 quod
962 4749 1061 4838 petat
1085 4743 1364 4818 delectationem
1389 4749 1519 4818 cantus
1543 4745 1590 4818 ad
1617 4746 1881 4822 relevationem

710 4881 863 4934 suarum
891 4882 1081 4956 curarum,
1108 4861 1266 4956 quiade
1293 4861 1346 4937 rei
1372 4863 1527 4938 veritate
1551 4886 1698 4940 summe
1721 4865 1883 4942 delecta·

773 5111 801 5176 (¹)
817 5111 843 5165 S.
859 5113 974 5165 luerunt.
