4542 6842
706 958 774 1024 172
1062 963 1267 1019 eunonium
1290 962 1513 1017 runoamnli

702 1119 757 1187 set
773 1104 808 1203 (¹)
834 1110 881 1184 de
905 1110 1045 1184 honore
1070 1114 1206 1201 vestro,
1225 1107 1324 1201 quod
1349 1106 1409 1181 iile
1434 1126 1574 1202 pauper
1599 1106 1741 1181 occisus
1768 1126 1873 1202 sepe·

702 1233 843 1325 iiretur,
875 1250 922 1304 ne
955 1249 1040 1304 esca
1072 1228 1225 1305 canibus
1262 1227 1460 1303 crudeliter
1494 1227 1734 1321 relinquatur.
1773 1228 1875 1303 Tunc

703 1370 828 1426 comes
854 1369 1119 1446 recognoscens
1145 1368 1247 1441 eum,
1272 1347 1497 1442 stupefactus
1520 1346 1629 1421 dixit:
1655 1346 1767 1441 Vade,
1788 1347 1890 1441 quia·

703 1470 876 1568 patientia
902 1476 966 1545 tua
991 1469 1101 1543 vincit
1125 1467 1298 1543 duritiem
1330 1488 1473 1561 meam;
1505 1474 1543 1541 et
1573 1466 1747 1542 continuo
1778 1469 1875 1542 Mar-

702 1592 855 1669 ciuchus
884 1591 959 1683 ivit,
989 1597 1027 1665 et
1057 1589 1203 1690 tradidit
1236 1588 1353 1661 tiiium
1386 1588 1596 1682 sepulturae.
1631 1588 1723 1662 Dicit
1757 1609 1873 1685 ergo:

702 1735 722 1787 c
747 1716 826 1805 quet
848 1716 897 1787 da
923 1714 1019 1803 Pisa,
1045 1711 1184 1805 supple,
1211 1709 1322 1783 etiam
1349 1700 1503 1805 rogabat
1528 1727 1601 1801 me,
1626 1710 1687 1781 cte
1703 1713 1740 1802 se
1758 1730 1874 1802 parer

703 1834 855 1907 tutuno
881 1838 1075 1906 -Morzucco
1104 1835 1211 1924 sorte,
1236 1828 1274 1901 in
1306 1835 1428 1903 morte
1443 1818 1479 1920 (²)
1515 1827 1627 1923 ipsius
1657 1828 1719 1901 uni
1752 1829 1873 1905 occisi.

704 1954 749 2029 Et
769 1952 933 2047 loquitur
949 1951 995 2025 de
1012 1949 1223 2025 fortitudine
1240 1969 1329 2024 vera
1348 1948 1472 2042 animi,
1494 1968 1568 2022 non
1586 1948 1768 2043 corporis,
1787 1949 1874 2044 quia

702 2095 792 2150 vere
817 2074 875 2148 hic
900 2079 1004 2167 pater
1029 2071 1097 2146 init
1121 2070 1224 2146 fortis
1250 2076 1288 2143 et
1312 2076 1494 2163 constans,
1520 2090 1594 2143 non
1620 2069 1742 2143 minus
1760 2091 1873 2163 quam

701 2194 939 2289 Anaxagoras
962 2191 1207 2287 philosophus,
1226 2190 1289 2283 qui
1319 2190 1461 2264 obitum
1488 2188 1550 2263 iiiii
1575 2190 1723 2285 patienti
1748 2189 1874 2264 auimo

702 2314 795 2389 tulit.
810 2354 859 2367 —
879 2316 962 2387 Vidi.
981 2312 1046 2386 Hic
1071 2318 1180 2407 poeta
1198 2309 1362 2384 nominat
1378 2310 1493 2384 alium
1512 2310 1670 2385 nobilem
1692 2310 1872 2404 spiritum,

700 2434 842 2509 diceus:
862 2432 933 2507 vidi
958 2433 1054 2506 inter
1071 2438 1255 2527 rogantes,
1269 2438 1367 2503 conte
1389 2433 1505 2524 Orco,
1525 2429 1593 2505 iste
1614 2450 1739 2506 comes
1755 2430 1871 2505 Ursus

701 2554 769 2627 iuit
795 2554 889 2627 iilius
914 2551 1056 2627 comitis
1081 2548 1320 2645 Neapoleouis
1350 2548 1396 2623 de
1426 2550 1614 2644 Acerbaia,
1646 2550 1709 2644 qui
1739 2552 1873 2626 acerbe

703 2673 771 2747 iuit
796 2672 1007 2747 interiectus
1032 2670 1134 2746 velut
1164 2690 1275 2743 ursus
1306 2675 1465 2743 tractatu
1494 2669 1637 2744 comitis
1665 2669 1802 2744 Alberti
1827 2670 1874 2745 de

704 2794 883 2890 Mangona
907 2790 1124 2866 consobrini.
1151 2790 1221 2877 Qui
1246 2790 1371 2883 Ursus,
1389 2788 1476 2883 quia
1496 2789 1553 2864 vir
1570 2791 1708 2884 valens,
1726 2789 1874 2885 ponitur

702 2908 845 3010 apoeta
863 2912 899 2985 in
916 2910 1152 3017 purgatorio,
1170 2915 1207 2984 et
1222 2909 1283 2984 iiie
1300 2909 1462 3004 proditor
1481 2910 1590 2985 debet
1601 2900 1641 3002 (³)
1662 2930 1742 2985 esse
1762 2910 1800 2983 in
1817 2910 1873 2982 iu-

703 3034 807 3109 ierno
831 3032 868 3105 in
894 3031 1015 3106 caina.
1043 3030 1087 3103 Et
1112 3029 1307 3104 nominatis
1331 3028 1407 3103 istis
1432 3029 1545 3104 tuscis
1568 3029 1615 3104 de
1633 3030 1746 3124 ltalia,
1765 3035 1873 3123 poeta

704 3155 832 3229 ultimo
849 3152 1079 3227 subanuectit
1099 3149 1299 3245 quemdam
1317 3150 1476 3225 nobilem
1494 3150 1661 3245 spiritum
1679 3149 1726 3224 de
1741 3150 1869 3243 Gallia,

703 3275 848 3371 indigne
879 3274 1096 3346 infamatum
1127 3278 1165 3345 et
1193 3270 1367 3345 occisum.
1403 3270 1454 3343 ud
1487 3269 1593 3344 cuius
1625 3270 1871 3366 cognitionem

701 3396 813 3471 debes
839 3394 943 3487 scire,
970 3392 1068 3488 quod
1094 3392 1162 3465 iste
1187 3389 1333 3485 spiritus
1357 3390 1426 3463 iuit
1450 3389 1600 3483 quidam
1627 3389 1780 3487 gallicus
1804 3409 1873 3463 vo-

702 3522 807 3589 catus
832 3515 963 3589 Petrus
994 3512 1041 3587 de
1072 3511 1106 3586 ia
1131 3510 1294 3603 Broccia,
1321 3509 1471 3583 intimus
1500 3508 1726 3584 consiiiarius
1751 3515 1788 3583 et
1812 3528 1873 3583 se-

702 3634 881 3711 cretarius
907 3632 1056 3728 Philippi
1083 3631 1205 3707 Pnicri
1232 3630 1327 3727 regis
1351 3629 1534 3723 Franciae3
1553 3629 1615 3723 qni
1637 3629 1724 3721 quia
1749 3629 1873 3703 omnia

702 3765 845 3853 poterat
871 3754 906 3827 in
933 3774 1060 3849 regem
1087 3774 1209 3846 suum,
1227 3752 1322 3826 sicut
1338 3752 1470 3825 Petrus
1486 3750 1532 3825 de
1549 3750 1669 3824 Vincis
1689 3750 1786 3845 apud
1803 3750 1873 3826 Fe-

566 3865 568 3869 ’
701 3879 868 3955 dericum
885 3876 916 3947 li
933 3876 1193 3969 imperatorem
1215 3892 1470 3965 romanorum,
1487 3870 1641 3945 incurrit
1661 3871 1787 3945 odium
1804 3892 1873 3945 eu-

703 4000 847 4075 riniium
875 4018 922 4073 ex
948 3994 1099 4089 invidia3
1126 4000 1163 4069 et
1187 3993 1264 4087 ipsa
1289 3991 1414 4088 regina
1434 3991 1599 4086 concepit
1614 4010 1729 4088 grave
1745 3989 1871 4065 odium

701 4128 828 4195 contra
854 4139 953 4211 eum,
975 4136 1087 4210 quem
1108 4113 1165 4187 vir
1190 4134 1280 4187 suus
1298 4119 1440 4186 tautum
1458 4112 1644 4207 diiigebnt3
1663 4111 1761 4185 uude
1781 4111 1872 4185 falso

701 4240 887 4317 accusavit
918 4258 1005 4312 eum
1039 4236 1128 4331 regi,
1160 4233 1259 4329 quod
1288 4234 1484 4328 scripserat
1508 4232 1575 4305 sibi
1605 4231 1727 4306 literas
1758 4251 1872 4307 vene·
1908 4314 1911 4319 .

702 4383 808 4455 reas3
840 4356 1114 4455 propterquod
1141 4376 1207 4429 rer
1234 4354 1341 4428 nimis
1372 4353 1557 4447 credulus,
1589 4353 1710 4427 subito
1739 4373 1872 4429 accen·

701 4503 764 4557 sus
789 4482 843 4555 ira
863 4486 901 4554 et
921 4479 1058 4571 furore,
1079 4475 1164 4551 iecit
1180 4476 1411 4549 innocentem
1430 4474 1562 4547 iniuste
1579 4474 1760 4568 suspendi,
1778 4474 1873 4549 sicut

702 4601 834 4699 iegitur
860 4600 906 4675 de
930 4600 1072 4673 Othone
1098 4597 1334 4691 imperatore,
1357 4595 1420 4689 qui
1445 4594 1530 4671 iecit
1554 4594 1750 4689 decapitari
1777 4594 1872 4669 miti-

701 4729 776 4797 tem
802 4740 913 4794 suum
941 4718 1119 4813 optimum
1146 4716 1235 4791 iaisa
1252 4714 1485 4791 accusatione
1505 4714 1632 4789 uxoris
1652 4735 1739 4820 suae,
1758 4735 1872 4808 quam

702 4841 827 4915 tamen
852 4842 975 4935 postea
1002 4836 1159 4913 cremari
1186 4836 1281 4930 iecit,
1307 4836 1461 4910 veritate
1492 4841 1628 4929 aperta.
1660 4834 1753 4908 Dicit
1782 4854 1890 4932 ergo.

765 5024 791 5085 (¹)
809 5028 863 5083 117,
880 5028 947 5073 essct
962 5024 1099 5074 honestum
1114 5023 1189 5072 etde
1204 5022 1305 5072 honore
1320 5026 1416 5072 restro.

766 5100 793 5163 ι’)
810 5100 840 5150 Ε.
857 5100 883 5151 iu
898 5104 984 5149 morte
1001 5098 1048 5149 otii
1063 5098 1119 5149 eius
1135 5098 1222 5148 occisi.
1436 5096 1464 5161 (¹)
1480 5097 1511 5147 Ε.
1526 5096 1631 5148 dicitur,
