4542 6842
786 994 923 1051 catinus
947 995 1116 1051 ocrnvtts.
1471 990 1543 1055 227

370 1150 467 1220 tem:
499 1148 563 1221 ded
596 1152 727 1239 quanto
761 1144 809 1219 mi
836 1148 984 1239 pinoque
1014 1148 1158 1237 quondo
1186 1152 1218 1219 ta
1246 1148 1318 1220 oidi
1348 1168 1421 1220 soon
1450 1169 1545 1222 esser

369 1268 440 1338 tra'
461 1269 538 1339 rsit
564 1265 667 1361 idest,
693 1265 787 1340 inter
820 1265 1012 1339 damnatos
1046 1263 1083 1338 in
1116 1264 1269 1360 interno,
1301 1286 1385 1340 reos
1416 1267 1544 1341 mortis
1636 1346 1640 1354 ,

369 1392 530 1461 aetemae.
557 1386 634 1461 Hoc
664 1386 751 1460 dicit
787 1384 874 1481 quia
903 1385 1017 1461 Ninus
1049 1384 1156 1459 nimis
1189 1384 1309 1459 iuerat
1343 1395 1544 1483 occupatus

371 1504 470 1582 circa
495 1513 711 1603 potestatem
739 1504 1009 1601 temporalium,
1037 1510 1074 1579 et
1099 1503 1302 1579 bellaverat
1324 1513 1452 1581 eontra
1478 1528 1545 1603 pa·

374 1626 495 1724 triam,
521 1628 626 1703 ideo:
660 1630 756 1702 notio
781 1627 835 1699 dei
856 1628 994 1699 saluar
1020 1631 1077 1698 tro
1102 1628 1164 1697 noi
1192 1627 1225 1697 si
1253 1632 1386 1719 iocoue,
1411 1625 1458 1701 ad
1484 1648 1545 1702 re·

259 1744 266 1758 '
373 1747 582 1823 novandam
607 1747 822 1841 amicitinm3
846 1747 909 1839 poi
932 1736 1113 1837 dimundd,
1150 1744 1211 1818 ilie
1238 1746 1363 1840 Ninus,
1398 1746 1515 1837 want
1527 1744 1547 1820 e'

372 1869 434 1942 cte
458 1876 494 1942 tu
519 1870 640 1942 veruti
663 1888 688 1940 u
717 1860 778 1959 pit?
804 1868 862 1939 dri
890 1872 1016 1957 moad,
1042 1865 1145 1959 idest,
1171 1864 1271 1959 quod
1299 1865 1402 1962 prius
1433 1865 1547 1962 appii-

374 1988 480 2063 cuisti
506 1988 552 2063 ad
577 1988 733 2062 insulam
759 2005 873 2082 prope
894 1990 1058 2059 montem
1084 1984 1299 2082 purgatorii,
1321 1966 1388 2077 par
1412 1988 1444 2058 ie
1468 1989 1547 2058 ton·

374 2115 456 2181 tone
472 2128 593 2201 acque,
611 2106 757 2201 scilicet,
774 2126 797 2180 a
813 2106 920 2181 ianne
946 2106 1122 2203 tyberina.
1141 2105 1417 2202 Imaginabatur
1432 2106 1546 2180 Ninus

375 2227 474 2323 quod
499 2228 634 2301 Dantes
659 2226 817 2301 venisset
841 2225 886 2300 ad
904 2225 1160 2321 purgatorium
1179 2232 1345 2321 portatus
1358 2218 1395 2319 (¹)
1417 2247 1441 2300 a
1461 2226 1546 2300 navi

372 2346 422 2422 ab
446 2346 579 2442 angeio
600 2366 666 2443 per
683 2365 799 2439 mare,
817 2344 910 2419 sicut
926 2352 1115 2420 ostensum
1133 2352 1189 2420 est
1205 2346 1366 2420 secundo
1386 2346 1546 2441 capituto

376 2467 486 2541 huius
499 2467 732 2541 nort-ott
744 2468 881 2540 diss'io.
899 2465 964 2539 Hic
981 2472 1089 2560 poeta
1105 2464 1206 2560 ponit
1224 2465 1495 2559 responsionem
1506 2456 1544 2558 (¹)

373 2587 422 2664 ad
447 2589 595 2682 Ninum,
613 2593 650 2663 et
669 2586 754 2661 dicit
779 2584 877 2680 quod
896 2606 968 2659 non
986 2585 1153 2659 transivit
1172 2604 1238 2681 per
1258 2606 1342 2659 eam
1362 2585 1459 2660 viam
1480 2605 1547 2681 per

376 2730 492 2805 quam
518 2708 651 2783 animae
677 2706 946 2800 detunctorum,
970 2705 1044 2779 imo
1069 2706 1196 2781 vivens
1220 2704 1321 2780 venit
1344 2726 1411 2801 per
1435 2684 1548 2780 inier-

378 2851 481 2905 num.
508 2828 600 2904 Dicit
625 2848 735 2925 ergo:
766 2830 841 2901 ott!
866 2829 995 2901 diss’io
1021 2830 1081 2919 tui,
1106 2826 1252 2920 scilicet,
1278 2826 1328 2899 itti
1352 2826 1456 2919 Nino,
1477 2846 1548 2922 ego

379 2953 483 3025 oanni
512 2958 684 3040 stomcne,
721 2946 807 3041 quia
838 2948 876 3022 in
904 2946 1066 3021 diluculo
1097 2946 1247 3023 intrarit
1279 2946 1549 3042 purgatorium,

380 3078 422 3146 ut
439 3071 555 3167 patuit
572 3069 691 3166 primo
707 3068 867 3163 capitulo
887 3068 996 3141 huius
1012 3058 1062 3163 (³),
1078 3089 1145 3161 per
1160 3075 1260 3141 antro
1277 3070 1292 3139 i
1311 3070 1430 3159 tuopte·
1445 3069 1549 3160 tristi,

376 3190 525 3287 scilicet,
553 3191 733 3265 transiens
757 3209 824 3285 per
854 3190 935 3263 loca
967 3189 1168 3263 infernalia.
1203 3186 1305 3262 Unde
1337 3188 1419 3263 vide
1451 3190 1549 3284 quod

376 3310 474 3386 sicut
497 3312 632 3385 Dantes
661 3329 734 3383 non
768 3308 917 3383 intrarit
948 3308 1132 3383 infernum
1167 3328 1212 3382 eo
1243 3306 1352 3382 modo
1386 3328 1461 3403 quo
1491 3308 1551 3382 alii

377 3431 553 3526 damnati,
571 3430 621 3504 ita
646 3450 719 3504 non
745 3428 892 3503 intravit
917 3427 1174 3523 purgatorium
1197 3447 1244 3502 eo
1268 3427 1378 3502 modo
1399 3448 1474 3521 quo
1490 3426 1553 3501 aiii

378 3552 527 3628 salvati:
546 3559 584 3627 et
603 3551 764 3627 declarat
781 3568 899 3645 quare
916 3569 991 3622 non
1011 3548 1111 3624 venit
1123 3569 1189 3644 per
1201 3548 1299 3623 viam
1314 3568 1388 3641 qua
1403 3547 1551 3642 mortui,

379 3691 468 3746 cum
493 3672 610 3747 addit:
637 3694 656 3744 e
680 3692 767 3745 sono
791 3673 829 3742 in
848 3671 971 3763 prima
988 3671 1074 3759 odo,
1091 3667 1226 3743 scilicet
1254 3668 1457 3761 temporati,
1484 3688 1552 3741 on-

380 3814 458 3887 cor,
493 3794 595 3888 idest,
626 3790 806 3886 quamvis,
837 3791 897 3863 cde
926 3791 1071 3882 sequuti
1101 3792 1245 3879 tolera,
1271 3787 1406 3863 scilicet
1438 3788 1551 3863 vitam

380 3921 573 4007 aeternam,
592 3904 622 3985 si
638 3912 820 4001 undenam,
835 3908 937 4001 idest,
952 3908 1003 3983 sic
1021 3908 1213 4005 purgando
1240 3928 1301 3982 me
1325 3930 1349 3982 a
1374 3908 1469 3982 vitiis
1485 3927 1554 4003 per

382 4034 494 4109 istum
522 4038 684 4107 montem
710 4028 944 4105 laboriosum.
973 4028 1017 4102 Et
1048 4028 1150 4124 ponit
1181 4027 1352 4103 edoctum
1384 4048 1461 4102 suae
1493 4048 1554 4104 re-

380 4152 596 4250 sponsionis,
611 4152 697 4245 quia
710 4156 872 4245 uterque
884 4147 1114 4223 audientium
1127 4150 1351 4245 stupetactus
1364 4155 1419 4223 est
1431 4149 1553 4244 ralde3

385 4273 484 4349 unde
514 4272 623 4347 dicit:
659 4292 678 4343 e
713 4290 809 4343 corne
834 4272 875 4363 st
905 4270 942 4342 to
975 4270 1047 4341 mia
1068 4270 1229 4361 ¹risposto
1263 4270 1373 4359 adito,
1406 4268 1553 4363 scilicet,

382 4393 483 4490 quod
509 4412 613 4467 eram
638 4391 756 4485 rivus,
782 4390 942 4464 Sordelio
959 4411 978 4463 e
998 4390 1079 4481 epti,
1097 4389 1233 4465 scilicet
1252 4389 1378 4485 Ninus,
1405 4389 1468 4483 qui
1488 4388 1555 4464 soii

382 4514 460 4590 duo
485 4513 702 4589 audiverant
732 4513 813 4605 hoc,
839 4509 926 4605 quia
952 4508 1083 4584 audisti
1109 4512 1189 4607 jam
1222 4509 1321 4604 quod
1354 4510 1468 4584 Ninus
1494 4532 1556 4587 re·

383 4640 545 4709 cesserat
569 4653 591 4706 a
616 4632 726 4706 turba
743 4650 910 4724 suorum,
929 4636 967 4704 et
983 4637 1138 4705 venerat
1158 4630 1196 4703 in
1221 4650 1418 4705 occursum
1437 4631 1554 4725 Danti,

385 4748 512 4828 rolens
533 4772 798 4849 recognoscere
823 4750 955 4846 ipsum,
983 4751 1133 4823 indietro
1150 4772 1188 4823 se
1203 4753 1372 4842 raccolse,
1392 4750 1556 4846 percussi

387 4892 522 4970 magno
547 4877 715 4967 stupore;
742 4871 841 4945 unde
866 4869 968 4945 dicit:
994 4877 1214 4962 conceperis
1238 4872 1410 4944 disadito
1434 4888 1555 4943 smar-

449 5055 477 5121 (¹)
493 5058 518 5108 S.
535 5070 551 5107 a
567 5057 598 5107 E.
615 5062 732 5120 portatus
747 5058 774 5107 in
789 5058 856 5107 nari.

450 5132 478 5196 t’t
496 5138 540 5186 1¹7
557 5147 572 5184 e
588 5134 619 5184 Ε.
636 5136 829 5198 responsionem
844 5147 919 5186 susm
934 5134 966 5184 sd
982 5134 1087 5187 Ninum.
1211 5133 1239 5197 (η
1256 5138 1310 5195 m,
1327 5132 1404 5183 auru.
1422 5130 1492 5185 narr,
