4542 6842
809 996 949 1053 caurus
973 998 1157 1054 snrrmus.
1503 990 1575 1057 215

399 1139 587 1235 i'arolum,
612 1147 649 1217 et
673 1142 758 1217 dicit
771 1138 809 1234 (¹)
826 1168 835 1215 ε
853 1149 952 1216 Anco
976 1146 1043 1217 atie
1059 1146 1200 1237 parole,
1220 1144 1437 1238 mordentia,
1455 1166 1575 1219 venno

398 1264 438 1333 ul
460 1264 608 1353 Nosuto,
633 1262 735 1357 idest,
761 1261 807 1338 ad
833 1264 1006 1338 Carolum
1033 1264 1239 1360 prelatum,
1265 1284 1376 1359 quem
1403 1266 1574 1362 superius

399 1381 588 1478 descripsit
613 1404 635 1459 a
662 1383 825 1458 masculo
851 1404 951 1480 naso,
974 1385 1060 1479 quia
1081 1384 1211 1465 babuit
1236 1406 1412 1483 magnum
1439 1407 1573 1466 nasum

398 1508 437 1577 ot
462 1502 604 1577 virilem
629 1504 807 1597 animum,
833 1524 906 1576 non
931 1525 1007 1577 rnen
1033 1506 1121 1578 clr’o
1153 1508 1295 1596 deluo,
1321 1508 1418 1596 Pier,
1444 1526 1572 1604 regem

400 1623 626 1720 drogonum,
655 1625 715 1697 cle
743 1644 810 1697 eon
838 1627 888 1697 lai
915 1632 1034 1715 canto,
1066 1646 1153 1701 cum
1187 1632 1312 1700 tamon
1343 1626 1572 1702 contenderit

399 1762 528 1819 secum
554 1744 590 1817 in
617 1743 691 1818 vita
716 1743 763 1817 de
789 1762 904 1841 regno
929 1742 1058 1819 Sicilie
1083 1753 1263 1840 occupem
1289 1744 1419 1839 abeo,
1445 1752 1484 1821 et
1508 1766 1573 1820 vo

400 1863 497 1939 cavit
522 1883 610 1938 eum
636 1862 871 1958 proditorem,
898 1871 935 1939 et
959 1867 1173 1959 provocavit
1200 1865 1246 1940 ad
1281 1866 1467 1962 singulare
1490 1884 1574 1941 cer·

401 1990 536 2059 tamen
574 1982 646 2058 Sed
686 1983 870 2079 assignato
911 1985 992 2059 loco
1034 1991 1072 2059 et
1113 1991 1291 2080 tempore,
1329 1986 1461 2060 Petrus
1499 2005 1573 2060 uon

399 2104 617 2199 comparuit,
642 2103 804 2201 allegans
829 2104 952 2179 locum
977 2112 1209 2201 suspectum:
1236 2108 1306 2180 boc
1335 2112 1462 2181 autern
1489 2126 1572 2181 cre·

398 2224 497 2299 ditur
529 2224 657 2299 iecisse
687 2224 808 2321 sagaci
838 2224 980 2318 iraude,
1011 2232 1051 2299 ut
1081 2226 1329 2320 interponeret
1344 2217 1380 2319 ξ’)
1410 2232 1571 2320 tempus,

400 2366 475 2439 quo
500 2345 665 2421 firmaret
697 2351 845 2419 statum-
869 2366 980 2419 suum
1013 2347 1048 2419 in
1079 2346 1211 2440 Sicilia,
1240 2346 1334 2421 sicut
1362 2345 1457 2420 lecit.
1484 2346 1570 2420 Vult

398 2484 489 2561 ergo
514 2464 637 2541 dicero
662 2464 866 2540 Sordellus:
894 2464 990 2539 idem
1017 2465 1097 2540 dieo
1123 2465 1171 2539 de
1186 2487 1262 2540 uno
1279 2466 1417 2541 herede
1436 2465 1567 2559 Caroli,

400 2585 598 2680 quodiam
623 2586 697 2659 diri
722 2586 769 2660 de
801 2585 947 2662 duobus
978 2586 1174 2661 herodibus
1204 2587 1322 2681 Petri;
1348 2587 1430 2661 ideo
1458 2587 1565 2661 dicit:

399 2708 502 2795 enda,
523 2705 625 2799 idest,
642 2726 665 2781 a
686 2726 761 2799 quo
778 2706 920 2800 Carolo,
939 2710 1065 2797 Pupio
1082 2728 1102 2779 e
1117 2712 1284 2779 Promo
1302 2696 1364 2797 pid
1387 2710 1419 2780 si
1442 2709 1570 2801 duola,-

401 2830 551 2921 propter
577 2832 734 2899 mortem
761 2826 852 2919 eius,
879 2826 964 2919 quia
995 2826 1102 2901 heres
1132 2824 1268 2920 debilis,
1293 2826 1429 2901 scilicet
1453 2827 1567 2901 Caro-

400 2948 458 3021 lus
483 2946 654 3040 Claudus,
680 2946 855 3021 suecessit
880 2946 945 3021 sibi
970 2946 1008 3021 in
1039 2966 1155 3043 regno
1187 2946 1324 3039 Apuliae
1350 2951 1387 3020 et
1415 2944 1571 3020 Provin-

400 3068 478 3162 clae,
504 3088 668 3161 quorum
695 3066 854 3163 primurn
873 3067 1026 3142 Carolus
1044 3066 1292 3141 vindicaverat
1310 3088 1332 3140 a
1359 3085 1449 3163 rege
1468 3068 1569 3141 llan-

399 3187 513 3281 lredo,
539 3186 743 3261 seeundum
770 3187 952 3261 habuerat
979 3206 1026 3261 ex
1058 3186 1144 3261 dote
1176 3185 1311 3278 uxoris,
1338 3206 1422 3278 quae
1448 3185 1570 3261 iuerat

399 3306 472 3381 lilia
496 3307 702 3401 Raymundi
728 3306 927 3402 beringerii
954 3306 1097 3380 comitis
1124 3305 1334 3398 Provinciae,
1361 3311 1402 3378 ut
1426 3304 1571 3379 dicetur

401 3428 509 3523 plene
532 3426 691 3523 capitulo
716 3428 760 3501 Vl
786 3426 956 3501 Paradisi.
983 3428 1026 3500 ut
1051 3426 1213 3501 declarat
1241 3425 1427 3500 Sordellus
1454 3426 1571 3500 vilita-

400 3555 476 3624 tem
502 3547 647 3623 beredis
671 3546 789 3622 Caroli
817 3559 882 3642 per
907 3567 1020 3621 unam
1043 3545 1355 3641 comparationem
1373 3545 1444 3619 sub
1463 3545 1568 3621 litera

400 3668 487 3743 satis
511 3668 702 3760 intricata3
729 3673 767 3741 et
791 3667 870 3741 vult
894 3666 1157 3741 sententialiter
1180 3666 1315 3759 dicere,
1333 3666 1432 3758 qood
1457 3664 1571 3739 Caro-

398 3789 457 3863 lus
482 3787 642 3863 Claudus
668 3792 723 3862 est
747 3793 849 3861 tanto
875 3787 980 3861 vilior
1009 3794 1124 3882 patre,
1151 3792 1289 3880 quanto
1319 3787 1451 3861 Petrus
1479 3786 1572 3860 Ara-

397 3930 538 4006 gouum
556 3915 612 3983 est
630 3908 759 3981 melior
778 3906 856 3979 liliis
876 3906 961 3981 suis.
980 3906 1072 3981 uicit
1096 3927 1211 4003 ergo:
1238 3914 1334 3981 tento
1359 3902 1382 3981 e*
1401 3909 1460 3979 del
1481 3926 1573 3979 senne

398 4048 463 4103 suo
488 4032 606 4103 minor
637 4032 674 4103 lu
702 4030 842 4120 pionte,
868 4026 970 4123 idest,
995 4026 1091 4103 lilius
1116 4027 1207 4121 eius,
1232 4027 1296 4121 qui
1322 4028 1425 4100 velut
1448 4028 1571 4122 planta

399 4147 584 4223 descondit
609 4168 656 4223 cx
683 4146 823 4223 semine
847 4148 970 4242 patris,
997 4152 1098 4223 tanto
1132 4147 1253 4220 minor
1286 4156 1342 4222 est
1374 4145 1412 4219 in
1445 4145 1569 4241 probi-

399 4274 474 4343 tate
499 4274 535 4341 et
561 4266 709 4360 virtute,
734 4274 864 4360 monto
892 4270 1085 4355 Gosmnzo,
1115 4286 1201 4360 quae
1230 4265 1350 4340 luerat
1376 4264 1448 4339 lilia
1474 4264 1571 4360 regis

399 4390 584 4483 llanlredi,
614 4389 661 4465 do
697 4410 771 4483 qua
801 4389 908 4483 plene
940 4388 1079 4462 dictum
1115 4394 1171 4461 est
1198 4388 1357 4483 capitulo
1382 4386 1428 4458 lll
1462 4386 1571 4460 buius

398 4510 492 4604 libri,
518 4515 556 4586 di
583 4513 713 4584 modo
742 4528 855 4583 aecor
878 4512 909 4582 si
936 4514 1057 4594 voum,
1083 4508 1186 4601 idest,
1210 4506 1392 4603 gloriatur
1416 4507 1464 4581 de
1489 4526 1567 4581 me-

398 4629 489 4705 liore
515 4630 660 4723 marito,
686 4628 831 4722 scilicet,
860 4627 982 4701 donno
1013 4628 1123 4701 Petro
1156 4625 1414 4718 valentissimo,
1440 4632 1571 4719 puncto

395 4746 458 4845 piel
480 4753 540 4825 clte
565 4753 724 4824 Baebioe
748 4771 768 4822 e
791 4751 1004 4840 Murpuritu.
1032 4748 1112 4822 lstae
1138 4748 1223 4821 duoe
1241 4754 1348 4822 eraut
1373 4767 1491 4820 nurus
1515 4745 1571 4819 di·

398 4878 466 4947 ctoe
493 4870 723 4962 constantiae,
749 4870 865 4945 altera
890 4888 987 4941 uror
1017 4867 1126 4942 donni
1151 4866 1287 4961 lacobi,
1312 4868 1430 4942 altera
1462 4864 1573 4941 donni

462 5058 490 5121 (¹)
507 5063 560 5117 117,
578 5058 725 5123 dicitquod
741 5058 862 5108 similiter
877 5056 955 5106 babet
970 5056 1209 5119 degenerationem
1226 5054 1294 5107 unm
1309 5054 1380 5105 dicit.

462 5135 489 5199 (¹)
506 5136 537 5187 Ε.
554 5136 772 5199 interponeretur.
