4542 6842
703 968 774 1036 tto
1062 974 1267 1032 corrnnrun
1290 976 1515 1032 nuuenronu

700 1145 775 1200 non
809 1129 997 1221 oporteret
1031 1127 1119 1197 tnnc
1148 1122 1280 1200 timere
1310 1122 1603 1198 diminutionem.
1637 1123 1681 1202 Et
1712 1092 1874 1220 assignat

700 1264 850 1320 causam
876 1242 1019 1320 dicens:
1045 1240 1118 1336 old,
1136 1242 1239 1338 idest,
1259 1243 1359 1338 quia,
1379 1247 1523 1318 timeon
1538 1247 1684 1336 possode
1701 1251 1799 1319 nnn
1812 1240 1876 1337 put

698 1367 737 1440 di
766 1365 862 1458 tanc,
894 1371 1024 1457 quanto
1057 1367 1089 1438 si
1117 1367 1193 1438 dice
1217 1358 1280 1457 pio
1308 1371 1444 1456 nostro,
1478 1363 1583 1459 idest,
1614 1372 1756 1458 quanto
1787 1372 1874 1440 sunt

699 1485 824 1582 plures
848 1504 1087 1582 possessores,
1114 1477 1151 1576 tt,
1170 1484 1264 1559 idest
1288 1484 1325 1560 io
1350 1485 1456 1560 ooelo.
1482 1483 1567 1560 Ideo
1591 1485 1750 1560 ostendit
1773 1485 1874 1580 quod

699 1625 789 1681 vera
814 1610 850 1680 et
875 1605 1036 1702 perlecta
1054 1604 1188 1680 caritas
1204 1603 1351 1680 inimica
1368 1604 1512 1679 inridiae
1528 1604 1629 1701 riget
1649 1604 1710 1699 ibi,
1727 1605 1873 1682 diceus:

699 1721 801 1819 cpitl
825 1729 864 1800 dt
887 1729 1034 1800 commta
1057 1728 1148 1798 artie
1171 1729 1210 1799 in
1233 1728 1316 1817 quel
1340 1727 1505 1818 emoroo,
1530 1724 1677 1821 scilicet,
1703 1726 1741 1800 in
1765 1727 1872 1802 coelo.

699 1846 753 1922 llx
771 1844 846 1920 istis
863 1851 962 1942 patet
981 1845 1067 1920 satis
1083 1844 1281 1920 declaratio
1303 1852 1341 1920 et
1356 1846 1478 1942 glossa
1493 1846 1589 1922 illius
1609 1851 1744 1922 textus.
1757 1885 1809 1900 -·-
1820 1848 1873 1920 lo.

699 1968 804 2042 Nunc
829 1974 937 2063 poeta
954 1959 989 2059 (¹)
1017 1965 1168 2062 Virgilio
1199 1973 1324 2040 movet
1354 1987 1470 2042 uuam
1503 1967 1758 2062 questionem,
1789 1987 1874 2061 quac

699 2087 893 2162 videbatur
918 2085 985 2160 sibi
1009 2084 1098 2161 oriri
1125 2105 1172 2160 er
1198 2085 1446 2162 declaratione
1465 2086 1560 2162 lacta
1579 2107 1646 2182 per
1667 2086 1873 2184 Virgilium,

697 2205 840 2282 dicens:
872 2208 1023 2280 diss’t'o:
1053 2225 1120 2279 son
1143 2201 1209 2298 ptt
1241 2209 1404 2298 dotato,
1435 2205 1539 2300 idest,
1568 2205 1687 2302 magis
1719 2227 1875 2299 vacuus,

696 2329 731 2402 cl’
744 2348 839 2401 esser
862 2333 1035 2418 eonardo,
1060 2326 1166 2420 quasi
1191 2326 1306 2402 dicat:
1332 2346 1416 2400 sum
1448 2326 1572 2402 minus
1601 2333 1799 2402 contentus
1824 2349 1874 2405 ex

696 2447 932 2544 responsione
950 2453 1025 2541 tua,
1043 2449 1103 2520 cllo
1118 2450 1192 2520 s'io
1207 2450 1257 2522 uti
1268 2450 1364 2541 some
1375 2450 1462 2543 pria
1478 2451 1619 2539 lacinto,
1632 2447 1737 2542 idest,
1756 2469 1873 2543 qnam

696 2569 826 2643 sinon
852 2567 1047 2644 movissem
1078 2567 1143 2644 tibi
1172 2567 1350 2664 dubtnm3
1376 2569 1463 2662 quia
1494 2568 1612 2644 lactus
1636 2591 1720 2644 sum
1753 2571 1872 2667 magis

696 2689 830 2766 dubius
855 2708 968 2783 quam
995 2695 1119 2764 certus
1144 2708 1193 2764 ex
1219 2688 1340 2763 verbis
1364 2689 1448 2764 tuis
1475 2689 1578 2766 Unde
1600 2689 1707 2764 dicit:
1725 2712 1745 2762 c
1755 2687 1821 2784 ptul
1836 2693 1875 2764 dt

698 2812 823 2886 motio
839 2813 932 2884 nella
948 2817 1058 2884 meno
1082 2801 1227 2902 aduno;
1252 2816 1291 2884 et
1314 2829 1403 2886 ecce
1427 2810 1632 2904 quomodo:
1657 2833 1754 2886 come
1768 2822 1874 2905 puoto

697 2953 791 3007 cosor
816 2933 867 3006 clt’
880 2953 927 3005 un
952 2932 1016 3004 den
1040 2932 1223 3006 modulo
1246 2934 1284 3006 t'n
1298 2927 1360 3025 piel
1370 2934 1582 3032 porscditor·
1589 2934 1707 3025 soccia
1723 2929 1785 3026 pitl
1799 2937 1873 3007 n'c·

697 3054 752 3126 cll
776 3054 814 3126 αἱ
836 3072 886 3142 sc,
912 3053 972 3124 olto
995 3073 1033 3124 sc
1056 3054 1105 3125 da
1119 3053 1224 3144 poeti
1238 3044 1482 3144 ammodum?
1498 3052 1623 3128 Gratia
1643 3052 1873 3148 exemplizsi

697 3171 817 3248 habeo
842 3191 975 3265 panem
1001 3171 1060 3246 vel
1086 3191 1239 3266 pomum
1260 3191 1401 3265 meum,
1415 3177 1451 3248 et
1471 3171 1594 3265 ipsum
1611 3172 1732 3248 divido
1750 3173 1786 3246 in
1807 3173 1873 3250 dc-

696 3312 780 3368 cem
806 3299 929 3387 partes
945 3298 983 3366 et
999 3291 1178 3366 distribuo
1194 3290 1291 3366 inter
1306 3291 1435 3366 decem
1454 3293 1631 3387 homines,
1654 3313 1777 3368 nonne
1796 3315 1867 3390 ego

697 3412 745 3488 lio
770 3413 980 3508 pauperior,
1006 3419 1043 3488 et
1069 3433 1129 3487 res
1145 3431 1212 3507 por
1229 3411 1463 3509 partitionem
1488 3413 1639 3508 suscipit
1653 3405 1691 3507 (²)
1709 3415 1870 3490 diminu-

696 3533 834 3610 tionem
845 3538 861 3608 t
872 3574 922 3588 -
935 3539 980 3608 ct
1002 3536 1068 3606 elli.
1094 3533 1161 3608 llic
1185 3538 1294 3629 poeta
1310 3533 1412 3628 ponit
1429 3535 1705 3630 responsionem
1719 3535 1869 3633 Virgilii,

697 3654 759 3749 qni
786 3654 905 3750 primo
929 3653 1089 3750 assignat
1114 3673 1267 3728 causam
1292 3653 1404 3728 huius
1427 3653 1673 3730 dannationis
1695 3655 1798 3731 Unde
1814 3655 1873 3730 di·

696 3773 764 3850 cit:
785 3779 828 3848 Et
842 3775 899 3848 elli
914 3795 938 3846 α
955 3795 1021 3866 mc,
1041 3773 1181 3870 supple,
1207 3773 1378 3870 Virgilius
1399 3773 1509 3848 dixit:
1524 3771 1695 3867 percocta*
1717 3783 1752 3850 tu
1775 3778 1873 3868 rilla-

696 3896 750 3970 ctt
765 3897 802 3968 lo
820 3899 941 3983 mena,
957 3893 1062 3987 idest,
1080 3893 1167 3988 quia
1183 3899 1224 3967 tn
1243 3893 1400 3968 milectis
1416 3894 1745 3971 considerationem
1765 3915 1872 3972 men-

698 4015 753 4108 tis,
767 4035 857 4108 pure
873 4017 941 4088 alle
957 4033 1035 4088 cose
1059 4006 1210 4105 torm,
1227 4034 1311 4108 quum
1336 4020 1423 4088 snut
1446 4015 1650 4111 corporalia
1665 4007 1716 4110 (³),
1740 4020 1871 4110 drapte-

696 4136 751 4210 cti
775 4135 922 4225 umbre,
949 4134 1051 4228 idest,
1076 4133 1191 4210 trahis
1215 4133 1491 4229 dubitationem,
1509 4138 1548 4210 dt
1563 4157 1650 4210 vcro
1666 4139 1753 4228 luce,
1770 4156 1817 4213 eu
1831 4125 1870 4228 (⁴)

695 4253 850 4331 veritate
875 4273 961 4348 qum
983 4260 1039 4330 est
1064 4253 1199 4330 clarior
1224 4253 1319 4347 lnce,
1344 4254 1374 4328 si
1400 4253 1608 4332 redectores
1633 4263 1797 4333 mentem
1822 4256 1872 4332 ad

694 4381 835 4452 omma
859 4374 1069 4470 spiritualia.
1096 4377 1141 4448 Et
1164 4373 1328 4450 declarat
1344 4375 1414 4450 hoc
1431 4375 1478 4450 dc
1494 4375 1592 4450 bono
1609 4375 1786 4471 spirituali
1804 4396 1872 4472 per

697 4517 810 4572 unam
837 4497 1152 4592 comparationem
1177 4495 1339 4571 nobilem
1363 4503 1401 4570 et
1426 4495 1588 4591 claram,
1611 4503 1650 4572 et
1677 4498 1761 4573 dicit
1785 4501 1872 4576 bro-

695 4616 801 4710 riter,
820 4615 919 4711 quod
939 4616 1038 4692 Deus
1055 4616 1106 4691 ita
1123 4615 1280 4691 inuadit
1296 4615 1440 4692 radium
1456 4637 1538 4692 sna
1556 4617 1687 4714 gratia
1706 4619 1744 4692 in
1765 4639 1872 4694 meo·

663 4823 667 4836 ¹
695 4743 771 4814 tem
797 4735 966 4830 hominis,
991 4737 1085 4811 sicut
1110 4737 1164 4810 sol
1191 4735 1335 4812 radium
1360 4757 1440 4812 snae
1465 4737 1557 4812 lucis
1588 4737 1626 4810 in
1658 4738 1871 4834 speculum,

695 4859 757 4934 sed
784 4858 864 4953 plus
890 4864 927 4932 et
953 4857 1076 4930 minus
1101 4856 1305 4932 secundum
1333 4858 1571 4953 capacitatem
1603 4857 1868 4954 recipientium.

758 5043 784 5105 υ)
799 5043 831 5094 a
848 5049 923 5108 poen
938 5049 1026 5094 um
1042 5043 1160 5109 virgum
1366 5043 1394 5107 (¹)
1411 5047 1441 5096 rc
1458 5049 1558 5110 respa„

758 5119 832 5180 t'tR
849 5121 1011 5184 tempor-lin
1368 5122 1704 5186 (cummunione
