4542 6842
823 975 961 1030 caurus
987 975 1129 1030 ruimus.
1517 965 1564 1030 tt

392 1117 503 1192 etiam
529 1139 550 1190 a
577 1119 683 1193 simili
709 1119 746 1192 in
772 1119 865 1194 mari
893 1120 1008 1194 siculo
1034 1120 1151 1194 insula
1168 1119 1319 1194 Vulcani
1337 1120 1471 1195 dicitur
1487 1141 1569 1196 esse

392 1259 509 1311 unum
536 1240 670 1313 ostium
699 1239 840 1334 inierni,
862 1242 949 1335 quia
974 1260 1021 1315 ex
1047 1261 1087 1315 se
1113 1241 1245 1316 emittit
1269 1241 1430 1316 tonitrua
1453 1249 1491 1318 et
1512 1241 1568 1315 iu·
1701 1295 1709 1310 „

391 1358 530 1452 cendia,
557 1360 594 1432 in
622 1381 733 1455 quem
761 1363 883 1436 locum
917 1361 1041 1436 anima
1066 1362 1280 1438 Theudorici
1311 1363 1407 1458 regis
1435 1364 1568 1458 gotho-

393 1499 477 1555 rum
501 1480 576 1555 visa
598 1492 654 1558 est
670 1481 836 1580 demergi
858 1482 1004 1558 cuidam
1024 1489 1150 1556 sancto
1167 1483 1343 1556 eremitae.
1361 1483 1424 1556 Est
1439 1491 1565 1557 autern

246 1641 251 1653 ·
390 1620 500 1694 poeua
521 1602 722 1697 purgatorii
741 1603 954 1696 durissima,
982 1625 1065 1676 nam
1088 1602 1315 1697 Augustinus
1340 1603 1377 1676 in
1402 1602 1563 1696 quodam

390 1743 563 1798 sermone
582 1723 667 1796 dicit
689 1723 787 1816 quod
805 1723 864 1797 illc
890 1723 981 1818 ignis
1007 1729 1061 1798 est
1078 1723 1206 1797 durior
1223 1744 1334 1818 quam
1362 1723 1563 1816 quicquam

254 1825 258 1838 ’
370 1824 587 1936 'poenarum
613 1841 650 1914 in
676 1844 745 1916 hoc
771 1842 906 1916 saeoulo
932 1842 1013 1935 quis
1038 1843 1149 1936 possit
1174 1843 1315 1935 audire,
1341 1841 1478 1936 ridere,
1507 1842 1565 1915 vel

391 1962 564 2056 cogitare.
600 1963 653 2036 Ex
689 1963 743 2036 his
775 1982 865 2057 ergo
905 1963 1092 2037 evidenter
1129 1968 1281 2056 apparet
1316 1961 1416 2056 quod
1453 1967 1565 2036 autor

391 2080 562 2155 describit
588 2081 645 2154 hie
670 2082 791 2156 locum
818 2083 1020 2178 purgatorii
1039 2082 1238 2156 moraliter.
1256 2084 1301 2156 Et
1323 2081 1451 2156 ultimo
1474 2081 1565 2156 Cato

390 2201 451 2276 dat
477 2201 626 2275 tertium
654 2208 692 2275 et
717 2202 886 2275 ultimum
914 2201 1179 2278 documentum
1204 2201 1397 2298 optimum,
1418 2202 1563 2276 dicens:

386 2325 509 2414 pescia
534 2341 606 2393 non
631 2323 686 2394 sia
710 2323 748 2394 di
772 2341 843 2414 pua
867 2329 989 2395 vostro
1012 2325 1165 2424 reddito,
1186 2322 1273 2415 quia
1291 2325 1403 2397 homo
1421 2323 1565 2418 ingrcs-

389 2461 452 2514 sus
475 2441 745 2537 purgatorium,
771 2440 862 2515 idest
887 2443 1150 2536 poententiam,
1177 2464 1250 2516 non
1274 2443 1384 2518 debet
1405 2443 1561 2538 amplius

389 2561 509 2636 redire
544 2582 674 2636 versus
705 2562 900 2656 internum,
929 2563 1030 2654 idest,
1063 2563 1160 2656 vitia,
1186 2583 1208 2636 a
1239 2563 1374 2656 quibus
1400 2563 1559 2639 recessit.

389 2682 432 2754 Et
465 2683 660 2776 respondet
691 2683 882 2777 quaestioni
909 2684 1037 2776 tacitae,
1064 2683 1150 2776 quia
1181 2689 1303 2778 posset
1327 2684 1450 2759 dicere
1480 2685 1563 2758 Vir-

387 2801 520 2897 gilius:
547 2807 583 2876 et
609 2801 691 2894 quis
716 2801 848 2899 diriget
873 2823 940 2878 nos
965 2803 1001 2876 in
1018 2803 1114 2876 viem
1142 2802 1317 2876 virtutis?
1342 2803 1560 2900 respondet:

389 2924 424 2994 lo
448 2924 513 3012 sol,
531 2924 590 2994 cltc
605 2943 711 3013 sorge
736 2927 844 3014 omui,
870 2924 961 2998 idest
986 2923 1109 3017 incipit
1129 2923 1219 2997 oriri
1239 2928 1318 3018 post
1334 2924 1559 3017 Luciferum,

389 3045 424 3114 oi
448 3033 621 3116 mostrerd
634 3047 790 3136 prender
811 3047 846 3117 lo
863 3051 989 3135 monle,
1008 3045 1109 3138 idest,
1129 3044 1253 3118 radius
1274 3043 1405 3118 divinae
1431 3046 1560 3140 gratiae

388 3163 451 3256 qui
477 3164 596 3238 oritur
621 3164 658 3238 in
684 3165 867 3240 intellectu
895 3165 1023 3242 talium
1052 3165 1236 3239 viatorum
1268 3164 1434 3240 ostendet
1461 3165 1562 3239 vobis

386 3280 547 3356 arduum
573 3283 642 3358 iter
668 3283 822 3357 virtutis.
853 3287 897 3359 Et
925 3285 1032 3360 dicit:
1065 3306 1090 3356 o
1119 3280 1181 3377 piri
1214 3287 1299 3357 liene
1327 3288 1445 3375 solito,
1471 3285 1563 3359 idest

283 3471 286 3480 Δ
387 3404 543 3499 carpetis
569 3412 744 3499 montem,
765 3406 825 3479 ubi
848 3406 1037 3481 invenictis
1063 3406 1161 3480 viam
1188 3397 1560 3480 faciliorem-cosi.

386 3525 490 3599 Nunc
516 3532 623 3620 poeta
644 3525 796 3600 intendit
812 3526 1005 3601 ostendere
1023 3527 1181 3620 qualiter
1197 3525 1369 3620 Virgilius
1386 3525 1562 3620 adimple·

386 3645 480 3718 verit
505 3651 687 3739 praecepta
712 3646 857 3719 Catonis
882 3665 971 3742 erga
996 3666 1052 3737 se;
1078 3652 1115 3719 et
1140 3645 1260 3740 primo
1285 3645 1441 3720 ostendit
1466 3665 1561 3739 quo-

386 3765 496 3838 modo
522 3765 783 3859 praeparaverit
812 3785 852 3840 sc
885 3765 932 3839 ad
966 3765 1211 3860 recipiendam
1242 3765 1465 3860 disciplinam
1501 3763 1559 3837 sui

385 3883 497 3958 ducis.
525 3885 627 3959 Unde
652 3884 867 3961 continuans
892 3884 986 3959 dicta
1018 3885 1188 3978 dicendis,
1213 3885 1321 3963 dicit:
1347 3877 1419 3958 cosi
1446 3876 1559 3977 spond,

385 3999 520 4078 scilicet
545 4004 605 4079 ille
630 4006 730 4099 Cato,
757 4013 789 4079 et
816 4008 851 4078 io
882 4026 923 4078 su
956 4008 1004 4078 mi
1036 4009 1138 4096 tevai,
1173 4006 1259 4099 quia
1290 4005 1411 4098 primo
1440 4004 1560 4078 stabat

385 4145 497 4219 super
521 4145 644 4221 genua
670 4147 736 4200 sua
764 4133 978 4200 reverenter
1003 4133 1090 4200 ante
1116 4127 1303 4219 Catonem,
1329 4145 1439 4198 senza
1466 4145 1559 4216 por-

384 4248 474 4336 lore,
500 4219 697 4339 expectans
723 4246 830 4320 tacite
848 4253 884 4320 et
904 4251 1043 4320 attente
1060 4245 1148 4340 quid
1172 4244 1248 4318 dux
1274 4251 1370 4320 esset
1394 4252 1558 4337 acturus,

384 4373 511 4439 etutto
542 4370 591 4438 mi
619 4369 761 4438 norme·
795 4369 833 4439 ol
861 4369 952 4440 duco
987 4369 1070 4456 mio,
1104 4365 1191 4458 quia
1220 4365 1402 4440 contraxit
1429 4383 1559 4438 omnes

325 4479 327 4484 ’
384 4485 482 4560 vires
515 4484 665 4559 rationis
698 4486 735 4558 in
770 4505 885 4558 unum
922 4485 1099 4559 meditans
1133 4485 1230 4559 circa
1269 4504 1407 4557 norum
1443 4503 1555 4576 onus,

384 4604 482 4678 uude
506 4603 614 4677 dicit:
640 4626 658 4676 e
682 4607 733 4695 pli
751 4606 848 4677 occdi
868 4625 892 4676 a
909 4607 957 4678 lui
972 4607 1126 4694 drtzzot,
1144 4603 1249 4697 quasi
1267 4602 1452 4678 dicerem:
1470 4621 1557 4678 eece

383 4747 446 4800 me
471 4732 640 4820 paratum
668 4725 790 4800 lacere
815 4725 1027 4800 obedienter
1052 4725 1176 4798 omnia
1197 4725 1386 4818 imperata.
1405 4724 1448 4796 Et
1467 4743 1556 4797 cou-

385 4847 489 4921 tinuo
513 4846 702 4942 subiungit
726 4853 951 4941 praeceptum
978 4845 1126 4940 Virgilii,
1148 4846 1291 4920 dicens:
1317 4848 1350 4918 ei
1373 4839 1554 4934 comiuod,

383 4967 520 5042 scilicet
544 4968 604 5042 ille
626 4966 793 5063 Virgilius
811 4966 922 5060 coepit
937 4965 1060 5040 dicere
1077 4966 1315 5061 praeceptive:
1332 4967 1430 5056 septi
1444 4966 1459 5036 i
1474 4966 1554 5036 nuo·

381 5091 493 5182 possi,
520 5087 605 5180 quia
631 5087 660 5160 si
686 5107 831 5182 semper
857 5091 1007 5160 secutus
1031 5105 1071 5160 es
1099 5106 1167 5182 per
1193 5086 1389 5179 infernum,
1416 5087 1554 5178 quanto
