4542 6842
714 968 784 1037 300
1073 981 1277 1037 munerun
1302 983 1525 1038 rnnonroau

710 1132 998 1203 etum-Come.
1017 1128 1086 1201 lsta
1105 1135 1160 1202 est
1178 1129 1283 1205 tertia
1300 1129 1437 1224 petitio,
1456 1129 1585 1222 inqua
1604 1129 1763 1224 petimus
1784 1130 1884 1224 quod

710 1269 775 1323 nos
800 1248 936 1323 directe
960 1248 1072 1349 ducat
1096 1248 1143 1321 ad
1169 1270 1338 1345 regnum.
1365 1251 1409 1324 Et
1434 1251 1480 1324 ad
1507 1250 1617 1324 huius
1638 1250 1753 1326 literae
1774 1250 1883 1325 intel·

709 1368 894 1465 ligentiam
922 1369 1004 1443 volo
1032 1376 1067 1443 te
1094 1376 1233 1463 notare,
1259 1370 1358 1464 quod
1388 1370 1483 1443 istud
1513 1370 1650 1444 dietum
1684 1371 1883 1465 exponitur

709 1487 953 1563 diversimode
976 1510 999 1562 a
1025 1488 1169 1563 multis:
1196 1510 1272 1563 uno
1298 1490 1418 1584 modo,
1436 1497 1478 1563 ut
1496 1510 1561 1586 per
1586 1491 1723 1565 ooelurn
1750 1490 1883 1565 intelli·

709 1630 775 1706 gas
798 1610 951 1705 justum,
979 1630 1044 1703 per
1069 1617 1207 1682 terram
1234 1616 1483 1704 peecatorem,
1501 1610 1565 1684 sed
1588 1609 1793 1684 seeundum
1812 1611 1882 1685 hoe

710 1730 854 1805 videtur
872 1730 971 1825 quod
998 1731 1076 1803 lraeo
1101 1730 1224 1823 petitio
1251 1728 1369 1803 solum
1391 1730 1585 1824 protioeret
1608 1731 1881 1825 peecatoribus:

710 1851 871 1925 secrrudo
898 1850 1018 1943 modo,
1045 1857 1087 1923 ut
1118 1870 1185 1944 per
1211 1850 1347 1924 ooelum
1380 1850 1603 1945 intelligatur
1631 1850 1791 1945 spiritus,
1816 1870 1883 1945 per

712 1981 848 2048 terram
877 1992 1026 2065 eorpus:
1056 1970 1162 2045 tertio
1189 1970 1309 2062 modo,
1337 1977 1379 2043 nt
1403 1990 1470 2065 per
1494 1970 1630 2043 eoelum
1656 1970 1882 2065 intelligatur

710 2093 884 2184 Christus
911 2112 977 2186 per
1004 2098 1142 2165 terram
1169 2090 1352 2184 Ecclesia,
1383 2091 1433 2165 ita
1467 2099 1509 2164 ut
1533 2091 1578 2164 sit
1607 2112 1746 2184 sensus,
1783 2091 1881 2185 quod

709 2213 803 2288 sieut
828 2212 991 2286 Christus
1018 2212 1100 2285 lecit
1126 2212 1353 2285 voluntatem
1379 2212 1507 2306 Patris,
1530 2212 1579 2286 ita
1605 2212 1668 2286 liat
1693 2213 1731 2285 iu
1757 2212 1882 2287 Eoole-

709 2332 781 2426 sia3
807 2331 859 2406 sie
885 2331 1071 2426 tripliciter
1096 2331 1196 2426 ponit
1220 2331 1464 2427 Augustinus:
1485 2340 1620 2426 quarto
1640 2332 1750 2406 modo
1767 2352 1882 2427 expo-

709 2453 761 2526 nit
787 2452 1032 2546 Hieronymus
1057 2451 1119 2543 sio,
1147 2458 1188 2524 ut
1213 2451 1400 2544 quomodo
1433 2452 1554 2548 angeli
1587 2452 1771 2547 inculpate
1799 2472 1882 2525 ser-

708 2573 812 2648 viunt
838 2571 900 2646 tibi
926 2571 962 2643 in
988 2572 1094 2665 coelo,
1113 2570 1161 2644 ita
1188 2578 1226 2645 et
1251 2593 1317 2644 nos
1339 2572 1401 2645 tibi
1422 2572 1628 2647 serviamus
1645 2573 1681 2645 in
1704 2580 1824 2664 terra,
1844 2578 1882 2645 et

710 2694 804 2767 hane
837 2691 1098 2787 expositionem
1135 2693 1346 2788 Hieronymi
1384 2694 1552 2786 sequitur
1572 2686 1608 2785 (¹)
1643 2695 1803 2767 Thomas
1835 2692 1883 2767 de

710 2814 865 2907 Aquino,
890 2834 1002 2907 quem
1030 2820 1136 2907 poeta
1171 2820 1294 2888 noster
1324 2813 1501 2907 sequitur.
1529 2813 1621 2887 llicit
1645 2834 1747 2910 ergo,
1773 2813 1878 2887 istam

710 2934 919 3029 petitionem
947 2933 1157 3007 declarans:
1183 2954 1279 3005 nome
1302 2934 1360 3007 del
1380 2939 1445 3006 tuo
1470 2936 1568 3005 nour
1592 2936 1643 3024 pti
1666 2936 1784 3024 angeli
1808 2936 1882 3006 oroi

707 3058 773 3149 sao
798 3056 970 3146 sacrificio
1001 3074 1024 3127 a
1055 3061 1099 3144 te,
1125 3054 1185 3127 eui
1211 3053 1473 3128 dedicaverunt
1506 3060 1621 3127 totam
1651 3052 1879 3129 voluntatem

708 3174 754 3250 ad
776 3173 1021 3265 serviendum,
1040 3176 1217 3246 cantando
1239 3178 1398 3264 Osanna,
1416 3172 1516 3266 quod
1541 3173 1637 3248 idem
1656 3179 1762 3248 sonat
1779 3173 1877 3268 quod

706 3292 882 3386 salvifica3
903 3286 975 3365 cosi
995 3297 1159 3387 succinae
1184 3296 1235 3384 pti
1258 3296 1389 3367 nomini
1407 3296 1562 3382 desum
1580 3292 1792 3387 scilicetne
1814 3314 1881 3368 ro-

708 3414 907 3489 luntatibus
933 3413 1018 3488 suis.
1045 3414 1088 3490 ur
1113 3414 1175 3488 hie
1200 3421 1296 3508 nota,
1321 3416 1450 3507 lector,
1466 3414 1566 3508 quod
1582 3413 1714 3508 aliquis
1736 3414 1793 3488 hio
1810 3413 1880 3487 du-

706 3534 844 3627 bitabit,
871 3555 989 3627 quare
1014 3555 1087 3607 non
1113 3534 1203 3607 dixit
1228 3534 1392 3608 Christus
1416 3541 1555 3627 aperte,
1581 3534 1677 3607 sicut
1702 3533 1738 3607 iu
1763 3555 1880 3630 ange·

707 3655 750 3729 lis
776 3655 824 3729 ita
850 3661 888 3728 et
913 3655 949 3728 in
975 3654 1194 3728 homiuibus.
1223 3654 1275 3728 Ad
1298 3654 1397 3748 quod
1414 3653 1667 3748 respondetur,
1685 3653 1784 3747 quod
1805 3674 1878 3729 non

706 3795 835 3849 omues
861 3775 981 3870 angeli
1014 3775 1152 3849 laniunt
1179 3775 1404 3849 voluntatem
1431 3773 1508 3867 liei,
1533 3773 1598 3847 sed
1624 3773 1879 3848 tantummodo

707 3896 771 3989 qui
797 3895 834 3967 in
859 3895 961 3969 coelis
986 3902 1092 3989 sunt;
1111 3915 1179 3968 nee
1200 3914 1331 3969 omnes
1356 3894 1521 3967 homines
1546 3893 1684 3967 iaciunt
1710 3894 1880 3967 volunta·

708 4022 783 4089 tem
811 4014 887 4108 Dei,
913 4016 1001 4108 quia
1026 4036 1099 4089 non
1124 4014 1307 4106 damnati;
1326 4034 1399 4087 non
1416 4005 1451 4104 ρ’)
1478 4012 1589 4088 etiam
1616 4034 1682 4108 pro
1708 4014 1879 4087 omnibus

706 4134 916 4209 hominibus
940 4155 1104 4227 oramus,
1122 4134 1209 4228 quia
1235 4155 1307 4207 non
1334 4154 1400 4228 pro
1427 4133 1553 4226 beatis,
1570 4133 1635 4207 sed
1653 4154 1719 4227 pro
1741 4134 1795 4207 iris
1815 4135 1880 4228 qui

705 4255 744 4328 in
771 4262 870 4329 terra
895 4255 1232 4345 sunt-Dn'oppi.
1259 4254 1329 4328 lsta
1355 4260 1410 4328 est
1435 4261 1567 4347 quarta
1594 4254 1729 4348 petitio,
1750 4254 1786 4327 in
1804 4274 1878 4347 qua

706 4375 864 4471 petimus
891 4376 1177 4450 instrumentum
1205 4382 1242 4449 et
1266 4395 1449 4471 organum
1471 4374 1570 4467 quod
1588 4375 1685 4448 valet
1708 4374 1755 4448 ad
1783 4375 1879 4449 obti-

706 4498 868 4572 nendum
895 4518 1075 4593 regnum3
1093 4505 1130 4572 et
1146 4499 1216 4570 hoc
1237 4496 1483 4593 multiplieiter
1501 4496 1707 4590 exponitur,
1730 4496 1877 4589 seilicet,

704 4618 751 4693 de
777 4638 871 4713 pane
896 4617 1085 4713 spirituali,
1103 4616 1359 4692 sacramentali
1384 4622 1421 4691 et
1446 4615 1645 4712 corporali:
1663 4622 1700 4690 et
1725 4636 1792 4711 per
1811 4638 1879 4711 pa·

706 4758 789 4813 nem
830 4738 1064 4835 intelligimus
1102 4736 1225 4812 omnia
1264 4737 1469 4812 necessaria
1508 4736 1593 4811 vitae
1631 4739 1799 4833 praesenti
1839 4746 1878 4813 et

705 4859 869 4931 humano
894 4858 1032 4951 vietui3
1058 4866 1096 4931 et
1120 4855 1205 4931 dicit
1230 4863 1411 4951 nostrum,
1438 4863 1479 4930 ut
1503 4858 1672 4932 ostendat
1696 4855 1795 4950 quod
1820 4858 1877 4931 ri-

768 5115 797 5181 (¹)
812 5118 842 5165 lt.
858 5118 974 5182 seqnitur
991 5118 1080 5169 beatus
1096 5118 1218 5169 Thomna.
1412 5116 1440 5181 (⁸)
1456 5123 1510 5180 tlt,
1527 5132 1576 5170 nee
1590 5119 1669 5169 ettam
1685 5130 1743 5181 pro.
