4542 6842
641 1003 645 1012 ·
692 965 739 1032 34
1051 974 1256 1028 conburunt
1282 973 1500 1026 runcrronn

690 1141 808 1215 quare
821 1121 909 1194 Cato
927 1139 1001 1192 nou
1019 1117 1139 1212 potius
1153 1117 1376 1212 procurabat
1392 1115 1599 1190 interlicere
1611 1117 1730 1210 primo
1744 1117 1862 1213 ipsum

691 1248 900 1337 tyrannum,
928 1238 1135 1322 sicutffllecit‘
1148 1239 1286 1310 Brutus
1301 1257 1419 1333 gener
1439 1237 1532 1330 eius,
1554 1237 1618 1330 qui
1645 1239 1762 1312 multo
1785 1261 1865 1314 ma·

688 1359 897 1456 gnanimior
923 1359 1061 1432 Catone
1086 1357 1206 1452 primo
1231 1357 1412 1431 interfecit
1434 1356 1629 1450 Caesarem,
1656 1358 1786 1432 deinde
1809 1359 1864 1431 vi-

691 1481 806 1555 riliter
832 1479 1018 1576 pugnavit,
1044 1485 1082 1552 et
1114 1478 1265 1552 demum
1297 1498 1337 1551 se
1367 1476 1558 1570 interfecit,
1585 1499 1631 1552 ne
1658 1479 1798 1553 veniret
1826 1478 1864 1551 iu

691 1623 824 1676 manus
854 1599 1058 1675 crudelium
1089 1599 1261 1692 bostium,
1294 1600 1342 1671 ita
1379 1597 1479 1691 quod
1513 1597 1641 1671 babuit
1668 1599 1861 1693 justiorem

692 1742 843 1796 causam
869 1719 1054 1794 occidendi
1079 1740 1119 1794 se
1145 1741 1258 1813 quam
1285 1720 1385 1792 Cato.
1403 1718 1525 1791 Caesar
1546 1717 1644 1791 euim
1672 1724 1861 1812 tamquam

694 1841 909 1915 naturaliter
942 1840 1114 1932 clemens,
1149 1839 1261 1915 etiam
1295 1838 1332 1911 in
1365 1838 1443 1932 ipso
1474 1837 1609 1912 ardore
1633 1837 1717 1912 belli
1751 1839 1864 1912 civilis

692 1961 841 2056 optabat
866 1960 1021 2034 salutem
1041 1959 1203 2033 duorum
1224 1959 1461 2053 optimorum,
1484 1957 1619 2032 scilicet
1639 1956 1785 2032 Catonis
1805 1981 1866 2032 sa·

693 2079 915 2176 pientissimi,
938 2087 975 2154 et
1000 2078 1186 2154 Ciceronis
1201 2076 1507 2171 eloquentissimi3
1525 2083 1564 2150 et
1580 2083 1682 2152 certe
1699 2077 1866 2153 Ciceroni

692 2199 996 2274 clementissimus
1018 2199 1095 2290 luit,
1114 2198 1173 2271 cui
1200 2205 1281 2291 post
1297 2197 1438 2272 cladem
1457 2195 1685 2272 thessalicam
1704 2198 1864 2293 scripsit:

693 2324 813 2392 Marce
844 2322 943 2408 lulli,
969 2321 1051 2390 bene
1076 2339 1222 2410 sperare
1247 2317 1410 2407 tejaoeo.
1433 2317 1549 2390 Morte
1573 2324 1698 2391 autem
1721 2317 1867 2392 Catonis

692 2440 828 2533 audita,
860 2439 977 2532 inquit
1007 2439 1151 2514 Gaesar:
1188 2442 1278 2509 Coto
1304 2440 1427 2510 tractlltt
1454 2440 1580 2528 ptortae
1609 2459 1708 2528 nwoe,
1742 2447 1867 2530 clepo

692 2581 764 2634 sue
794 2564 942 2633 tondeo.
975 2561 1017 2632 Et
1049 2545 1179 2633 tamen*
1199 2558 1338 2632 Tullius
1372 2578 1437 2653 per
1472 2558 1607 2632 multos
1635 2579 1751 2634 anuos
1780 2568 1867 2635 autc

693 2680 835 2754 dixerat
860 2680 1086 2754 contrarium
1113 2680 1160 2754 de
1186 2685 1306 2753 morte
1332 2678 1552 2770 voluntaria,-
1575 2679 1621 2751 Vl
1649 2680 1696 2753 de
1726 2701 1769 2755 re
1797 2703 1867 2775 pu·

694 2800 798 2874 blica.
825 2801 964 2874 Seneca
990 2807 1114 2874 autem
1148 2799 1362 2872 mirabiliter
1377 2791 1413 2890 (¹)
1446 2799 1681 2873 commendat
1696 2791 1732 2892 (²)
1766 2821 1867 2876 mor-

694 2929 770 2996 tem
788 2921 947 3016 Catonis,
962 2927 999 2995 et
1024 2921 1225 2995 inclinatio
1245 2919 1462 2994 sententiam
1486 2921 1614 2993 mortis
1631 2922 1865 2997 uoluntariae:

694 3043 758 3116 sed
783 3049 885 3116 certe
911 3043 1026 3116 multa
1052 3041 1267 3116 benedicta
1292 3061 1361 3114 sua
1387 3042 1457 3113 boc
1484 3060 1558 3114 uno
1584 3040 1680 3115 male
1695 3040 1792 3118 dicto
1813 3042 1867 3116 ui-

696 3162 764 3234 mis
790 3161 991 3236 enormiter
1018 3161 1214 3235 maculavit
1230 3151 1279 3252 (³).
1306 3160 1364 3234 Sic
1395 3180 1486 3256 ergo
1515 3161 1619 3255 peius
1644 3161 1728 3235 lecit
1752 3183 1865 3255 quam

695 3281 844 3374 Tullius,
859 3283 945 3375 quia
960 3281 1182 3356 tolerabilius
1196 3287 1251 3354 est
1263 3300 1431 3362 errorem
1446 3301 1639 3374 excusare,
1654 3303 1765 3374 quam
1785 3283 1868 3356 lau-

694 3403 794 3477 dare.
822 3402 1047 3499 Augustinus
1073 3423 1163 3476 vero
1182 3401 1319 3496 justius
1350 3408 1386 3474 et
1417 3401 1541 3474 uerius
1572 3407 1730 3476 mortem
1761 3402 1866 3476 istam

695 3523 845 3596 damnat
870 3530 906 3596 et
932 3529 1092 3616 accusat,
1118 3522 1238 3616 primo
1263 3520 1309 3596 de
1335 3521 1488 3595 Civitate
1513 3521 1589 3614 Dei,
1611 3521 1709 3596 circa
1734 3522 1869 3617 princi-

695 3642 810 3737 pium,
836 3643 1024 3737 eleganter
1049 3641 1237 3736 disputans
1261 3646 1389 3714 contra
1409 3660 1497 3714 eum
1520 3635 1644 3714 m'ultis
1662 3642 1869 3736 persuasio·

696 3762 803 3836 uibus
828 3761 944 3836 claris.
971 3761 1096 3834 Omnis
1122 3762 1220 3834 enim
1248 3761 1306 3835 lex
1335 3769 1409 3833 tam
1436 3761 1598 3834 bumana
1616 3781 1728 3854 quam
1747 3761 1868 3836 diviua

697 3881 864 3976 prohibet
889 3881 1125 3955 homicidium
1154 3881 1243 3954 ficri.
1265 3879 1302 3952 Si
1328 3880 1440 3975 igitur
1457 3901 1531 3952 uon
1548 3880 1632 3954 licet
1648 3881 1786 3955 bomini
1804 3901 1869 3955 oc·

697 4002 819 4076 cidere
844 4003 1043 4096 bominem,
1071 4003 1188 4075 multo
1214 4002 1336 4075 minus
1366 4021 1440 4074 non
1470 4001 1554 4074 licet
1582 4001 1749 4077 occidere
1764 3990 1801 4094 (⁴)
1828 4023 1869 4078 se

697 4122 909 4214 bominem3
935 4122 1017 4196 ideo
1044 4123 1176 4196 merito
1201 4121 1352 4215 quidam
1379 4120 1447 4194 viri
1472 4121 1652 4216 sapientes
1675 4121 1783 4196 amici
1800 4123 1870 4198 (la-

699 4243 792 4316 tonis
818 4243 911 4316 istud
933 4235 969 4334 (⁵)
997 4244 1134 4318 lactum
1168 4264 1241 4318 non
1271 4243 1527 4336 laudaverunt,
1559 4243 1734 4336 quoniam
1768 4245 1868 4318 nullo

699 4363 808 4438 modo
833 4364 922 4437 Cato
952 4373 1060 4458 turpe
1085 4363 1263 4459 judicavit
1293 4362 1419 4437 vivere
1450 4362 1520 4435 sub
1545 4363 1691 4437 Caesare
1718 4362 1868 4438 victore

698 4484 773 4558 Cur
794 4483 891 4557 enim
911 4483 978 4556 luit
994 4491 1102 4558 autor
1120 4483 1223 4556 istius
1244 4481 1477 4576 turpitudinis
1493 4482 1682 4557 carissimo
1699 4483 1773 4557 tilio
1790 4503 1869 4578 sua

699 4604 758 4678 cui
785 4603 957 4698 praecepit
983 4611 1024 4678 ut
1048 4604 1171 4678 omnia
1198 4603 1244 4677 de
1269 4601 1421 4676 Caesaris
1438 4602 1662 4698 benignitate
1680 4609 1870 4697 speraret?

700 4723 736 4797 Si
762 4723 858 4798 enirn
886 4725 1094 4817 Torquatus
1112 4723 1343 4798 laudabiliter
1359 4721 1490 4797 occidit
1507 4721 1634 4814 lilium,
1654 4723 1738 4795 licet
1756 4721 1872 4797 ricto-

762 4937 789 4998 (Ι)
807 4939 860 4994 117,
878 4935 1020 4986 moraliter.
1350 4935 1378 4996 (Ἴ
1394 4935 1421 4985 S.
1437 4936 1600 4986 condemnat.

762 5011 790 5074 (⁸)
807 5013 837 5061 E.
854 5012 994 5063 macularit
1009 5028 1049 5064 se:
1065 5028 1139 5078 ergo.
1349 5013 1377 5076 (⁸)
1393 5013 1419 5064 S.
1436 5014 1555 5064 occidere
1570 5025 1613 5074 κς
1630 5013 1697 5063 idco.

763 5090 789 5152 (³)
806 5092 860 5148 117,
877 5102 930 5140 nou
945 5089 1013 5141 istud
1030 5091 1209 5144 laudaverunt.
