4542 6842
733 933 754 998 2
1034 921 1037 927 '
1095 941 1300 998 conamus
1325 945 1546 1001 ruaonronu

731 1089 858 1182 raudo,
885 1108 952 1161 nec
970 1093 1122 1182 possunt
1140 1087 1280 1162 intrare
1304 1091 1574 1186 purgatorium,
1597 1090 1660 1164 sed
1685 1089 1733 1164 ad
1758 1097 1905 1185 tempus

730 1217 816 1287 sunt
840 1208 1176 1302 circumvagantes3
1194 1213 1233 1282 et
1248 1207 1315 1282 ista
1333 1230 1419 1304 pars
1434 1210 1544 1284 durat
1562 1209 1745 1304 usquead
1762 1230 1903 1285 nonum

729 1330 941 1427 capitulum.
969 1327 1135 1402 Secunda
1161 1347 1257 1423 pars,
1284 1329 1419 1404 scilicet
1447 1331 1716 1428 purgatorium,
1742 1331 1904 1406 continet

729 1453 832 1526 inse
857 1456 996 1546 septem
1022 1467 1160 1545 genera
1185 1456 1434 1545 peccatorum,
1460 1452 1524 1546 qui
1556 1459 1764 1548 purgantur
1793 1473 1815 1526 a
1844 1471 1904 1525 se-

729 1581 828 1671 ptem
854 1569 1011 1668 peccatis
1043 1569 1259 1644 mortalibus
1292 1571 1329 1644 iu
1354 1578 1494 1666 septem
1525 1572 1732 1669 gironibus;
1764 1581 1801 1648 et
1835 1571 1903 1646 ista

730 1695 887 1769 durata
914 1711 1010 1764 nono
1035 1689 1194 1784 capitulo
1221 1711 1340 1783 usque
1368 1691 1414 1764 ad
1446 1691 1666 1787 vigesimum
1692 1693 1901 1787 septimum.

731 1813 851 1888 Tertia
868 1831 965 1906 pam,
982 1809 1117 1882 scilicet
1137 1809 1487 1905 postpurgatorium,
1505 1811 1664 1884 continet
1691 1811 1901 1906 paradisum

731 1931 958 2022 deliciarum,
977 1929 1040 2002 ubi
1065 1935 1172 2024 poeta
1196 1928 1368 2002 describit
1384 1930 1575 2004 ecclesiam
1593 1931 1660 2004 Dei
1685 1931 1902 2005 militantem

731 2061 769 2130 et
794 2053 949 2150 primam
976 2049 1240 2144 apparitionem
1270 2049 1455 2144 beatricis,
1481 2057 1519 2124 et
1543 2049 1653 2124 durat
1677 2071 1699 2123 a
1725 2051 1904 2148 vigesimo

730 2173 886 2269 septimo
912 2168 1094 2264 usquead
1120 2167 1243 2240 linem.
1262 2169 1427 2242 Primum
1445 2169 1646 2263 capitulum
1666 2171 1903 2265 prohemiale‚

617 2287 624 2302 '
731 2302 807 2369 tam
821 2291 942 2366 nobile
955 2310 1067 2384 quam
1081 2288 1238 2382 difficile,
1249 2289 1387 2362 babens
1404 2289 1441 2361 in
1455 2309 1495 2364 se
1507 2310 1636 2383 passus
1650 2290 1773 2384 fortes
1788 2297 1905 2386 potest

729 2415 890 2490 breviter
919 2411 1027 2486 dividi
1061 2411 1097 2482 in
1128 2415 1289 2503 quatuor
1319 2415 1441 2505 partes
1469 2412 1682 2506 generales3
1718 2411 1756 2485 in
1787 2411 1905 2507 prima

729 2556 890 2631 quarum
913 2541 1021 2628 poeta
1046 2550 1153 2604 more
1169 2551 1237 2604 suo
1255 2531 1422 2626 proponit
1438 2538 1476 2604 et
1497 2530 1652 2605 invocat.
1678 2534 1717 2605 ln
1744 2530 1904 2606 secunda

730 2653 900 2730 describit
926 2659 1071 2746 tempus
1097 2670 1288 2724 amoenum
1316 2670 1392 2745 quo
1424 2650 1570 2746 inooepit
1585 2643 1621 2744 (¹)
1656 2653 1725 2726 boc
1755 2673 1902 2725 sacrum

731 2798 823 2872 opus
840 2782 877 2850 et
895 2772 1154 2867 inspectionem
1175 2771 1269 2863 coeli,
1288 2777 1324 2844 et
1342 2771 1588 2846 venerabilem
1610 2772 1800 2847 custodem
1817 2794 1904 2848 san-

730 2896 777 2970 cti
804 2895 884 2988 loci,
910 2891 974 2987 qui
999 2890 1083 2964 iacit
1108 2890 1161 2964 eis
1185 2890 1327 2983 aliquas
1351 2891 1553 2985 petitiones,
1572 2889 1640 2964 ibi:
1666 2895 1775 2965 Dotcc
1792 2896 1902 2965 color.

731 3017 771 3090 ln
796 3013 903 3090 tertia
928 3011 1089 3111 ostendit
1110 3011 1297 3106 quomodo
1314 3009 1485 3107 Virgilius
1508 3013 1703 3107 respondet
1727 3014 1774 3087 ad
1800 3035 1904 3108 qure-

731 3134 798 3208 sita
823 3133 872 3206 illi
898 3131 1069 3228 portario,
1096 3137 1133 3204 et
1158 3129 1248 3225 petit
1272 3130 1462 3205 introitum
1487 3131 1536 3204 ab
1560 3152 1618 3227 eo,
1643 3133 1712 3205 ibi:
1738 3137 1788 3206 to
1813 3137 1904 3207 duco

731 3257 810 3328 mio.
838 3257 878 3327 ln
903 3259 1035 3348 quarta
1062 3257 1099 3326 et
1125 3250 1252 3324 ultima
1278 3251 1435 3326 ostendit
1459 3253 1646 3345 quomodo
1671 3261 1794 3328 custos
1819 3274 1905 3349 per·

730 3397 861 3451 suasus
886 3371 1052 3448 concedit
1077 3371 1145 3445 sibi
1165 3371 1385 3468 ingressum,
1402 3373 1518 3446 eldat
1534 3374 1704 3467 quaedam
1723 3379 1906 3469 praecepta

731 3496 922 3589 servanda,
941 3493 1007 3567 ibi:
1026 3496 1182 3566 Marzta.
1201 3492 1290 3566 nliae
1307 3499 1393 3566 suut
1410 3493 1599 3587 particulae
1612 3495 1798 3590 speciales,
1812 3515 1906 3590 quas

730 3617 922 3715 assignabo
942 3615 1051 3710 juxta
1077 3611 1228 3687 modum
1256 3613 1404 3687 solitum
1423 3613 1662 3688 discurrendo
1687 3635 1754 3709 per
1779 3616 1906 3711 singu-

731 3739 794 3813 las.
821 3736 875 3811 Ad
899 3736 1060 3832 primum
1088 3735 1200 3831 igitur
1229 3733 1380 3808 veniens
1408 3734 1489 3808 dico
1519 3735 1618 3828 quod
1648 3743 1756 3831 poeta
1785 3738 1905 3832 primo

730 3857 900 3955 proponit
921 3847 982 3949 (²):
1017 3854 1186 3950 proponit
1219 3853 1397 3949 siquidem
1433 3855 1626 3928 materiam
1665 3855 1904 3930 dicendorum

731 3979 829 4054 circa
860 3997 971 4072 quam
1008 3975 1125 4071 aperit
1152 3973 1388 4050 intentionem
1419 3995 1546 4049 suam:
1571 3985 1609 4052 et
1632 3975 1794 4052 breviter
1819 3977 1906 4052 dicit

731 4099 831 4194 quod
856 4097 1002 4172 animus
1027 4097 1107 4170 eius
1131 4095 1335 4190 disponitur
1359 4102 1397 4169 et
1421 4103 1621 4190 apparatur
1640 4081 1687 4171 ad
1712 4099 1902 4173 meliorem

732 4217 926 4293 materiam
952 4214 1241 4309 describendam,
1268 4235 1380 4309 quam
1397 4215 1524 4290 lecerit
1544 4217 1747 4312 bucusque.
1769 4218 1905 4292 Ordlna

731 4338 875 4413 literam
902 4337 973 4411 sic:
992 4341 1044 4409 Lo
1068 4337 1239 4408 nomcetto
1256 4338 1314 4408 det
1328 4339 1398 4408 mro
1413 4339 1578 4429 iopepoo,
1596 4335 1699 4431 idest,
1716 4337 1904 4434 ingenium

731 4480 871 4553 meum,
896 4456 996 4552 quod
1021 4462 1077 4532 est
1102 4462 1278 4550 tanquam
1306 4455 1497 4551 navicula3
1523 4461 1561 4530 et
1581 4456 1666 4531 dicit
1690 4457 1907 4532 diminutive

733 4579 899 4655 navicula
926 4578 1067 4653 ratione
1092 4576 1292 4652 honestatis
1317 4583 1355 4650 et
1380 4576 1605 4670 humilitatis,
1631 4577 1719 4671 quia
1740 4578 1908 4674 pervenit

731 4699 778 4774 ad
811 4699 1004 4774 materiam
1038 4698 1228 4772 humilem.
1263 4697 1356 4770 Nam
1389 4696 1550 4772 meando
1580 4699 1740 4793 capitulo
1771 4697 1906 4774 Inferni

733 4820 867 4895 iaciens
897 4819 1164 4894 invocationem
1194 4839 1302 4892 suam
1332 4817 1423 4892 dixit
1452 4817 1539 4924 satis
1569 4819 1751 4913 superbe:
1781 4841 1803 4891 o
1832 4823 1905 4896 otto

794 5070 821 5134 (¹)
837 5071 863 5121 s.
879 5071 978 5133 incipit.
1228 5069 1319 5133 (biit
1334 5081 1351 5119 e
1367 5069 1398 5120 lt
1414 5071 1537 5133 proponit
1550 5069 1678 5135 siquidem
1694 5072 1840 5122 mutarim.
