4542 6842
704 923 751 990 te
1066 931 1270 987 comedumt
1295 933 1516 986 nunocronu

705 1099 745 1154 se
769 1079 815 1153 ad
842 1086 1002 1171 terram;
1028 1077 1078 1151 ita
1104 1084 1213 1150 autor
1238 1077 1300 1171 qui
1328 1077 1468 1170 primus
1483 1069 1519 1168 (¹)
1546 1082 1627 1150 emt
1653 1083 1761 1149 natus
1784 1077 1879 1150 inter

707 1211 848 1277 montes
869 1208 905 1274 ct
922 1221 1010 1274 saxa
1032 1199 1133 1273 velut
1153 1217 1314 1292 quercus
1330 1199 1414 1289 alta,
1431 1198 1526 1271 dura
1550 1204 1588 1271 et
1613 1197 1760 1290 nodosa,
1780 1217 1879 1271 nunc

705 1321 822 1394 induit
847 1319 1102 1411 humilitatem,
1129 1326 1168 1392 et
1191 1317 1289 1392 dedit
1315 1327 1418 1413 terga
1450 1323 1577 1391 contra
1603 1317 1781 1410 impetum
1812 1317 1878 1390 ad-

705 1461 912 1535 versorum,
933 1447 970 1516 et
995 1439 1095 1514 venit
1122 1439 1169 1512 ad
1199 1439 1436 1512 habitandum
1462 1440 1584 1514 locum
1611 1437 1774 1532 planum,
1806 1439 1878 1512 sci·

705 1561 789 1636 licet
813 1563 1038 1654 Ravennam,
1059 1559 1232 1633 recedens
1250 1581 1271 1632 a
1288 1566 1398 1654 gente
1415 1558 1574 1652 superba
1594 1578 1761 1652 snorum,
1782 1558 1877 1633 sicut

700 1683 779 1778 jam
807 1681 939 1756 totiens
955 1681 1031 1776 ipse
1050 1680 1150 1754 dixit.
1168 1681 1214 1753 Et
1229 1679 1291 1753 dat
1307 1679 1511 1753 seeundum
1522 1669 1564 1769 (ἲ)
1581 1679 1761 1772 optimum
1779 1699 1876 1772 prae·

704 1811 866 1898 ceptum,
891 1803 1037 1877 dicens:
1064 1823 1082 1873 e
1106 1803 1167 1873 cire
1188 1803 1240 1891 pli
1263 1802 1336 1872 lovi
1357 1801 1386 1871 ii
1404 1801 1490 1889 viso,
1509 1797 1610 1891 idest,
1629 1799 1758 1872 taciem
1781 1799 1873 1892 eius,

703 1917 734 1997 si
757 1927 889 2014 roone
909 1925 1102 1996 sncmdunre
1127 1923 1248 2012 puindi
1270 1922 1399 2010 stinpa,
1424 1919 1526 2012 idest,
1554 1927 1594 2010 ut
1619 1919 1814 2015 extinguas
1838 1926 1876 1993 et

702 2065 886 2140 expurges
910 2044 958 2116 ab
984 2063 1029 2117 eo
1054 2063 1202 2115 omnem
1230 2040 1376 2114 sordem
1404 2039 1589 2112 vitiomm.
1612 2039 1751 2114 Dicitur
1776 2039 1874 2113 enim
1979 2051 1985 2062 '

699 2165 917 2238 sucidumen
931 2186 953 2238 a
967 2183 1068 2255 suco,
1084 2169 1120 2235 et
1137 2161 1298 2256 assignat
1315 2179 1464 2233 causam
1484 2159 1594 2231 buius
1610 2159 1733 2232 diceus
1748 2183 1757 2230 :
1775 2159 1873 2252 quod

699 2306 772 2359 non
799 2291 895 2359 esset
911 2283 1131 2358 conveniens
1158 2281 1257 2375 quod
1275 2279 1374 2352 visus
1391 2278 1548 2352 loedatus
1570 2277 1663 2351 vitiis
1682 2277 1874 2352 accederet

699 2405 745 2480 ad
775 2411 1012 2500 conspectum
1041 2401 1168 2497 Angeli
1199 2399 1360 2491 bomini3
1392 2398 1490 2471 unde
1514 2397 1621 2471 dicit:
1652 2395 1714 2472 cii
1739 2418 1813 2470 non
1843 2402 1876 2470 si

700 2529 886 2599 conoerrio
901 2513 933 2597 'l’
946 2527 1063 2597 occino
1088 2525 1249 2614 sorpriso
1274 2522 1309 2593 d’
1323 2523 1451 2592 alcuna
1476 2519 1612 2606 mitio,
1638 2519 1741 2611 idest,
1766 2519 1873 2595 intel-

701 2649 837 2722 lectum
864 2647 1045 2720 fuscatum
1065 2644 1188 2736 aliqua
1210 2641 1356 2715 macula
1377 2638 1561 2732 vitiorum,
1583 2642 1702 2711 orrdor
1726 2641 1874 2711 dinanzi

701 2771 741 2841 al
760 2771 877 2861 primo
903 2769 1075 2854 ministre,
1101 2763 1203 2855 idest,
1228 2761 1275 2835 ad
1301 2760 1530 2855 praesentiam
1557 2758 1667 2854 primi
1698 2757 1873 2852 officialis,

701 2885 793 2963 cb’de
805 2891 843 2960 di
858 2889 936 2978 paci
952 2889 989 2959 di
998 2886 1187 2978 paradise,
1201 2882 1287 2977 quia
1305 2901 1402 2953 unus
1420 2878 1580 2984 Angelus
1592 2878 1694 2952 sedet
1710 2899 1821 2972 supra
1833 2869 1872 2970 (³)

699 3014 804 3104 porta
831 3006 907 3081 veri
941 3003 1154 3100 purgatorii,
1185 3009 1313 3076 tenens
1347 3000 1480 3089 claves,
1514 2999 1649 3092 quibus
1674 2998 1809 3072 claudit
1834 3005 1873 3072 et

696 3129 813 3223 aperit
839 3133 981 3222 portam
1009 3124 1199 3198 fortiorem
1225 3143 1337 3215 quam
1364 3120 1431 3194 ista
1457 3120 1513 3212 sit,
1541 3121 1602 3194 ubi
1631 3126 1702 3193 stat
1727 3121 1816 3193 Cato
1835 3119 1870 3191 in

698 3249 845 3321 introitu
873 3243 1163 3340 antipurgatorii.
1187 3242 1251 3314 llic
1268 3247 1392 3314 autem
1410 3240 1571 3336 Angelus
1592 3240 1728 3335 figurat
1745 3259 1884 3313 sacerr

696 3369 818 3442 dotem
845 3366 892 3440 de
918 3385 992 3458 quo
1017 3363 1160 3437 dicetur
1186 3362 1292 3455 plene
1315 3381 1414 3434 nono
1431 3361 1602 3454 capitulo.
1622 3360 1692 3433 Sed
1712 3360 1770 3432 hic
1795 3357 1871 3432 ori·

698 3496 758 3562 tur
785 3507 857 3560 una
883 3483 1078 3558 dubitatio:
1106 3480 1252 3555 ridetur
1272 3480 1369 3554 enim
1388 3463 1613 3574 quod'poeta
1629 3479 1696 3552 sibi
1721 3484 1869 3553 contra-

696 3608 802 3699 dicat,
829 3593 923 3699 quia
940 3605 977 3676 in
1003 3601 1176 3697 praedicto
1192 3600 1352 3694 capitulo
1376 3600 1490 3695 finget
1509 3599 1608 3693 quod
1625 3599 1694 3672 iste
1710 3599 1871 3694 Angelus

697 3727 880 3822 insignivit
905 3723 971 3797 sibi
1004 3727 1142 3815 septem
1169 3723 1207 3815 P,
1234 3721 1324 3794 idest
1355 3727 1494 3814 septem
1526 3727 1675 3814 peccata
1703 3718 1871 3793 mortalia

697 3847 734 3922 in
759 3847 889 3940 fronte,
915 3865 1000 3940 quae
1026 3851 1151 3940 postea
1177 3845 1253 3938 ipse
1278 3843 1488 3938 singulatim
1516 3843 1687 3939 purgabit
1712 3863 1778 3938 per
1796 3843 1871 3916 sin-

695 3968 804 4063 gulos
838 3965 1004 4040 circulos
1038 3964 1232 4051 Quomodo
1263 3983 1354 4058 ergo
1383 3964 1442 4038 bic
1473 3964 1681 4058 praecipitur
1706 3963 1869 4038 lanaria

697 4085 846 4182 Virgilio
877 4093 919 4160 ut
948 4085 1099 4159 accedat
1135 4091 1325 4179 purgatus
1343 4084 1389 4157 ad
1421 4084 1632 4179 Angelum?
1665 4083 1867 4157 Dicendum

696 4207 858 4282 breviter
883 4206 981 4301 quod
1012 4211 1119 4300 poeta
1145 4205 1241 4278 bene
1266 4209 1302 4278 et
1327 4205 1507 4278 subtiliter
1537 4205 1607 4278 boc
1636 4203 1754 4300 lingit3
1782 4224 1867 4276 nam

697 4349 761 4423 per
787 4329 856 4401 boc
879 4327 942 4400 dat
968 4325 1114 4422 intelligi
1143 4324 1242 4418 quod
1263 4325 1374 4398 bomo
1394 4324 1573 4398 contritus
1589 4324 1636 4398 de
1661 4325 1776 4419 culpis
1793 4324 1871 4397 suis

694 4449 731 4522 in
755 4449 880 4523 animo
897 4468 975 4541 suo,
997 4447 1118 4521 statim
1145 4452 1202 4520 est
1232 4445 1423 4518 absolutus
1454 4444 1488 4515 in
1516 4451 1712 4539 conspecto
1740 4445 1868 4518 aeterni

694 4569 845 4662 ludicis3
872 4575 910 4642 et
935 4575 1057 4642 tamen
1084 4567 1113 4639 si
1139 4566 1250 4640 habet
1275 4571 1421 4660 tempus
1442 4571 1478 4638 et
1496 4566 1617 4638 locum
1636 4565 1746 4638 debet
1761 4585 1869 4638 acce-

694 4687 783 4764 dere
806 4687 851 4762 ad
878 4688 1105 4762 sacerdotem
1131 4686 1177 4760 ad
1204 4684 1467 4760 contessionem
1499 4685 1700 4758 laciendam
1727 4691 1765 4758 et
1783 4707 1870 4779 poe-

697 4807 883 4882 nitentiam
917 4806 1181 4900 suscipiendam
1202 4793 1260 4897 (ἥς
1286 4805 1368 4879 ideo
1400 4804 1490 4878 dixit
1521 4805 1684 4880 Christus
1719 4805 1869 4899 leprosis

757 4995 786 5057 (¹)
802 4995 826 5044 S.
843 5008 859 5044 o
875 4994 905 5044 li.
923 4995 1002 5058 prius.
1362 4993 1389 5055 (¹)
1406 4994 1437 5043 E.
1453 4995 1596 5043 secundum
1612 4998 1780 5055 praeccptnm.

759 5069 786 5133 (¹)
802 5071 1025 5134 asoporponam
1036 5073 1089 5122 reri
1099 5071 1313 5135 paradisitenens.
1361 5070 1387 5132 (⁸)
1405 5075 1474 5122 tlte
1484 5071 1514 5121 Ε.
1523 5069 1657 5121 humiliter
1668 5071 1868 5134 suscipiendam.
