4542 6842
735 1004 873 1061 caurus
899 1008 1058 1063 uncinus
1083 1008 1278 1064 sncunnus.
1519 998 1589 1065 343

416 1154 583 1221 emona
606 1148 709 1241 dello,
734 1150 870 1225 scilicet
893 1152 1048 1249 angelus
1073 1152 1135 1247 qui
1161 1153 1243 1247 plus
1274 1151 1384 1226 habet
1411 1152 1458 1229 de
1487 1154 1590 1244 simi-

416 1266 570 1343 litudine
595 1269 806 1364 pulcerrimi
824 1270 1008 1347 Creatoris
1028 1271 1172 1347 caeteris
1196 1271 1387 1346 creaturis.
1406 1272 1449 1345 ut
1474 1274 1590 1371 tangit

415 1387 512 1462 illius
536 1388 748 1484 puritatem,
766 1389 908 1465 diceus:
926 1393 1050 1465 manco
1066 1395 1201 1482 vestito,
1219 1399 1262 1465 ut
1274 1392 1354 1487 jam
1372 1392 1508 1467 dixitll
1525 1416 1589 1469 ca-

414 1509 531 1605 pitulo
557 1509 666 1585 huius
692 1510 794 1606 libri3
821 1518 858 1586 et
885 1512 998 1609 tangit
1022 1512 1260 1607 luciditatem,
1285 1512 1428 1589 dicens:
1454 1536 1473 1588 e
1497 1519 1591 1589 nella

413 1633 531 1725 socna
556 1634 636 1722 fule,
661 1630 764 1725 idest,
783 1638 859 1706 tam
879 1632 1098 1727 splendidus
1116 1634 1202 1723 qual
1216 1636 1386 1707 mansne
1405 1638 1504 1708 stello
1517 1658 1590 1729 por

416 1755 648 1843 temnendo,
674 1752 821 1847 scilicet,
842 1752 977 1847 Venus,
995 1772 1080 1848 quae
1104 1760 1160 1827 est
1186 1752 1406 1829 lucidissima
1430 1756 1587 1829 aliarum

416 1872 618 1966 stellarum,
645 1873 794 1967 quando
817 1873 988 1968 praecedit
1013 1873 1128 1949 solem
1161 1873 1209 1948 de
1237 1894 1347 1949 manc
1372 1874 1410 1947 in
1435 1877 1588 1971 oriente,

415 1998 454 2068 ct
478 2000 633 2068 vocatur
657 1992 815 2087 Lucifer,
833 1994 926 2068 sicut
951 1994 1090 2069 dictum
1108 2001 1164 2069 est
1181 1993 1301 2089 primo
1317 1995 1476 2090 capitulo
1494 1997 1591 2070 Pur·

415 2114 558 2210 galerii.
585 2116 629 2189 Et
654 2120 741 2189 nota
766 2114 866 2208 quod
891 2114 1052 2210 primum
1074 2116 1250 2211 angelum
1276 2136 1390 2209 quern
1416 2116 1504 2191 vidit
1527 2138 1589 2191 as·

414 2233 585 2309 similavit
609 2232 712 2309 lfarti
739 2234 776 2307 in
801 2234 994 2329 splendore
1018 2234 1240 2329 flammanti3
1258 2234 1369 2308 istum
1391 2256 1481 2310 vero
1497 2237 1590 2311 assi-

415 2352 520 2429 milat
536 2354 681 2448 Veneri,
699 2374 784 2449 quae
801 2362 856 2429 est
873 2354 1006 2429 clarior
1020 2364 1058 2431 et
1070 2354 1232 2450 pulcrior
1249 2355 1375 2448 llarte,
1389 2362 1427 2431 et
1443 2355 1589 2431 videtur

415 2476 534 2551 maior
565 2477 704 2570 Marte3
731 2474 814 2549 ideo
845 2475 931 2569 quia
957 2475 1103 2550 videbat
1130 2476 1234 2549 illum
1264 2496 1288 2549 a
1313 2475 1422 2572 longe
1446 2476 1589 2551 assimi-

414 2596 503 2671 lavit
526 2594 651 2688 Marti3
677 2594 789 2669 istum
816 2615 906 2669 vero
931 2594 1078 2670 videbat
1101 2595 1150 2670 de
1175 2616 1300 2690 prope,
1318 2595 1400 2670 ideo
1420 2616 1509 2671 eum
1528 2618 1589 2671 as-

415 2714 586 2790 similavit
610 2714 761 2808 lleneri5
787 2713 925 2789 fecerat
955 2714 1068 2789 etiam
1094 2716 1214 2790 visum
1248 2715 1466 2810 acutiorem,
1501 2717 1588 2812 quia

410 2836 489 2931 jam
516 2835 633 2909 multa
659 2833 800 2907 viderat
824 2833 871 2907 de
897 2853 1013 2929 regno
1031 2834 1112 2927 isto,
1130 2840 1168 2908 et
1183 2842 1409 2930 purgaverat
1425 2837 1587 2931 primum

415 2955 543 3029 vitium
571 2951 784 3049 pessimum.
810 2954 855 3026 Et
878 2953 1035 3027 ostendit
1060 2954 1148 3047 quid
1165 2953 1294 3029 fecerit
1317 2955 1473 3051 angelus
1498 2976 1588 3051 erga

414 3096 465 3169 se,
490 3075 615 3150 dicens
629 3100 638 3147 :
651 3078 697 3177 ,le
721 3074 863 3147 ὁναοσὶα
887 3095 1024 3167 αρονεε,
1050 3073 1145 3149 sicut
1170 3080 1270 3149 recte
1300 3074 1385 3149 facit
1409 3075 1588 3149 Dominus

413 3194 706 3293 gratulabundus
743 3192 890 3287 quando
926 3193 1053 3290 recipit
1090 3214 1242 3269 servum
1280 3194 1499 3269 redeuntem
1538 3194 1585 3269 cd

414 3315 573 3412 gratiam
607 3320 687 3409 post
719 3332 904 3389 recessum
932 3322 969 3389 et
994 3314 1121 3389 fallum
1153 3335 1282 3411 suum;
1309 3314 1391 3389 ideo
1419 3315 1529 3389 dicit:
1555 3322 1588 3387 et

412 3437 489 3509 indi
514 3456 640 3528 apersc
664 3435 768 3526 tale,
788 3454 807 3506 e
831 3436 942 3507 doses
962 3437 1083 3525 venite,
1101 3435 1288 3529 audacter,
1306 3438 1366 3527 qui
1382 3455 1586 3526 conpresso

413 3558 428 3629 i
449 3558 571 3647 modi,
597 3554 744 3647 scilicet,
766 3554 935 3629 secundae
957 3554 1075 3647 scale,
1097 3574 1183 3649 quae
1201 3553 1302 3629 ducit
1318 3554 1365 3629 ad
1382 3554 1585 3629 secundum

414 3676 615 3769 circulum3
642 3681 678 3751 et
698 3674 795 3769 dicit,
817 3674 915 3769 quod
934 3675 1064 3749 melius
1084 3682 1151 3768 est,
1168 3682 1201 3747 et
1220 3677 1473 3765 apemlemente
1488 3678 1585 3749 omn

411 3799 554 3889 doale,
581 3796 682 3889 idest,
712 3794 867 3869 faciliter
891 3786 927 3886 (¹)
960 3793 1171 3869 ascenditur
1194 3793 1329 3868 amodo
1353 3794 1400 3868 ad
1430 3800 1585 3869 caeteros

412 3916 580 4009 circulos,
606 3915 693 4009 quia
719 3914 819 3989 eritis
845 3915 945 3989 leves
970 3913 1161 3987 exonerati
1185 3912 1403 4009 gravissimo
1423 3912 1586 4009 pondere

412 4022 604 4129 superbie.
637 4033 817 4130 Superbia
849 4033 947 4109 enim
980 4032 1103 4107 aufert
1135 4031 1266 4126 Deum,
1292 4032 1425 4107 invidia
1459 4034 1586 4128 prori-

293 4162 297 4169 ’
413 4176 529 4249 mum,
547 4154 602 4230 ira
623 4154 795 4249 seipsum.
814 4154 858 4231 Et
871 4144 909 4247 (²)
927 4154 1109 4229 exclamat
1126 4159 1235 4248 poeta
1250 4152 1417 4228 dolenter
1434 4174 1481 4227 cx
1499 4154 1583 4229 hoc:

411 4277 516 4349 molto
539 4276 637 4367 rodi,
657 4274 760 4368 idest,
779 4274 884 4349 valde
907 4274 1025 4369 pauci,
1048 4294 1185 4365 ocpnoo
1203 4294 1227 4345 a
1248 4280 1366 4365 quesn
1385 4278 1579 4370 eunomio,

411 4394 498 4488 quia
524 4394 732 4489 paucissimi
757 4394 946 4469 habilitant
971 4412 1012 4467 se
1036 4399 1074 4467 et
1102 4392 1297 4487 disponunt
1327 4392 1373 4467 ad
1406 4393 1584 4489 recipien-

410 4514 496 4589 dam
517 4514 675 4610 gratiam
693 4533 759 4609 per
780 4512 1049 4609 purgationem,
1067 4532 1152 4607 quae
1168 4532 1315 4607 semper
1333 4512 1468 4608 apertis
1488 4514 1583 4588 ulnis

410 4642 465 4711 est
490 4642 617 4731 parata
642 4636 688 4711 ad
715 4633 966 4728 recipiendum
993 4633 1201 4728 hominem3
1222 4632 1304 4709 ideo
1324 4632 1429 4708 dicit:
1447 4643 1585 4726 opente

409 4776 542 4831 emona
561 4776 634 4849 per
656 4757 759 4829 votor
782 4774 825 4829 su
848 4760 949 4845 noto,
974 4752 1077 4847 idest,
1102 4753 1149 4828 ad
1176 4754 1275 4828 hunc
1300 4753 1489 4843 tinemut
1516 4775 1584 4850 per

410 4879 565 4953 virtutes
590 4874 700 4951 facias
724 4874 788 4949 tibi
817 4874 956 4949 aditum
990 4872 1035 4947 ad
1068 4874 1218 4967 ooelum,
1245 4874 1308 4947 ubi
1339 4874 1473 4948 fruaris
1497 4895 1583 4970 per-

472 5065 500 5126 (·)
516 5062 547 5113 Ε.
564 5061 665 5113 facilius
681 5062 828 5113 ascenditur
843 5059 982 5111 admodum
999 5059 1031 5109 ad
1047 5065 1165 5110 celeros.

473 5137 501 5205 (Ἴ
516 5140 548 5193 ll.
562 5139 772 5204 cxclrmbatquc
788 5142 872 5202 pocta.
