4542 6842
888 983 1027 1041 caurus
1052 985 1222 1040 nucruus.
1560 972 1643 1039 »287

470 1131 609 1219 Mulol,
624 1128 812 1203 loeminam
827 1122 864 1222 (¹)
880 1130 1090 1225 superbam,
1103 1151 1168 1203 ove
1183 1151 1248 1203 ero
1264 1132 1425 1204 taumate
1442 1134 1465 1205 Γ
1474 1134 1548 1204 olto
1564 1134 1644 1222 plo-

459 1254 541 1341 vria,
568 1250 669 1344 idest,
696 1250 854 1346 gloriosa
881 1250 1006 1325 militia
1032 1258 1070 1325 et
1089 1250 1242 1346 justitia,
1276 1254 1335 1325 del
1355 1271 1486 1325 roman
1507 1252 1643 1344 pristet-

465 1380 566 1465 pato,
592 1371 694 1465 idest,
721 1369 862 1465 imperii
895 1371 1050 1465 Traiani,
1075 1374 1103 1445 tl
1134 1374 1191 1445 oui
1228 1375 1362 1463 dolore,
1398 1372 1489 1446 idest
1514 1372 1644 1465 virtus,

470 1513 584 1565 morse
603 1494 788 1582 Gregorio,
806 1491 952 1583 scilicet,
971 1491 1145 1586 primum,
1162 1492 1225 1585 qui
1248 1492 1316 1566 luit
1340 1492 1467 1567 doctor
1485 1514 1645 1588 magnus

471 1620 509 1687 et
534 1612 610 1707 ipse
635 1610 741 1685 valde
766 1610 924 1705 humilis,
951 1617 988 1685 et
1013 1631 1102 1685 vere
1136 1611 1266 1685 nobilis
1290 1612 1436 1686 animus
1461 1613 1528 1687 luit
1554 1634 1646 1687 suus

471 1733 506 1806 in
535 1730 698 1827 rogando
723 1751 790 1825 pro
816 1730 904 1824 isto;
922 1733 997 1805 nlla
1016 1752 1082 1805 ruo
1106 1753 1202 1823 pron
1223 1734 1376 1823 nummo,
1399 1732 1487 1825 quia
1502 1724 1540 1825 (¹)
1559 1732 1646 1806 vicit

469 1852 667 1945 internum,
694 1851 756 1924 ubi
783 1852 883 1924 nulla
909 1857 964 1925 est
990 1850 1203 1945 redemptio,
1222 1858 1259 1927 et
1284 1851 1483 1926 Traianum
1510 1852 1645 1925 libera-

469 1972 521 2049 vit
546 1973 593 2047 de
619 1971 788 2046 manibus
813 1970 925 2045 bostis
950 1971 1101 2065 antiqui.
1116 1976 1229 2045 —lo.
1248 1972 1313 2046 llic
1339 1978 1447 2068 poeta
1472 1970 1644 2047 describit

467 2093 584 2189 ipsam
617 2092 803 2167 historiam
837 2097 995 2186 tactam3
1029 2092 1127 2167 unde
1160 2114 1201 2168 se
1228 2094 1431 2187 declarans,
1461 2092 1571 2167 dicit:
1602 2095 1645 2165 Io

468 2216 547 2287 duo
572 2215 610 2286 di
639 2213 795 2285 liciano
819 2213 1057 2303 imperodore,
1092 2232 1259 2307 romano,
1285 2216 1329 2287 ed
1360 2234 1434 2287 nna
1464 2214 1644 2285 oedooelln

468 2335 519 2423 pti
543 2353 608 2404 era
634 2334 673 2405 ol
692 2335 811 2425 fruto,
838 2332 998 2441 retinens
1024 2338 1061 2406 et
1087 2333 1279 2408 retardans
1303 2353 1404 2427 eum,
1430 2336 1470 2407 di
1493 2335 1645 2425 loprime

470 2456 660 2543 attepgtuto
684 2473 704 2524 e
727 2454 768 2525 di
790 2454 923 2525 dolore.
955 2450 998 2523 Et
1018 2472 1107 2525 vere
1131 2452 1211 2526 baec
1237 2452 1304 2526 luit
1331 2473 1482 2527 rornana
1509 2452 1644 2526 mulier

470 2572 593 2646 audax
620 2579 658 2646 et
683 2571 855 2666 prudens,
878 2591 963 2664 quae
989 2578 1063 2644 tam
1091 2571 1268 2647 audacter
1284 2573 1432 2670 ingessit
1450 2594 1491 2648 se
1506 2573 1543 2646 in
1562 2580 1645 2646 tnr-

463 2712 553 2766 mas
569 2698 812 2785 armatorum,
827 2697 864 2766 el
879 2698 953 2764 tam
974 2690 1174 2785 prudenter
1190 2692 1375 2765 contendit
1392 2712 1478 2766 cum
1496 2712 1644 2766 summo

472 2812 707 2907 imperatore.
722 2812 815 2899 Quid
829 2832 919 2907 ergo
933 2810 1115 2885 miramur
1132 2811 1162 2885 si
1179 2803 1346 2904 matert⁸t
1359 2811 1540 2886 Coriolani
1554 2810 1646 2886 dixit

472 2934 532 3007 illa
549 2934 623 3008 alta
641 2932 755 3008 verba
780 2938 907 3007 contra
934 2930 1062 3025 lilium,
1080 2930 1143 3026 qui
1168 2930 1360 3006 infestabat
1376 2932 1553 3006 hostiliter
1570 2934 1646 3007 lto·

472 3055 590 3126 mam!
615 3052 715 3126 Bene
740 3070 831 3147 ergo
856 3051 941 3125 lecit
966 3058 1073 3145 poeta
1104 3070 1244 3145 ponere
1273 3050 1309 3124 in
1335 3050 1440 3126 litera
1472 3058 1510 3126 et
1539 3058 1645 3126 actus

469 3182 507 3249 et
532 3173 646 3247 verba
672 3171 775 3245 istius
800 3171 988 3245 mulieris:
1015 3177 1052 3246 et
1077 3170 1193 3267 tangit
1217 3178 1434 3266 apparatum
1464 3171 1559 3267 belli,
1590 3172 1644 3245 di-

470 3314 580 3368 cens:
611 3296 753 3365 intorno
779 3312 803 3363 o
829 3293 877 3364 lui
900 3311 965 3363 era
988 3292 1122 3363 calcato
1148 3294 1293 3383 optorto
1317 3293 1356 3364 di
1377 3295 1555 3365 enuntient.
1578 3292 1643 3367 llic

471 3414 568 3489 enim
596 3412 751 3509 inclytus
781 3410 982 3506 imperator
1016 3412 1131 3485 multa
1158 3419 1195 3486 et
1228 3432 1360 3508 magna
1392 3412 1487 3487 bella
1511 3412 1641 3509 gessit:

470 3534 517 3607 de
542 3533 648 3607 cuius
673 3532 869 3607 virtutibus
901 3539 939 3607 et
963 3531 1132 3606 laudibus
1156 3532 1277 3606 dicam
1309 3532 1450 3627 plenius
1479 3532 1641 3607 Paradisi

471 3654 631 3749 capitulo
656 3654 734 3746 llX,
761 3673 781 3724 e
804 3655 979 3744 lnpuptie
1003 3654 1175 3746 uellere,
1202 3652 1288 3745 quia
1319 3652 1441 3747 aquila
1474 3653 1579 3749 nigra
1605 3652 1642 3726 in

470 3794 601 3868 campo
626 3794 743 3848 aureo
761 3780 841 3847 erat
861 3772 1056 3867 insignium
1076 3792 1317 3847 romanorum
1344 3774 1493 3868 ducum,
1515 3777 1641 3847 nmo-

470 3898 570 3969 oieno
586 3896 681 3968 rour‘
694 3914 770 3993 esso
786 3896 824 3966 in
842 3894 930 3965 outo
947 3894 986 3964 nt
1001 3900 1114 3983 emto,
1126 3892 1232 3987 quasi
1252 3892 1367 3967 dicat:
1390 3893 1523 3967 vexilla
1536 3901 1644 3967 erant

465 4015 544 4109 jam
563 4012 730 4108 explicita
744 4000 794 4105 (⁴),
808 4011 894 4105 quia
908 4011 1095 4105 Traianus,
1110 4019 1153 4085 ut
1169 4012 1285 4087 verbo
1299 4010 1436 4087 Lucani
1452 4020 1547 4106 utar,
1561 4019 1643 4087 erat

471 4134 615 4208 laturus
632 4133 798 4207 victrices
815 4131 956 4226 aquilas
973 4132 1009 4205 in
1026 4132 1141 4207 alium
1159 4134 1299 4208 orbem.
1311 4174 1361 4187 -
1374 4138 1435 4206 Lo.
1454 4134 1519 4207 llic
1536 4140 1643 4228 poeta

470 4253 641 4328 describit
666 4253 856 4346 querelam
883 4258 921 4326 et
945 4252 1216 4327 contentionem
1239 4252 1341 4325 istius
1366 4252 1531 4328 mulieris
1555 4274 1642 4327 cum

472 4374 705 4469 imperatore,
726 4371 872 4446 dicens:
890 4375 943 4444 Lo
961 4374 1134 4445 miseratio
1155 4394 1271 4465 paren
1296 4376 1392 4447 dicer
1412 4380 1470 4446 tro
1492 4376 1567 4446 nttt
1583 4394 1644 4445 co-

470 4501 582 4584 storo,
607 4492 693 4587 quia
718 4492 824 4566 dolor
849 4488 1003 4565 iaciebat
1029 4510 1112 4565 eam
1139 4491 1319 4567 audacem
1344 4492 1440 4567 inter
1470 4492 1644 4587 strepitus

471 4613 658 4711 legionum
696 4618 940 4705 armatarum,
966 4613 1111 4701 signer,
1138 4616 1265 4705 sommi
1294 4616 1450 4687 vendetta
1482 4616 1542 4687 del
1573 4614 1645 4687 otio

468 4737 604 4827 fiplittol
630 4729 715 4806 cb'd
738 4739 865 4821 morto,
890 4732 972 4803 ond'
983 4733 1019 4803 io
1057 4733 1103 4802 m'
1116 4752 1257 4822 orooro,
1284 4732 1371 4825 qnia
1400 4733 1543 4829 gladius
1568 4753 1642 4807 non

471 4856 519 4928 ita
546 4853 780 4928 transfixerat
810 4871 944 4945 corpus
979 4850 1051 4943 lilii,
1078 4850 1173 4925 sicut
1201 4851 1305 4927 dolor
1336 4872 1402 4927 cor
1434 4854 1572 4927 matris.
1598 4854 1645 4927 Et

534 5043 561 5104 (¹2
578 5043 608 5093 Ε.
626 5042 730 5093 immina
748 5040 867 5105 superba.
1056 5036 1083 5099 (¹)
1100 5040 1131 5088 E.
1147 5052 1207 5103 qua
1223 5040 1292 5089 steti.

534 5118 561 5182 (Ἴ
578 5120 609 5171 Ε.
626 5118 647 5170 sl
664 5118 768 5171 muller.
1059 5114 1085 5178 (⁸)
1102 5116 1133 5166 Ε.
1149 5116 1285 5180 uptam,
