4542 6842
798 955 934 1012 murus
960 959 1124 1014 rennes.
1498 949 1547 1018 83

373 1108 567 1197 peceatum
594 1101 692 1195 quod
719 1101 864 1177 videtur
884 1124 1041 1200 parrum
1068 1107 1127 1180 vel
1152 1106 1296 1180 nullum
1316 1107 1547 1223 conscientie

372 1223 476 1318 pravi
502 1222 670 1316 hominis,
696 1221 841 1298 videtur
867 1227 1045 1322 niagnum
1064 1226 1295 1302 conscientias
1319 1228 1415 1302 boni.
1433 1230 1547 1305 lirror

373 1344 470 1419 enim
497 1343 635 1440 Virgilii
661 1342 720 1419 liic
745 1343 865 1420 luerat
886 1367 1035 1440 parvus,
1053 1346 1129 1421 imo
1148 1347 1243 1422 torte
1259 1350 1547 1462 nullus-scilicet

373 1463 581 1539 cucurrisse
606 1484 762 1559 parum3
779 1465 866 1558 quia
891 1465 1087 1561 aliqnando
1104 1474 1250 1562 oportet
1265 1469 1398 1545 cedere
1420 1491 1547 1546 neces·

375 1583 468 1658 sitati
495 1589 531 1659 et
555 1583 706 1660 obedire
731 1585 906 1679 tempori:
924 1591 961 1660 et
979 1593 1103 1660 tamen
1120 1586 1167 1660 de
1184 1588 1253 1661 lroe
1270 1587 1441 1684 Virgilius
1457 1610 1546 1664 eru-
1651 1610 1654 1615 ’

376 1703 546 1780 boecebm
566 1706 675 1800 juxta
699 1703 788 1779 illud
820 1695 1007 1801 Gregorii:
1038 1707 1211 1778 bonorum
1236 1711 1398 1781 mendum
1428 1717 1479 1782 cst
1500 1711 1548 1789 ili

375 1827 496 1916 merus
529 1845 733 1916 aersosccre,
768 1826 826 1899 ebt
856 1829 960 1919 culpe
985 1847 1058 1900 noe
1082 1835 1141 1900 est.
1168 1827 1396 1923 Augustinus
1421 1836 1546 1913 umen

376 1945 522 2020 ridetur
546 1946 772 2021 contrarium
800 1946 893 2022 velle
915 1945 979 2041 qui
1004 1947 1108 2022 dicit:
1134 1967 1212 2020 cum
1236 1951 1435 2023 lremtdtetis
1458 1971 1548 2042 eru·

374 2067 424 2140 ee
455 2069 624 2156 emetis,
653 2071 685 2140 st
710 2075 874 2160 peccator
907 2089 979 2140 eoo
1007 2089 1090 2141 erus
1119 2075 1305 2162 antequem
1339 2073 1547 2163 mentireris,

373 2188 521 2280 efficeris
557 2191 761 2262 meedendo.
795 2187 865 2262 Sed
891 2187 1029 2262 dictum
1054 2188 1222 2286 Gregorii
1247 2190 1357 2268 debet
1386 2191 1547 2289 intelligi,

374 2308 473 2402 quod
500 2307 557 2381 vir
581 2309 700 2382 bonus
725 2327 798 2382 non
823 2307 943 2382 solum
966 2309 1050 2384 lacit
1067 2309 1133 2384 sibi
1150 2310 1410 2389 conscientiam
1426 2313 1455 2385 si
1474 2333 1548 2386 non

373 2434 497 2502 servat
514 2434 707 2524 precepta,
726 2428 789 2504 sed
809 2428 920 2504 etiarn
942 2429 971 2502 si
990 2450 1064 2504 non
1083 2436 1207 2505 servat
1226 2431 1386 2506 sensilia.
1411 2431 1548 2506 Deinde

374 2555 483 2644 poeta
508 2548 664 2622 ostendit
682 2549 839 2642 qualiter
856 2556 936 2644 post
953 2549 1207 2625 reductionem
1225 2551 1362 2648 Virgilii
1379 2553 1457 2648 ipse
1472 2559 1546 2626 sla-

374 2670 441 2743 tim
469 2687 509 2743 se
536 2668 693 2764 reduxit,
714 2675 752 2744 et
769 2669 965 2764 resumpsit
982 2691 1092 2744 suum
1111 2671 1349 2766 propositum.
1366 2672 1469 2746 Unde
1492 2671 1548 2745 die

375 2789 446 2864 eit:
474 2791 510 2861 le
534 2797 644 2862 mente
668 2792 753 2880 mie,
779 2789 882 2884 idest,
908 2790 1107 2886 speculatio
1139 2792 1317 2884 mentalis,
1343 2794 1402 2865 else
1426 2795 1548 2884 prim

375 2929 440 2982 eru
464 2911 632 2999 ristrcue,
658 2909 760 3004 idest,
793 2911 1027 2987 distractast
1058 2911 1241 2986 abstracta
1269 2913 1317 2986 ab
1348 2913 1409 2987 illo
1442 2913 1547 2988 suavi

375 3029 661 3124 monocerote,
678 3033 714 3104 lo
729 3034 857 3106 mereto
876 3025 1053 3123 rollered,
1071 3032 1174 3126 idest,
1191 3032 1428 3110 intentionem
1448 3035 1548 3129 prirn-

374 3149 528 3244 cipalem
554 3150 742 3246 ampliavit
758 3158 796 3226 et
813 3151 991 3245 liberavit,
1009 3171 1094 3245 quae
1116 3151 1236 3247 primo
1261 3160 1342 3228 erat
1366 3155 1548 3249 captivata

374 3274 412 3344 et
443 3275 520 3344 tota
553 3278 729 3366 occupata
762 3271 859 3346 circa
890 3272 993 3345 illurn
1028 3279 1177 3347 cantum
1210 3275 1359 3368 amoris,
1390 3268 1421 3348 sl
1452 3297 1549 3350 come

374 3409 482 3481 euge,
507 3389 610 3484 idest,
636 3389 742 3465 avida
768 3389 910 3466 videndi
938 3411 997 3466 res
1019 3413 1132 3467 novas
1152 3395 1372 3489 purgatorii3
1394 3396 1476 3470 ideo
1493 3396 1548 3470 di·

374 3509 478 3584 citro
502 3513 596 3584 diedi
609 3514 638 3584 il
651 3514 725 3586 eise
750 3515 833 3602 mio,
859 3511 994 3586 scilieet
1014 3512 1312 3607 intellectualem,
1328 3519 1489 3588 menneo
1510 3519 1550 3590 el

372 3633 516 3725 poyeio,
542 3631 643 3726 idest,
671 3651 800 3708 versus
826 3638 1006 3726 montem;
1025 3639 1063 3706 et
1086 3633 1250 3708 declarat
1265 3633 1313 3708 de
1329 3654 1405 3727 quo
1422 3641 1548 3709 monle

375 3750 561 3845 loquatur,
586 3751 733 3826 dicens:
764 3754 824 3826 cle
848 3755 986 3826 'everso
1007 3755 1033 3826 'l
1054 3755 1119 3826 ciel
1142 3747 1206 3846 pell
1236 3755 1364 3826 eltosi
1393 3756 1547 3847 demes,

376 3870 478 3966 idest,
496 3871 560 3965 qni
586 3891 691 3947 mons
719 3873 834 3969 magis
860 3879 896 3948 et
923 3871 1040 3969 magis
1056 3873 1231 3948 dilatatur
1248 3893 1441 3968 usqueque
1461 3895 1548 3969 per·

376 3991 546 4066 veniatur
570 3992 608 4066 in
633 3995 782 4067 coelum.
811 3995 910 4068 Unde
936 4000 1020 4068 nota
1048 3994 1147 4089 quod
1172 4001 1280 4090 poeta
1308 3994 1422 4092 lingit,
1449 3995 1547 4090 quod

377 4111 435 4186 hic
460 4131 566 4186 mons
591 4111 712 4207 incipit
737 4113 785 4187 ab
810 4123 924 4206 arcte,
942 4120 979 4188 et
999 4113 1180 4210 gradatim
1201 4116 1430 4190 ascendendo
1450 4137 1548 4192 sem-

376 4225 492 4326 perd)
520 4233 728 4327 ampliatur,
754 4233 847 4308 sicut
872 4241 971 4328 patet
1003 4233 1039 4308 in
1069 4254 1184 4308 arena
1211 4235 1365 4310 Verenae
1397 4237 1427 4309 si
1456 4237 1547 4311 inci-

375 4349 430 4445 pis
454 4371 478 4424 a
503 4351 616 4426 lundo
641 4362 678 4428 et
695 4353 811 4428 tendis
836 4353 872 4428 in
897 4354 1036 4446 altum3
1057 4363 1095 4430 et
1116 4355 1196 4428 talis
1215 4361 1316 4430 recte
1336 4362 1393 4429 est
1418 4357 1545 4432 virtus.

377 4473 421 4546 Et
446 4473 515 4546 hec
540 4472 619 4566 leci,
646 4476 789 4564 queedo
814 4477 840 4547 li
858 4477 955 4568 pedi
983 4478 1072 4566 etei,
1103 4475 1239 4550 seilicet
1270 4476 1366 4550 illius
1397 4476 1547 4577 llirgilii,

376 4593 508 4664 nsoter
532 4595 570 4666 le
591 4596 710 4686 eene,
737 4592 838 4688 idest,
865 4594 1013 4688 quando
1038 4595 1194 4670 cessarit
1222 4615 1245 4668 a
1279 4615 1391 4669 eursu
1422 4605 1460 4671 et
1485 4597 1548 4670 fir-

377 4710 491 4784 mavit
515 4730 565 4785 se.
592 4711 637 4786 Et
661 4712 777 4809 tangit
803 4734 958 4808 parvum
984 4715 1111 4788 sallum
1137 4715 1237 4810 quod
1262 4714 1400 4790 lecerat
1429 4715 1548 4812 Virgi-

376 4829 457 4924 lius,
491 4850 577 4904 cum
612 4829 720 4906 dicit:
758 4835 836 4924 else,
867 4833 971 4928 idest,
1002 4855 1087 4929 quae
1119 4835 1335 4928 seminantis,
1370 4839 1546 4928 dismoeu,

439 5093 467 5158 (¹)
484 5094 516 5145 E.
531 5107 633 5158 semper
649 5097 797 5160 duplicetur
813 5099 866 5150 slre
882 5097 1029 5162 ampliatur.
