<?xml version="1.0" encoding="UTF-8"?>
<!DOCTYPE html PUBLIC "-//W3C//DTD XHTML 1.0 Transitional//EN"
    "http://www.w3.org/TR/xhtml1/DTD/xhtml1-transitional.dtd">
<html xmlns="http://www.w3.org/1999/xhtml" xml:lang="en" lang="en">
 <head>
  <title>
</title>
<meta http-equiv="Content-Type" content="text/html;charset=utf-8" />
  <meta name='ocr-system' content='tesseract 3.04.00' />
  <meta name='ocr-capabilities' content='ocr_page ocr_carea ocr_par ocr_line ocrx_word'/>
</head>
<body>
  <div class='ocr_page' id='page_1' title='image "./comentumsuperda01unkngoog_0021.png"; bbox 0 0 4542 6842; ppageno 0'>
   <div class='ocr_carea' id='block_1_1' title="bbox 825 945 1562 1014">
    <p class='ocr_par' dir='ltr' id='par_1_1' title="bbox 825 945 1562 1014">
     <span class='ocr_line' id='line_1_1' title="bbox 825 945 1562 1014; baseline 0.008 -8"><span class='ocrx_word' id='word_1_1' title='bbox 825 951 964 1008; x_wconf 79' lang='lat' dir='ltr'><strong>cunnus</strong></span> <span class='ocrx_word' id='word_1_2' title='bbox 989 953 1131 1007; x_wconf 79' lang='lat' dir='ltr'><strong>ramus.</strong></span> <span class='ocrx_word' id='word_1_3' title='bbox 1520 945 1562 1014; x_wconf 89' lang='lat'><strong>11</strong></span> 
     </span>
    </p>
   </div>
   <div class='ocr_carea' id='block_1_2' title="bbox 312 1097 1586 4200">
    <p class='ocr_par' dir='ltr' id='par_1_2' title="bbox 312 1097 1586 4200">
     <span class='ocr_line' id='line_1_2' title="bbox 391 1097 1565 1182; baseline 0.003 -10"><span class='ocrx_word' id='word_1_4' title='bbox 391 1102 526 1172; x_wconf 71' lang='lat' dir='ltr'><strong>umere</strong></span> <span class='ocrx_word' id='word_1_5' title='bbox 550 1104 678 1172; x_wconf 87' lang='lat' dir='ltr'><strong>terror.</strong></span> <span class='ocrx_word' id='word_1_6' title='bbox 718 1097 819 1171; x_wconf 83' lang='lat' dir='ltr'>Licet</span> <span class='ocrx_word' id='word_1_7' title='bbox 851 1097 949 1172; x_wconf 91' lang='lat' dir='ltr'><strong>enim</strong></span> <span class='ocrx_word' id='word_1_8' title='bbox 982 1098 1080 1182; x_wconf 89' lang='lat' dir='ltr'><strong>Nero</strong></span> <span class='ocrx_word' id='word_1_9' title='bbox 1109 1098 1237 1174; x_wconf 86' lang='lat' dir='ltr'><strong>lecerit</strong></span> <span class='ocrx_word' id='word_1_10' title='bbox 1265 1100 1360 1175; x_wconf 90' lang='lat' dir='ltr'><strong>mori</strong></span> <span class='ocrx_word' id='word_1_11' title='bbox 1386 1101 1565 1176; x_wconf 78' lang='lat' dir='ltr'><strong>Senecam</strong></span> 
     </span>
     <span class='ocr_line' id='line_1_3' title="bbox 390 1215 1564 1315; baseline 0 -19"><span class='ocrx_word' id='word_1_12' title='bbox 390 1226 428 1296; x_wconf 87' lang='lat' dir='ltr'><strong>et</strong></span> <span class='ocrx_word' id='word_1_13' title='bbox 452 1220 655 1312; x_wconf 88' lang='lat' dir='ltr'><strong>Lucanum,</strong></span> <span class='ocrx_word' id='word_1_14' title='bbox 683 1223 807 1292; x_wconf 88' lang='lat' dir='ltr'><strong>tamen</strong></span> <span class='ocrx_word' id='word_1_15' title='bbox 832 1217 881 1292; x_wconf 91' lang='lat' dir='ltr'><strong>illi</strong></span> <span class='ocrx_word' id='word_1_16' title='bbox 907 1238 992 1292; x_wconf 90' lang='lat' dir='ltr'><strong>cum</strong></span> <span class='ocrx_word' id='word_1_17' title='bbox 1024 1219 1175 1293; x_wconf 89' lang='lat' dir='ltr'><strong>scientia</strong></span> <span class='ocrx_word' id='word_1_18' title='bbox 1206 1225 1245 1294; x_wconf 90' lang='lat' dir='ltr'><strong>et</strong></span> <span class='ocrx_word' id='word_1_19' title='bbox 1276 1220 1412 1296; x_wconf 82' lang='lat' dir='ltr'><strong>uirtute</strong></span> <span class='ocrx_word' id='word_1_20' title='bbox 1443 1243 1510 1296; x_wconf 88' lang='lat' dir='ltr'><strong>sua</strong></span> <span class='ocrx_word' id='word_1_21' title='bbox 1527 1215 1564 1315; x_wconf 80' lang='lat'><strong>(¹)</strong></span> 
     </span>
     <span class='ocr_line' id='line_1_4' title="bbox 392 1338 1565 1436; baseline 0.003 -23"><span class='ocrx_word' id='word_1_22' title='bbox 392 1340 652 1414; x_wconf 85' lang='lat' dir='ltr'><strong>revolaverunt</strong></span> <span class='ocrx_word' id='word_1_23' title='bbox 677 1338 722 1412; x_wconf 90' lang='lat' dir='ltr'><strong>ad</strong></span> <span class='ocrx_word' id='word_1_24' title='bbox 748 1360 816 1413; x_wconf 93' lang='lat' dir='ltr'><strong>sua</strong></span> <span class='ocrx_word' id='word_1_25' title='bbox 841 1345 952 1433; x_wconf 83' lang='lat' dir='ltr'><strong>astra,</strong></span> <span class='ocrx_word' id='word_1_26' title='bbox 978 1346 1015 1414; x_wconf 90' lang='lat' dir='ltr'><strong>et</strong></span> <span class='ocrx_word' id='word_1_27' title='bbox 1040 1339 1140 1414; x_wconf 87' lang='lat' dir='ltr'><strong>lama</strong></span> <span class='ocrx_word' id='word_1_28' title='bbox 1165 1346 1202 1414; x_wconf 91' lang='lat' dir='ltr'><strong>et</strong></span> <span class='ocrx_word' id='word_1_29' title='bbox 1226 1341 1344 1436; x_wconf 87' lang='lat' dir='ltr'><strong>gloria</strong></span> <span class='ocrx_word' id='word_1_30' title='bbox 1364 1341 1565 1416; x_wconf 86' lang='lat' dir='ltr'><strong>indelebilis</strong></span> 
     </span>
     <span class='ocr_line' id='line_1_5' title="bbox 391 1459 1565 1556; baseline 0 -20"><span class='ocrx_word' id='word_1_31' title='bbox 391 1461 567 1536; x_wconf 81' lang='lat' dir='ltr'><strong>remansit</strong></span> <span class='ocrx_word' id='word_1_32' title='bbox 590 1459 637 1535; x_wconf 92' lang='lat' dir='ltr'><strong>de</strong></span> <span class='ocrx_word' id='word_1_33' title='bbox 662 1459 734 1534; x_wconf 90' lang='lat' dir='ltr'><strong>eis:</strong></span> <span class='ocrx_word' id='word_1_34' title='bbox 757 1461 842 1555; x_wconf 89' lang='lat' dir='ltr'><strong>ipse.</strong></span> <span class='ocrx_word' id='word_1_35' title='bbox 859 1480 949 1536; x_wconf 87' lang='lat' dir='ltr'><strong>vero</strong></span> <span class='ocrx_word' id='word_1_36' title='bbox 973 1459 1011 1534; x_wconf 95' lang='lat' dir='ltr'><strong>in</strong></span> <span class='ocrx_word' id='word_1_37' title='bbox 1044 1460 1116 1535; x_wconf 88' lang='lat' dir='ltr'><strong>fine</strong></span> <span class='ocrx_word' id='word_1_38' title='bbox 1146 1467 1363 1556; x_wconf 88' lang='lat' dir='ltr'><strong>prostratus,</strong></span> <span class='ocrx_word' id='word_1_39' title='bbox 1389 1460 1565 1536; x_wconf 82' lang='lat' dir='ltr'><strong>conlu&#39;sus</strong></span> 
     </span>
     <span class='ocr_line' id='line_1_6' title="bbox 391 1573 1564 1674; baseline 0 -18"><span class='ocrx_word' id='word_1_40' title='bbox 391 1585 429 1656; x_wconf 92' lang='lat' dir='ltr'><strong>et</strong></span> <span class='ocrx_word' id='word_1_41' title='bbox 442 1579 655 1654; x_wconf 81' lang='lat' dir='ltr'><strong>infamatus:</strong></span> <span class='ocrx_word' id='word_1_42' title='bbox 676 1581 785 1655; x_wconf 90' lang='lat' dir='ltr'><strong>talem</strong></span> <span class='ocrx_word' id='word_1_43' title='bbox 803 1580 943 1654; x_wconf 84' lang='lat' dir='ltr'><strong>exitum</strong></span> <span class='ocrx_word' id='word_1_44' title='bbox 958 1581 1068 1656; x_wconf 86' lang='lat' dir='ltr'><strong>babet</strong></span> <span class='ocrx_word' id='word_1_45' title='bbox 1080 1573 1116 1674; x_wconf 77' lang='lat'><strong>(²)</strong></span> <span class='ocrx_word' id='word_1_46' title='bbox 1131 1581 1252 1655; x_wconf 91' lang='lat' dir='ltr'><strong>omnis</strong></span> <span class='ocrx_word' id='word_1_47' title='bbox 1268 1582 1424 1656; x_wconf 85' lang='lat' dir='ltr'><strong>violator</strong></span> <span class='ocrx_word' id='word_1_48' title='bbox 1443 1583 1564 1657; x_wconf 87' lang='lat' dir='ltr'><strong>scien-</strong></span> 
     </span>
     <span class='ocr_line' id='line_1_7' title="bbox 391 1698 1561 1797; baseline 0.002 -23"><span class='ocrx_word' id='word_1_49' title='bbox 391 1698 451 1774; x_wconf 75' lang='lat' dir='ltr'><strong>tire</strong></span> <span class='ocrx_word' id='word_1_50' title='bbox 476 1707 513 1774; x_wconf 92' lang='lat' dir='ltr'><strong>et</strong></span> <span class='ocrx_word' id='word_1_51' title='bbox 539 1699 692 1773; x_wconf 82' lang='lat' dir='ltr'><strong>virtutis.</strong></span> <span class='ocrx_word' id='word_1_52' title='bbox 719 1699 789 1774; x_wconf 91' lang='lat' dir='ltr'><strong>Sed</strong></span> <span class='ocrx_word' id='word_1_53' title='bbox 816 1699 968 1774; x_wconf 90' lang='lat' dir='ltr'><strong>ulterius</strong></span> <span class='ocrx_word' id='word_1_54' title='bbox 985 1701 1078 1775; x_wconf 88' lang='lat' dir='ltr'><strong>sicut</strong></span> <span class='ocrx_word' id='word_1_55' title='bbox 1098 1702 1211 1797; x_wconf 83' lang='lat' dir='ltr'>aliqui</span> <span class='ocrx_word' id='word_1_56' title='bbox 1233 1702 1371 1776; x_wconf 83' lang='lat' dir='ltr'><strong>iaciunt</strong></span> <span class='ocrx_word' id='word_1_57' title='bbox 1390 1702 1561 1776; x_wconf 88' lang='lat' dir='ltr'><strong>iniuriam</strong></span> 
     </span>
     <span class='ocr_line' id='line_1_8' title="bbox 391 1819 1564 1918; baseline 0.005 -26"><span class='ocrx_word' id='word_1_58' title='bbox 391 1819 501 1893; x_wconf 88' lang='lat' dir='ltr'><strong>Musis</strong></span> <span class='ocrx_word' id='word_1_59' title='bbox 526 1840 592 1913; x_wconf 92' lang='lat' dir='ltr'><strong>per</strong></span> <span class='ocrx_word' id='word_1_60' title='bbox 617 1820 837 1914; x_wconf 89' lang='lat' dir='ltr'><strong>violentiam,</strong></span> <span class='ocrx_word' id='word_1_61' title='bbox 865 1827 907 1894; x_wconf 93' lang='lat' dir='ltr'><strong>ut</strong></span> <span class='ocrx_word' id='word_1_62' title='bbox 930 1823 1048 1916; x_wconf 90' lang='lat' dir='ltr'><strong>patuit</strong></span> <span class='ocrx_word' id='word_1_63' title='bbox 1073 1822 1110 1894; x_wconf 94' lang='lat' dir='ltr'><strong>in</strong></span> <span class='ocrx_word' id='word_1_64' title='bbox 1134 1823 1315 1918; x_wconf 84' lang='lat' dir='ltr'><strong>Pyreneo,</strong></span> <span class='ocrx_word' id='word_1_65' title='bbox 1341 1822 1390 1898; x_wconf 85' lang='lat' dir='ltr'><strong>ita</strong></span> <span class='ocrx_word' id='word_1_66' title='bbox 1415 1822 1476 1896; x_wconf 89' lang='lat' dir='ltr'><strong>alii</strong></span> <span class='ocrx_word' id='word_1_67' title='bbox 1508 1823 1564 1898; x_wconf 83' lang='lat' dir='ltr'><strong>ia·</strong></span> 
     </span>
     <span class='ocr_line' id='line_1_9' title="bbox 391 1939 1564 2037; baseline 0.004 -24"><span class='ocrx_word' id='word_1_68' title='bbox 391 1939 491 2013; x_wconf 88' lang='lat' dir='ltr'><strong>ciunt</strong></span> <span class='ocrx_word' id='word_1_69' title='bbox 517 1939 687 2013; x_wconf 88' lang='lat' dir='ltr'><strong>iniuriam</strong></span> <span class='ocrx_word' id='word_1_70' title='bbox 714 1940 766 2014; x_wconf 93' lang='lat' dir='ltr'><strong>eis</strong></span> <span class='ocrx_word' id='word_1_71' title='bbox 791 1961 856 2034; x_wconf 91' lang='lat' dir='ltr'><strong>per</strong></span> <span class='ocrx_word' id='word_1_72' title='bbox 881 1939 1139 2037; x_wconf 80' lang='lat' dir='ltr'>ignorantiam,</span> <span class='ocrx_word' id='word_1_73' title='bbox 1160 1942 1256 2016; x_wconf 89' lang='lat' dir='ltr'><strong>sicut</strong></span> <span class='ocrx_word' id='word_1_74' title='bbox 1280 1942 1396 2037; x_wconf 89' lang='lat' dir='ltr'><strong>patuit</strong></span> <span class='ocrx_word' id='word_1_75' title='bbox 1416 1943 1452 2015; x_wconf 95' lang='lat' dir='ltr'><strong>in</strong></span> <span class='ocrx_word' id='word_1_76' title='bbox 1473 1942 1564 2018; x_wconf 89' lang='lat' dir='ltr'><strong>tilia-</strong></span> 
     </span>
     <span class='ocr_line' id='line_1_10' title="bbox 389 2059 1565 2156; baseline 0.003 -23"><span class='ocrx_word' id='word_1_77' title='bbox 389 2060 460 2133; x_wconf 90' lang='lat' dir='ltr'><strong>bus</strong></span> <span class='ocrx_word' id='word_1_78' title='bbox 484 2059 591 2152; x_wconf 90' lang='lat' dir='ltr'><strong>Pieri,</strong></span> <span class='ocrx_word' id='word_1_79' title='bbox 617 2081 701 2154; x_wconf 86' lang='lat' dir='ltr'><strong>quae</strong></span> <span class='ocrx_word' id='word_1_80' title='bbox 728 2081 860 2135; x_wconf 89' lang='lat' dir='ltr'><strong>novem</strong></span> <span class='ocrx_word' id='word_1_81' title='bbox 888 2067 1206 2156; x_wconf 72' lang='lat' dir='ltr'><strong>presumpserunt</strong></span> <span class='ocrx_word' id='word_1_82' title='bbox 1225 2062 1450 2138; x_wconf 81' lang='lat' dir='ltr'><strong>contendere</strong></span> <span class='ocrx_word' id='word_1_83' title='bbox 1474 2083 1565 2138; x_wconf 90' lang='lat' dir='ltr'><strong>con-</strong></span> 
     </span>
     <span class='ocr_line' id='line_1_11' title="bbox 391 2181 1565 2277; baseline 0.005 -25"><span class='ocrx_word' id='word_1_84' title='bbox 391 2184 446 2253; x_wconf 93' lang='lat' dir='ltr'><strong>tra</strong></span> <span class='ocrx_word' id='word_1_85' title='bbox 474 2199 606 2254; x_wconf 85' lang='lat' dir='ltr'><strong>novem</strong></span> <span class='ocrx_word' id='word_1_86' title='bbox 637 2182 767 2274; x_wconf 85' lang='lat' dir='ltr'><strong>Musas,</strong></span> <span class='ocrx_word' id='word_1_87' title='bbox 794 2181 880 2275; x_wconf 90' lang='lat' dir='ltr'><strong>quia</strong></span> <span class='ocrx_word' id='word_1_88' title='bbox 914 2181 1063 2255; x_wconf 88' lang='lat' dir='ltr'><strong>scientia</strong></span> <span class='ocrx_word' id='word_1_89' title='bbox 1097 2187 1151 2254; x_wconf 92' lang='lat' dir='ltr'><strong>tot</strong></span> <span class='ocrx_word' id='word_1_90' title='bbox 1182 2181 1293 2256; x_wconf 90' lang='lat' dir='ltr'><strong>babet</strong></span> <span class='ocrx_word' id='word_1_91' title='bbox 1325 2182 1448 2258; x_wconf 85' lang='lat' dir='ltr'><strong>bostes</strong></span> <span class='ocrx_word' id='word_1_92' title='bbox 1474 2190 1565 2277; x_wconf 90' lang='lat' dir='ltr'><strong>quot</strong></span> 
     </span>
     <span class='ocr_line' id='line_1_12' title="bbox 312 2301 1586 2397; baseline -0.004 -16"><span class='ocrx_word' id='word_1_93' title='bbox 312 2376 315 2381; x_wconf 89' lang='grc'><em>,</em></span> <span class='ocrx_word' id='word_1_94' title='bbox 388 2306 474 2375; x_wconf 91' lang='lat' dir='ltr'><strong>sunt</strong></span> <span class='ocrx_word' id='word_1_95' title='bbox 499 2301 719 2396; x_wconf 85' lang='lat' dir='ltr'><strong>ignorantes.</strong></span> <span class='ocrx_word' id='word_1_96' title='bbox 748 2301 847 2376; x_wconf 90' lang='lat' dir='ltr'><strong>Unde</strong></span> <span class='ocrx_word' id='word_1_97' title='bbox 873 2309 910 2376; x_wconf 89' lang='lat' dir='ltr'><strong>et</strong></span> <span class='ocrx_word' id='word_1_98' title='bbox 935 2310 1074 2397; x_wconf 89' lang='lat' dir='ltr'><strong>septem</strong></span> <span class='ocrx_word' id='word_1_99' title='bbox 1092 2301 1252 2378; x_wconf 72' lang='lat' dir='ltr'><strong>scientiar</strong></span> <span class='ocrx_word' id='word_1_100' title='bbox 1272 2303 1441 2378; x_wconf 88' lang='lat' dir='ltr'><strong>liberales</strong></span> <span class='ocrx_word' id='word_1_101' title='bbox 1463 2304 1586 2377; x_wconf 79' lang='lat' dir='ltr'><strong>simi-&#39;</strong></span> 
     </span>
     <span class='ocr_line' id='line_1_13' title="bbox 388 2420 1563 2518; baseline 0.005 -25"><span class='ocrx_word' id='word_1_102' title='bbox 388 2420 471 2495; x_wconf 89' lang='lat' dir='ltr'><strong>liter</strong></span> <span class='ocrx_word' id='word_1_103' title='bbox 496 2420 632 2495; x_wconf 90' lang='lat' dir='ltr'><strong>babent</strong></span> <span class='ocrx_word' id='word_1_104' title='bbox 655 2421 754 2515; x_wconf 85' lang='lat' dir='ltr'><strong>picas</strong></span> <span class='ocrx_word' id='word_1_105' title='bbox 771 2421 918 2496; x_wconf 80' lang='lat' dir='ltr'><strong>infestas</strong></span> <span class='ocrx_word' id='word_1_106' title='bbox 935 2422 1012 2516; x_wconf 91' lang='lat' dir='ltr'><strong>sibi,</strong></span> <span class='ocrx_word' id='word_1_107' title='bbox 1032 2421 1107 2495; x_wconf 90' lang='lat' dir='ltr'><strong>imo</strong></span> <span class='ocrx_word' id='word_1_108' title='bbox 1124 2423 1234 2498; x_wconf 88' lang='lat' dir='ltr'><strong>etiam</strong></span> <span class='ocrx_word' id='word_1_109' title='bbox 1254 2430 1394 2518; x_wconf 87' lang='lat' dir='ltr'><strong>septem</strong></span> <span class='ocrx_word' id='word_1_110' title='bbox 1414 2425 1563 2498; x_wconf 88' lang='lat' dir='ltr'><strong>mecha-</strong></span> 
     </span>
     <span class='ocr_line' id='line_1_14' title="bbox 313 2531 1562 2635; baseline 0.002 -21"><span class='ocrx_word' id='word_1_111' title='bbox 313 2563 316 2588; x_wconf 87' lang='lat'>·</span> <span class='ocrx_word' id='word_1_112' title='bbox 388 2539 479 2614; x_wconf 84' lang='lat' dir='ltr'><strong>nicae</strong></span> <span class='ocrx_word' id='word_1_113' title='bbox 497 2539 633 2614; x_wconf 91' lang='lat' dir='ltr'><strong>babent</strong></span> <span class='ocrx_word' id='word_1_114' title='bbox 646 2531 682 2632; x_wconf 81' lang='lat'><strong>(³)</strong></span> <span class='ocrx_word' id='word_1_115' title='bbox 703 2561 788 2614; x_wconf 90' lang='lat' dir='ltr'><strong>suas</strong></span> <span class='ocrx_word' id='word_1_116' title='bbox 805 2540 920 2635; x_wconf 82' lang='lat' dir='ltr'><strong>picas3</strong></span> <span class='ocrx_word' id='word_1_117' title='bbox 940 2541 1027 2635; x_wconf 90' lang='lat' dir='ltr'><strong>quia</strong></span> <span class='ocrx_word' id='word_1_118' title='bbox 1044 2541 1081 2615; x_wconf 90' lang='lat' dir='ltr'><strong>in</strong></span> <span class='ocrx_word' id='word_1_119' title='bbox 1098 2542 1198 2614; x_wconf 90' lang='lat' dir='ltr'><strong>omni</strong></span> <span class='ocrx_word' id='word_1_120' title='bbox 1215 2549 1297 2616; x_wconf 87' lang='lat' dir='ltr'><strong>arte</strong></span> <span class='ocrx_word' id='word_1_121' title='bbox 1317 2549 1354 2617; x_wconf 91' lang='lat' dir='ltr'><strong>et</strong></span> <span class='ocrx_word' id='word_1_122' title='bbox 1367 2542 1562 2634; x_wconf 87' lang='lat' dir='ltr'><strong>scientia(l</strong></span> 
     </span>
     <span class='ocr_line' id='line_1_15' title="bbox 388 2659 1560 2758; baseline 0.003 -23"><span class='ocrx_word' id='word_1_123' title='bbox 388 2659 625 2735; x_wconf 89' lang='lat' dir='ltr'><strong>inveniuntur</strong></span> <span class='ocrx_word' id='word_1_124' title='bbox 641 2659 821 2755; x_wconf 83' lang='lat' dir='ltr'><strong>docteres,</strong></span> <span class='ocrx_word' id='word_1_125' title='bbox 840 2661 1003 2758; x_wconf 83' lang='lat' dir='ltr'><strong>magistri</strong></span> <span class='ocrx_word' id='word_1_126' title='bbox 1020 2667 1057 2736; x_wconf 91' lang='lat' dir='ltr'><strong>et</strong></span> <span class='ocrx_word' id='word_1_127' title='bbox 1080 2661 1239 2736; x_wconf 84' lang='lat' dir='ltr'><strong>artifices</strong></span> <span class='ocrx_word' id='word_1_128' title='bbox 1258 2663 1479 2758; x_wconf 82' lang='lat' dir='ltr'><strong>ignorantes,</strong></span> <span class='ocrx_word' id='word_1_129' title='bbox 1498 2663 1560 2758; x_wconf 89' lang='lat' dir='ltr'><strong>qui</strong></span> 
     </span>
     <span class='ocr_line' id='line_1_16' title="bbox 388 2779 1561 2878; baseline 0.003 -24"><span class='ocrx_word' id='word_1_130' title='bbox 388 2780 508 2854; x_wconf 90' lang='lat' dir='ltr'><strong>solum</strong></span> <span class='ocrx_word' id='word_1_131' title='bbox 536 2779 659 2876; x_wconf 91' lang='lat' dir='ltr'><strong>vigent</strong></span> <span class='ocrx_word' id='word_1_132' title='bbox 690 2781 906 2876; x_wconf 90' lang='lat' dir='ltr'><strong>temeritate,</strong></span> <span class='ocrx_word' id='word_1_133' title='bbox 933 2789 970 2856; x_wconf 92' lang='lat' dir='ltr'><strong>et</strong></span> <span class='ocrx_word' id='word_1_134' title='bbox 995 2782 1153 2878; x_wconf 90' lang='lat' dir='ltr'><strong>superba</strong></span> <span class='ocrx_word' id='word_1_135' title='bbox 1179 2783 1400 2877; x_wconf 82' lang='lat' dir='ltr'><strong>loquacitate</strong></span> <span class='ocrx_word' id='word_1_136' title='bbox 1424 2783 1561 2858; x_wconf 89' lang='lat' dir='ltr'><strong>audent</strong></span> 
     </span>
     <span class='ocr_line' id='line_1_17' title="bbox 388 2900 1561 2998; baseline 0 -22"><span class='ocrx_word' id='word_1_137' title='bbox 388 2900 609 2976; x_wconf 88' lang='lat' dir='ltr'><strong>contendere</strong></span> <span class='ocrx_word' id='word_1_138' title='bbox 634 2919 721 2974; x_wconf 91' lang='lat' dir='ltr'><strong>cum</strong></span> <span class='ocrx_word' id='word_1_139' title='bbox 747 2901 870 2995; x_wconf 90' lang='lat' dir='ltr'><strong>peritis</strong></span> <span class='ocrx_word' id='word_1_140' title='bbox 896 2908 933 2976; x_wconf 89' lang='lat' dir='ltr'><strong>et</strong></span> <span class='ocrx_word' id='word_1_141' title='bbox 957 2902 1090 2997; x_wconf 87' lang='lat' dir='ltr'><strong>probis,</strong></span> <span class='ocrx_word' id='word_1_142' title='bbox 1113 2902 1388 2998; x_wconf 79' lang='lat' dir='ltr'><strong>magnificantes</strong></span> <span class='ocrx_word' id='word_1_143' title='bbox 1411 2923 1452 2978; x_wconf 89' lang='lat' dir='ltr'><strong>se</strong></span> <span class='ocrx_word' id='word_1_144' title='bbox 1477 2902 1561 2977; x_wconf 90' lang='lat' dir='ltr'><strong>solis</strong></span> 
     </span>
     <span class='ocr_line' id='line_1_18' title="bbox 389 3019 1561 3116; baseline 0.003 -21"><span class='ocrx_word' id='word_1_145' title='bbox 389 3019 528 3112; x_wconf 81' lang='lat' dir='ltr'><strong>verbis;</strong></span> <span class='ocrx_word' id='word_1_146' title='bbox 559 3027 596 3094; x_wconf 89' lang='lat' dir='ltr'><strong>et</strong></span> <span class='ocrx_word' id='word_1_147' title='bbox 622 3019 650 3092; x_wconf 91' lang='lat' dir='ltr'><strong>si</strong></span> <span class='ocrx_word' id='word_1_148' title='bbox 677 3039 822 3114; x_wconf 83' lang='lat' dir='ltr'><strong>semper</strong></span> <span class='ocrx_word' id='word_1_149' title='bbox 853 3021 989 3096; x_wconf 91' lang='lat' dir='ltr'><strong>inventi</strong></span> <span class='ocrx_word' id='word_1_150' title='bbox 1015 3029 1100 3096; x_wconf 92' lang='lat' dir='ltr'><strong>sunt</strong></span> <span class='ocrx_word' id='word_1_151' title='bbox 1126 3022 1230 3115; x_wconf 77' lang='lat' dir='ltr'><strong>taleS,</strong></span> <span class='ocrx_word' id='word_1_152' title='bbox 1256 3024 1418 3098; x_wconf 81' lang='lat' dir='ltr'><strong>manime</strong></span> <span class='ocrx_word' id='word_1_153' title='bbox 1442 3023 1561 3116; x_wconf 91' lang='lat' dir='ltr'><strong>bodie,</strong></span> 
     </span>
     <span class='ocr_line' id='line_1_19' title="bbox 388 3138 1561 3238; baseline 0.005 -26"><span class='ocrx_word' id='word_1_154' title='bbox 388 3139 536 3235; x_wconf 90' lang='lat' dir='ltr'><strong>quando</strong></span> <span class='ocrx_word' id='word_1_155' title='bbox 552 3138 617 3213; x_wconf 90' lang='lat' dir='ltr'><strong>soli</strong></span> <span class='ocrx_word' id='word_1_156' title='bbox 635 3141 803 3234; x_wconf 87' lang='lat' dir='ltr'><strong>sophistae</strong></span> <span class='ocrx_word' id='word_1_157' title='bbox 819 3141 1021 3214; x_wconf 91' lang='lat' dir='ltr'><strong>audiuntur</strong></span> <span class='ocrx_word' id='word_1_158' title='bbox 1044 3143 1081 3215; x_wconf 94' lang='lat' dir='ltr'><strong>in</strong></span> <span class='ocrx_word' id='word_1_159' title='bbox 1103 3143 1234 3218; x_wconf 89' lang='lat' dir='ltr'><strong>scholis</strong></span> <span class='ocrx_word' id='word_1_160' title='bbox 1258 3150 1296 3217; x_wconf 92' lang='lat' dir='ltr'><strong>et</strong></span> <span class='ocrx_word' id='word_1_161' title='bbox 1321 3143 1469 3238; x_wconf 91' lang='lat' dir='ltr'><strong>ubique.</strong></span> <span class='ocrx_word' id='word_1_162' title='bbox 1488 3143 1561 3218; x_wconf 91' lang='lat' dir='ltr'><strong>Sed</strong></span> 
     </span>
     <span class='ocr_line' id='line_1_20' title="bbox 388 3258 1561 3358; baseline 0.004 -26"><span class='ocrx_word' id='word_1_163' title='bbox 388 3258 498 3332; x_wconf 88' lang='lat' dir='ltr'><strong>buius</strong></span> <span class='ocrx_word' id='word_1_164' title='bbox 519 3258 588 3331; x_wconf 90' lang='lat' dir='ltr'><strong>litis</strong></span> <span class='ocrx_word' id='word_1_165' title='bbox 605 3259 747 3354; x_wconf 91' lang='lat' dir='ltr'><strong>judices</strong></span> <span class='ocrx_word' id='word_1_166' title='bbox 773 3267 859 3334; x_wconf 92' lang='lat' dir='ltr'><strong>sunt</strong></span> <span class='ocrx_word' id='word_1_167' title='bbox 884 3262 1053 3358; x_wconf 81' lang='lat' dir='ltr'><strong>nympbae</strong></span> <span class='ocrx_word' id='word_1_168' title='bbox 1078 3262 1157 3338; x_wconf 80' lang='lat' dir='ltr'><strong>deae</strong></span> <span class='ocrx_word' id='word_1_169' title='bbox 1182 3263 1349 3357; x_wconf 78' lang='lat' dir='ltr'><strong>sontium,</strong></span> <span class='ocrx_word' id='word_1_170' title='bbox 1376 3263 1467 3339; x_wconf 86' lang='lat' dir='ltr'><strong>idest</strong></span> <span class='ocrx_word' id='word_1_171' title='bbox 1492 3264 1561 3338; x_wconf 92' lang='lat' dir='ltr'><strong>viri</strong></span> 
     </span>
     <span class='ocr_line' id='line_1_21' title="bbox 387 3377 1560 3478; baseline 0.005 -26"><span class='ocrx_word' id='word_1_172' title='bbox 387 3377 578 3473; x_wconf 87' lang='lat' dir='ltr'><strong>sapientes,</strong></span> <span class='ocrx_word' id='word_1_173' title='bbox 604 3380 704 3474; x_wconf 89' lang='lat' dir='ltr'><strong>clari,</strong></span> <span class='ocrx_word' id='word_1_174' title='bbox 724 3380 786 3475; x_wconf 91' lang='lat' dir='ltr'><strong>qui</strong></span> <span class='ocrx_word' id='word_1_175' title='bbox 813 3387 898 3454; x_wconf 90' lang='lat' dir='ltr'><strong>sunt</strong></span> <span class='ocrx_word' id='word_1_176' title='bbox 922 3381 1040 3456; x_wconf 84' lang='lat' dir='ltr'><strong>tontes</strong></span> <span class='ocrx_word' id='word_1_177' title='bbox 1057 3383 1242 3478; x_wconf 75' lang='lat' dir='ltr'><strong>sapientie</strong></span> <span class='ocrx_word' id='word_1_178' title='bbox 1268 3394 1306 3461; x_wconf 90' lang='lat' dir='ltr'><strong>et</strong></span> <span class='ocrx_word' id='word_1_179' title='bbox 1329 3384 1560 3478; x_wconf 74' lang='lat' dir='ltr'><strong>eloquentia,</strong></span> 
     </span>
     <span class='ocr_line' id='line_1_22' title="bbox 386 3496 1562 3598; baseline 0.009 -28"><span class='ocrx_word' id='word_1_180' title='bbox 386 3496 473 3593; x_wconf 89' lang='lat' dir='ltr'><strong>quia</strong></span> <span class='ocrx_word' id='word_1_181' title='bbox 498 3499 563 3573; x_wconf 92' lang='lat' dir='ltr'><strong>soli</strong></span> <span class='ocrx_word' id='word_1_182' title='bbox 590 3499 770 3594; x_wconf 89' lang='lat' dir='ltr'><strong>sapientes</strong></span> <span class='ocrx_word' id='word_1_183' title='bbox 800 3507 886 3574; x_wconf 95' lang='lat' dir='ltr'><strong>sunt</strong></span> <span class='ocrx_word' id='word_1_184' title='bbox 916 3502 979 3596; x_wconf 91' lang='lat' dir='ltr'><strong>qui</strong></span> <span class='ocrx_word' id='word_1_185' title='bbox 1013 3508 1166 3597; x_wconf 88' lang='lat' dir='ltr'><strong>possunt</strong></span> <span class='ocrx_word' id='word_1_186' title='bbox 1198 3523 1286 3578; x_wconf 84' lang='lat' dir='ltr'><strong>vere</strong></span> <span class='ocrx_word' id='word_1_187' title='bbox 1314 3504 1483 3598; x_wconf 87' lang='lat' dir='ltr'><strong>judicare</strong></span> <span class='ocrx_word' id='word_1_188' title='bbox 1513 3504 1562 3580; x_wconf 96' lang='lat' dir='ltr'><strong>de</strong></span> 
     </span>
     <span class='ocr_line' id='line_1_23' title="bbox 388 3620 1560 3719; baseline 0.003 -25"><span class='ocrx_word' id='word_1_189' title='bbox 388 3620 583 3694; x_wconf 85' lang='lat' dir='ltr'><strong>scientibus</strong></span> <span class='ocrx_word' id='word_1_190' title='bbox 608 3627 645 3694; x_wconf 92' lang='lat' dir='ltr'><strong>et</strong></span> <span class='ocrx_word' id='word_1_191' title='bbox 670 3622 935 3716; x_wconf 89' lang='lat' dir='ltr'><strong>ignorantibus,</strong></span> <span class='ocrx_word' id='word_1_192' title='bbox 956 3629 993 3697; x_wconf 92' lang='lat' dir='ltr'><strong>et</strong></span> <span class='ocrx_word' id='word_1_193' title='bbox 1009 3623 1096 3698; x_wconf 89' lang='lat' dir='ltr'><strong>dant</strong></span> <span class='ocrx_word' id='word_1_194' title='bbox 1108 3625 1249 3719; x_wconf 88' lang='lat' dir='ltr'><strong>justam</strong></span> <span class='ocrx_word' id='word_1_195' title='bbox 1267 3625 1483 3701; x_wconf 87' lang='lat' dir='ltr'><strong>sententiam</strong></span> <span class='ocrx_word' id='word_1_196' title='bbox 1501 3625 1560 3698; x_wconf 92' lang='lat' dir='ltr'><strong>in-</strong></span> 
     </span>
     <span class='ocr_line' id='line_1_24' title="bbox 387 3740 1559 3839; baseline 0.004 -27"><span class='ocrx_word' id='word_1_197' title='bbox 387 3745 444 3812; x_wconf 88' lang='lat' dir='ltr'><strong>ter</strong></span> <span class='ocrx_word' id='word_1_198' title='bbox 461 3759 544 3832; x_wconf 87' lang='lat' dir='ltr'><strong>eos;</strong></span> <span class='ocrx_word' id='word_1_199' title='bbox 562 3740 626 3814; x_wconf 94' lang='lat' dir='ltr'><strong>sed</strong></span> <span class='ocrx_word' id='word_1_200' title='bbox 647 3741 857 3836; x_wconf 88' lang='lat' dir='ltr'><strong>ignorantes</strong></span> <span class='ocrx_word' id='word_1_201' title='bbox 875 3763 947 3816; x_wconf 94' lang='lat' dir='ltr'><strong>non</strong></span> <span class='ocrx_word' id='word_1_202' title='bbox 965 3743 1215 3839; x_wconf 86' lang='lat' dir='ltr'><strong>acquiescunt,</strong></span> <span class='ocrx_word' id='word_1_203' title='bbox 1233 3744 1309 3819; x_wconf 91' lang='lat' dir='ltr'><strong>imo</strong></span> <span class='ocrx_word' id='word_1_204' title='bbox 1326 3745 1559 3839; x_wconf 89' lang='lat' dir='ltr'><strong>pertinaciter</strong></span> 
     </span>
     <span class='ocr_line' id='line_1_25' title="bbox 388 3854 1559 3961; baseline 0.004 -26"><span class='ocrx_word' id='word_1_205' title='bbox 388 3860 599 3956; x_wconf 85' lang='lat' dir='ltr'><strong>reclamant,</strong></span> <span class='ocrx_word' id='word_1_206' title='bbox 626 3862 689 3936; x_wconf 91' lang='lat' dir='ltr'><strong>sed</strong></span> <span class='ocrx_word' id='word_1_207' title='bbox 715 3861 870 3936; x_wconf 89' lang='lat' dir='ltr'><strong>finaliter</strong></span> <span class='ocrx_word' id='word_1_208' title='bbox 897 3872 1089 3938; x_wconf 90' lang='lat' dir='ltr'><strong>remanent</strong></span> <span class='ocrx_word' id='word_1_209' title='bbox 1114 3865 1218 3960; x_wconf 84' lang='lat' dir='ltr'><strong>picae,</strong></span> <span class='ocrx_word' id='word_1_210' title='bbox 1244 3866 1332 3961; x_wconf 88' lang='lat' dir='ltr'><strong>quia</strong></span> <span class='ocrx_word' id='word_1_211' title='bbox 1356 3867 1476 3940; x_wconf 91' lang='lat' dir='ltr'><strong>solum</strong></span> <span class='ocrx_word' id='word_1_212' title='bbox 1498 3854 1559 3940; x_wconf 82' lang='lat' dir='ltr'><strong>re·</strong></span> 
     </span>
     <span class='ocr_line' id='line_1_26' title="bbox 388 3981 1558 4082; baseline 0.003 -29"><span class='ocrx_word' id='word_1_213' title='bbox 388 3988 513 4056; x_wconf 89' lang='lat' dir='ltr'><strong>manet</strong></span> <span class='ocrx_word' id='word_1_214' title='bbox 537 3981 589 4055; x_wconf 91' lang='lat' dir='ltr'><strong>eis</strong></span> <span class='ocrx_word' id='word_1_215' title='bbox 615 4003 727 4058; x_wconf 89' lang='lat' dir='ltr'><strong>sonus</strong></span> <span class='ocrx_word' id='word_1_216' title='bbox 752 3982 926 4077; x_wconf 75' lang='lat' dir='ltr'><strong>verbalis,</strong></span> <span class='ocrx_word' id='word_1_217' title='bbox 953 3983 1050 4060; x_wconf 93' lang='lat' dir='ltr'><strong>etin</strong></span> <span class='ocrx_word' id='word_1_218' title='bbox 1081 3985 1201 4082; x_wconf 84' lang='lat' dir='ltr'><strong>sylvis,</strong></span> <span class='ocrx_word' id='word_1_219' title='bbox 1227 3985 1318 4062; x_wconf 89' lang='lat' dir='ltr'><strong>idest</strong></span> <span class='ocrx_word' id='word_1_220' title='bbox 1342 3986 1379 4059; x_wconf 93' lang='lat' dir='ltr'><strong>in</strong></span> <span class='ocrx_word' id='word_1_221' title='bbox 1404 3985 1558 4081; x_wconf 88' lang='lat' dir='ltr'><strong>populis,</strong></span> 
     </span>
     <span class='ocr_line' id='line_1_27' title="bbox 387 4101 1559 4200; baseline 0.003 -24"><span class='ocrx_word' id='word_1_222' title='bbox 387 4101 556 4196; x_wconf 87' lang='lat' dir='ltr'><strong>garriunt</strong></span> <span class='ocrx_word' id='word_1_223' title='bbox 582 4124 687 4179; x_wconf 89' lang='lat' dir='ltr'><strong>more</strong></span> <span class='ocrx_word' id='word_1_224' title='bbox 711 4104 893 4200; x_wconf 82' lang='lat' dir='ltr'><strong>picarum,</strong></span> <span class='ocrx_word' id='word_1_225' title='bbox 917 4125 1001 4199; x_wconf 85' lang='lat' dir='ltr'><strong>quae</strong></span> <span class='ocrx_word' id='word_1_226' title='bbox 1027 4105 1218 4199; x_wconf 85' lang='lat' dir='ltr'><strong>proterunt</strong></span> <span class='ocrx_word' id='word_1_227' title='bbox 1249 4107 1360 4181; x_wconf 86' lang='lat' dir='ltr'><strong>verba</strong></span> <span class='ocrx_word' id='word_1_228' title='bbox 1387 4113 1425 4182; x_wconf 90' lang='lat' dir='ltr'><strong>et</strong></span> <span class='ocrx_word' id='word_1_229' title='bbox 1449 4126 1559 4181; x_wconf 87' lang='lat' dir='ltr'><strong>voces</strong></span> 
     </span>
    </p>
   </div>
   <div class='ocr_carea' id='block_1_3' title="bbox 260 4221 1559 4320">
    <p class='ocr_par' dir='ltr' id='par_1_3' title="bbox 260 4221 1559 4320">
     <span class='ocr_line' id='line_1_28' title="bbox 260 4221 1559 4320; baseline 0.006 -28"><span class='ocrx_word' id='word_1_230' title='bbox 260 4259 264 4268; x_wconf 74' lang='lat'>=</span> <span class='ocrx_word' id='word_1_231' title='bbox 387 4221 568 4295; x_wconf 86' lang='lat' dir='ltr'><strong>humanas</strong></span> <span class='ocrx_word' id='word_1_232' title='bbox 594 4243 667 4297; x_wconf 93' lang='lat' dir='ltr'><strong>non</strong></span> <span class='ocrx_word' id='word_1_233' title='bbox 693 4224 934 4320; x_wconf 83' lang='lat' dir='ltr'><strong>intelligentes</strong></span> <span class='ocrx_word' id='word_1_234' title='bbox 951 4245 1003 4318; x_wconf 90' lang='lat' dir='ltr'><strong>se,</strong></span> <span class='ocrx_word' id='word_1_235' title='bbox 1023 4245 1091 4300; x_wconf 87' lang='lat' dir='ltr'><strong>nec</strong></span> <span class='ocrx_word' id='word_1_236' title='bbox 1110 4225 1212 4304; x_wconf 81' lang='lat' dir='ltr'><strong>alios</strong></span> <span class='ocrx_word' id='word_1_237' title='bbox 1239 4227 1324 4301; x_wconf 92' lang='lat' dir='ltr'><strong>ldeo</strong></span> <span class='ocrx_word' id='word_1_238' title='bbox 1348 4227 1443 4302; x_wconf 86' lang='lat' dir='ltr'><strong>bene</strong></span> <span class='ocrx_word' id='word_1_239' title='bbox 1468 4227 1559 4302; x_wconf 86' lang='lat' dir='ltr'><strong>tales</strong></span> 
     </span>
    </p>
   </div>
   <div class='ocr_carea' id='block_1_4' title="bbox 385 4342 1560 4921">
    <p class='ocr_par' dir='ltr' id='par_1_4' title="bbox 385 4342 1560 4921">
     <span class='ocr_line' id='line_1_29' title="bbox 386 4342 1558 4442; baseline 0.007 -28"><span class='ocrx_word' id='word_1_240' title='bbox 386 4349 538 4436; x_wconf 91' lang='lat' dir='ltr'><strong>possunt</strong></span> <span class='ocrx_word' id='word_1_241' title='bbox 563 4342 632 4416; x_wconf 87' lang='lat' dir='ltr'><strong>dici</strong></span> <span class='ocrx_word' id='word_1_242' title='bbox 656 4345 757 4418; x_wconf 90' lang='lat' dir='ltr'><strong>corvi</strong></span> <span class='ocrx_word' id='word_1_243' title='bbox 783 4347 968 4439; x_wconf 60' lang='lat' dir='ltr'><strong>loquaces</strong></span> <span class='ocrx_word' id='word_1_244' title='bbox 989 4346 1079 4440; x_wconf 83' lang='lat' dir='ltr'><strong>picae</strong></span> <span class='ocrx_word' id='word_1_245' title='bbox 1095 4347 1272 4442; x_wconf 80' lang='lat' dir='ltr'><strong>garrulae3</strong></span> <span class='ocrx_word' id='word_1_246' title='bbox 1293 4352 1330 4422; x_wconf 91' lang='lat' dir='ltr'><strong>et</strong></span> <span class='ocrx_word' id='word_1_247' title='bbox 1347 4367 1446 4422; x_wconf 75' lang='lat' dir='ltr'><strong>ranae</strong></span> <span class='ocrx_word' id='word_1_248' title='bbox 1464 4355 1558 4422; x_wconf 91' lang='lat' dir='ltr'><strong>stre·</strong></span> 
     </span>
     <span class='ocr_line' id='line_1_30' title="bbox 386 4459 1559 4560; baseline 0.007 -27"><span class='ocrx_word' id='word_1_249' title='bbox 386 4459 530 4556; x_wconf 83' lang='lat' dir='ltr'><strong>pidulae,</strong></span> <span class='ocrx_word' id='word_1_250' title='bbox 551 4482 635 4555; x_wconf 85' lang='lat' dir='ltr'><strong>quae</strong></span> <span class='ocrx_word' id='word_1_251' title='bbox 653 4463 864 4558; x_wconf 89' lang='lat' dir='ltr'><strong>importuno</strong></span> <span class='ocrx_word' id='word_1_252' title='bbox 890 4464 1053 4538; x_wconf 86' lang='lat' dir='ltr'><strong>clamore</strong></span> <span class='ocrx_word' id='word_1_253' title='bbox 1074 4465 1291 4560; x_wconf 89' lang='lat' dir='ltr'><strong>obstrepunt</strong></span> <span class='ocrx_word' id='word_1_254' title='bbox 1313 4466 1467 4540; x_wconf 87' lang='lat' dir='ltr'><strong>auribus</strong></span> <span class='ocrx_word' id='word_1_255' title='bbox 1490 4487 1559 4541; x_wconf 90' lang='lat' dir='ltr'><strong>au·</strong></span> 
     </span>
     <span class='ocr_line' id='line_1_31' title="bbox 385 4581 1556 4682; baseline 0.009 -27"><span class='ocrx_word' id='word_1_256' title='bbox 385 4581 575 4656; x_wconf 88' lang='lat' dir='ltr'><strong>dieutium.</strong></span> <span class='ocrx_word' id='word_1_257' title='bbox 594 4583 664 4656; x_wconf 90' lang='lat' dir='ltr'><strong>Sed</strong></span> <span class='ocrx_word' id='word_1_258' title='bbox 682 4584 873 4658; x_wconf 89' lang='lat' dir='ltr'><strong>videbatur</strong></span> <span class='ocrx_word' id='word_1_259' title='bbox 887 4583 996 4658; x_wconf 88' lang='lat' dir='ltr'><strong>Musis</strong></span> <span class='ocrx_word' id='word_1_260' title='bbox 1010 4591 1118 4680; x_wconf 93' lang='lat' dir='ltr'><strong>turpe</strong></span> <span class='ocrx_word' id='word_1_261' title='bbox 1131 4586 1354 4661; x_wconf 89' lang='lat' dir='ltr'><strong>contendere</strong></span> <span class='ocrx_word' id='word_1_262' title='bbox 1365 4608 1451 4662; x_wconf 87' lang='lat' dir='ltr'><strong>cum</strong></span> <span class='ocrx_word' id='word_1_263' title='bbox 1470 4587 1556 4682; x_wconf 87' lang='lat' dir='ltr'><strong>istis,</strong></span> 
     </span>
     <span class='ocr_line' id='line_1_32' title="bbox 386 4701 1558 4813; baseline 0.007 -40"><span class='ocrx_word' id='word_1_264' title='bbox 386 4701 472 4796; x_wconf 87' lang='lat' dir='ltr'><strong>quia</strong></span> <span class='ocrx_word' id='word_1_265' title='bbox 498 4702 605 4796; x_wconf 85' lang='lat' dir='ltr'><strong>juxta</strong></span> <span class='ocrx_word' id='word_1_266' title='bbox 640 4703 794 4777; x_wconf 83' lang='lat' dir='ltr'><strong>verbum</strong></span> <span class='ocrx_word' id='word_1_267' title='bbox 830 4704 1054 4778; x_wconf 89' lang='lat' dir='ltr'><strong>Salomonis:</strong></span> <span class='ocrx_word' id='word_1_268' title='bbox 1088 4709 1171 4813; x_wconf 73' lang='lat' dir='ltr'><strong>Noti</strong></span> <span class='ocrx_word' id='word_1_269' title='bbox 1207 4709 1420 4799; x_wconf 81' lang='lat' dir='ltr'><strong>respondere</strong></span> <span class='ocrx_word' id='word_1_270' title='bbox 1456 4711 1558 4782; x_wconf 78' lang='lat' dir='ltr'><strong>stulto</strong></span> 
     </span>
     <span class='ocr_line' id='line_1_33' title="bbox 386 4825 1560 4921; baseline 0.009 -27"><span class='ocrx_word' id='word_1_271' title='bbox 386 4825 572 4896; x_wconf 83' lang='lat' dir='ltr'><strong>secundum</strong></span> <span class='ocrx_word' id='word_1_272' title='bbox 600 4827 777 4898; x_wconf 82' lang='lat' dir='ltr'><strong>stultitiam</strong></span> <span class='ocrx_word' id='word_1_273' title='bbox 809 4846 924 4916; x_wconf 85' lang='lat' dir='ltr'><strong>suom,</strong></span> <span class='ocrx_word' id='word_1_274' title='bbox 959 4845 1001 4897; x_wconf 86' lang='lat' dir='ltr'><strong>ne</strong></span> <span class='ocrx_word' id='word_1_275' title='bbox 1037 4827 1103 4900; x_wconf 82' lang='lat' dir='ltr'><strong>sthi</strong></span> <span class='ocrx_word' id='word_1_276' title='bbox 1138 4829 1260 4900; x_wconf 74' lang='lat' dir='ltr'><strong>simitu</strong></span> <span class='ocrx_word' id='word_1_277' title='bbox 1297 4831 1476 4921; x_wconf 72' lang='lat' dir='ltr'><strong>videaris5</strong></span> <span class='ocrx_word' id='word_1_278' title='bbox 1504 4836 1560 4904; x_wconf 88' lang='lat' dir='ltr'><strong>ta-</strong></span> 
     </span>
    </p>
   </div>
   <div class='ocr_carea' id='block_1_5' title="bbox 448 5010 1126 5152">
    <p class='ocr_par' dir='ltr' id='par_1_5' title="bbox 448 5010 1126 5152">
     <span class='ocr_line' id='line_1_34' title="bbox 449 5010 1125 5076; baseline -0.004 -7"><span class='ocrx_word' id='word_1_279' title='bbox 449 5011 475 5072; x_wconf 86' lang='lat' dir='ltr'><strong>t&#39;l</strong></span> <span class='ocrx_word' id='word_1_280' title='bbox 491 5010 522 5061; x_wconf 81' lang='lat' dir='ltr'><strong>E·</strong></span> <span class='ocrx_word' id='word_1_281' title='bbox 537 5023 639 5061; x_wconf 72' lang='lat' dir='ltr'><strong>eorum·</strong></span> <span class='ocrx_word' id='word_1_282' title='bbox 936 5013 964 5076; x_wconf 69' lang='grc' dir='ltr'><strong>(Ἴ</strong></span> <span class='ocrx_word' id='word_1_283' title='bbox 980 5014 1011 5064; x_wconf 88' lang='grc' dir='ltr'><strong>Ε.</strong></span> <span class='ocrx_word' id='word_1_284' title='bbox 1028 5015 1125 5066; x_wconf 77' lang='lat' dir='ltr'><strong>babuit.</strong></span> 
     </span>
     <span class='ocr_line' id='line_1_35' title="bbox 448 5084 1126 5152; baseline 0 -16"><span class='ocrx_word' id='word_1_285' title='bbox 448 5084 476 5150; x_wconf 84' lang='lat'><strong>(¹)</strong></span> <span class='ocrx_word' id='word_1_286' title='bbox 492 5085 517 5137; x_wconf 89' lang='lat' dir='ltr'><strong>S.</strong></span> <span class='ocrx_word' id='word_1_287' title='bbox 534 5101 637 5151; x_wconf 80' lang='lat' dir='ltr'><strong>semper</strong></span> <span class='ocrx_word' id='word_1_288' title='bbox 653 5088 756 5140; x_wconf 81' lang='lat' dir='ltr'><strong>babent.</strong></span> <span class='ocrx_word' id='word_1_289' title='bbox 936 5090 962 5152; x_wconf 79' lang='lat'><strong>(⁸)</strong></span> <span class='ocrx_word' id='word_1_290' title='bbox 978 5091 1004 5142; x_wconf 89' lang='lat' dir='ltr'><strong>s.</strong></span> <span class='ocrx_word' id='word_1_291' title='bbox 1021 5093 1126 5144; x_wconf 78' lang='lat' dir='ltr'><strong>virture,</strong></span> 
     </span>
    </p>
   </div>
   <div class='ocr_carea' id='block_1_6' title="bbox 0 0 2276 6839">
    <p class='ocr_par' dir='ltr' id='par_1_6' title="bbox 0 0 2276 6839">
     <span class='ocr_line' id='line_1_36' title="bbox 0 0 2276 6839; baseline 0 0"><span class='ocrx_word' id='word_1_292' title='bbox 0 0 2276 6839; x_wconf 95' lang='lat' dir='ltr'><strong> </strong></span> 
     </span>
    </p>
   </div>
  </div>
 </body>
</html>
