4542 6842
858 972 997 1031 caurus
1021 974 1152 1031 nonus.
1518 968 1587 1035 unt

419 1115 459 1190 in
473 1136 572 1211 arcs,
593 1116 739 1213 Progne
754 1110 790 1210 (¹)
809 1118 847 1193 in
868 1118 1112 1215 hirundinem,
1130 1106 1329 1197 Philomela
1347 1122 1385 1196 in
1400 1143 1509 1199 arem
1530 1124 1590 1198 soi

419 1236 594 1331 norninis3
613 1237 676 1312 sed
694 1237 833 1313 Tereus
849 1258 1050 1317 conversus
1070 1247 1126 1315 est
1151 1239 1189 1315 in
1211 1262 1321 1317 arem
1340 1243 1588 1339 turpissimam

415 1374 500 1451 prat
525 1355 658 1430 dicitnr
684 1378 821 1462 upupa,¹
839 1378 925 1453 quae
949 1359 1121 1434 discurrit
1138 1381 1205 1457 per
1224 1364 1391 1457 sepulcra
1418 1370 1589 1437 mortuo·

417 1498 520 1570 rum3
538 1477 609 1574 Itys
627 1496 717 1551 vcro
738 1498 831 1572 puer
847 1498 1047 1554 conversus
1064 1488 1120 1555 est
1139 1482 1175 1555 in
1192 1482 1421 1576 phasianum.
1439 1483 1510 1559 Sed
1527 1484 1587 1559 ul-

416 1596 506 1673 timo
532 1604 629 1692 nota,
656 1598 782 1691 lector,
809 1598 907 1692 quoti
933 1620 993 1675 res
1019 1606 1180 1695 narrata,
1205 1602 1289 1679 licet
1312 1602 1455 1677 dicatur
1480 1602 1587 1679 labu-

416 1718 504 1811 losa,
531 1724 605 1791 tota
632 1716 699 1791 luit
723 1716 872 1792 historia
898 1738 998 1813 vera,
1024 1719 1117 1794 sicut
1143 1721 1267 1796 scribit
1291 1722 1517 1819 Augustinus
1538 1721 1587 1797 de
1670 1773 1673 1781 ·

415 1836 567 1913 Ciuitate
583 1838 660 1929 Dei,
678 1845 714 1913 et
731 1838 918 1932 Horosius,
939 1845 1072 1934 praeter
1089 1839 1201 1915 linem
1219 1841 1283 1915 ubi
1299 1840 1449 1937 lingitur
1467 1849 1587 1919 trans·

414 1958 584 2033 formatio
612 1958 783 2054 istorum;
802 1958 908 2033 cuius
925 1958 1078 2034 fictionis
1094 1960 1308 2057 allegoriam
1327 1982 1461 2057 ponam
1479 1962 1584 2057 inira,

413 2078 572 2174 capitulo
590 2078 680 2152 xvi.
706 2078 759 2152 Ex
785 2078 887 2153 dictis
912 2099 1003 2175 ergo
1028 2081 1128 2155 clare
1153 2088 1262 2177 patet,
1284 2102 1401 2175 quare
1426 2082 1585 2156 hirundo
1719 2170 1723 2177 ¹

411 2198 543 2274 dicitur
559 2218 674 2294 prope
691 2219 802 2274 mane
817 2206 968 2273 cantare
986 2198 1106 2275 tristes
1123 2200 1411 2275 lamentationes.
1431 2201 1475 2274 ut
1495 2201 1585 2275 sub-

410 2317 462 2393 u'rt
487 2324 594 2413 poeta
620 2318 719 2412 quod
750 2318 813 2393 tall
846 2318 937 2393 bora
966 2318 1059 2392 liunt
1090 2318 1274 2393 interdum
1306 2320 1448 2395 somnia
1479 2341 1582 2414 vera,

410 2437 552 2513 dicens:
580 2460 599 2511 r
622 2441 683 2511 cte
707 2442 743 2511 to¹
767 2446 877 2511 monte
902 2446 1024 2511 nostro
1041 2434 1102 2532 piri
1117 2444 1321 2532 peregrino,
1338 2440 1441 2535 idest,
1464 2438 1581 2536 magis

410 2566 552 2635 remota
584 2564 622 2635 et
651 2558 970 2653 abstractarum
1004 2580 1125 2651 comm,
1156 2559 1258 2653 idest,
1290 2580 1313 2635 a
1347 2561 1513 2635 sensibus
1543 2566 1582 2635 et

409 2680 646 2776 passionibus,
678 2679 764 2773 quia
798 2686 886 2754 tunc
919 2680 1079 2775 perlecta
1110 2679 1311 2777 digestione
1342 2688 1380 2756 et
1409 2682 1580 2755 resolutis

410 2799 520 2875 lumis
546 2820 650 2877 mens
675 2808 730 2875 est
753 2800 871 2896 magis
896 2800 1028 2893 sobria,
1062 2821 1081 2873 e
1110 2822 1189 2873 men
1212 2804 1276 2875 dot
1295 2804 1434 2894 pcnoirr
1454 2823 1580 2894 mero,

409 2919 511 3014 idest,
547 2921 669 2994 minus
700 2926 877 3016 occupata
902 2940 926 2995 a
954 2920 1052 2995 curis
1086 2940 1213 2995 rerum
1245 2922 1486 3016 exteriorum,
1511 2926 1581 2997 ane

408 3045 611 3116 manicon
645 3045 746 3134 puori
777 3038 798 3115 e*
824 3044 956 3134 dimna,
988 3040 1079 3115 idest
1114 3062 1291 3139 praesaga,
1322 3044 1409 3138 quia
1443 3034 1579 3120 scilicet

409 3164 584 3259 praevidet
608 3183 698 3237 rere
723 3162 848 3237 lutura
872 3181 938 3256 per
969 3161 1166 3235 somnium.
1193 3162 1237 3235 Et
1267 3162 1324 3237 bic
1353 3170 1452 3259 nota,
1477 3165 1578 3259 qnod

408 3283 577 3377 maedam
592 3288 678 3357 sunt
694 3284 835 3357 somnia
854 3282 1046 3374 naturalia,
1060 3281 1155 3355 sicut
1171 3281 1338 3357 ridemus
1353 3284 1451 3376 quod
1464 3284 1577 3379 aliqui

407 3422 506 3498 soepc
529 3423 551 3477 a
578 3409 710 3477 natura
728 3403 865 3477 iaciunt
886 3400 1027 3475 somnia
1050 3422 1150 3495 vera,
1170 3401 1283 3495 aliqui
1303 3422 1450 3498 semper
1471 3404 1577 3498 laisa,

407 3508 576 3618 quadam
603 3530 689 3597 sunt
714 3520 888 3615 bestialia,
913 3521 1007 3596 sicut
1029 3520 1088 3595 illa
1105 3540 1190 3615 quae
1214 3522 1436 3616 proveniunt
1454 3544 1477 3596 a
1494 3543 1578 3598 cra-

406 3644 493 3739 pula
520 3644 577 3719 vel
604 3644 805 3738 ebrietatc;
831 3641 1000 3737 quoedam
1026 3662 1117 3717 vero
1143 3648 1229 3716 sunt
1253 3642 1466 3737 spiritualia,
1491 3664 1578 3737 quat

408 3764 500 3839 liunt
525 3764 748 3840 revelatione
773 3762 904 3837 divina.
920 3768 1027 3837 -Et
1049 3784 1154 3835 esser.
1180 3762 1245 3837 llic
1275 3771 1382 3857 poeta
1407 3761 1577 3838 describit

406 3885 529 3961 locum
556 3891 592 3961 et
618 3884 769 3958 modum
796 3884 852 3957 sui
880 3889 1005 3979 raptus
1031 3902 1097 3978 per
1124 3903 1237 3957 unam
1263 3883 1577 3980 comparationem

406 4004 576 4082 nobilem.
602 4006 657 4079 lu
681 4004 788 4079 cuius
818 4002 1090 4099 intelligentiam
1116 4001 1228 4078 debet
1252 4002 1359 4097 scire,
1390 4002 1500 4097 quod,
1533 4010 1576 4076 nt

404 4126 547 4224 fingunt
572 4133 689 4222 poetae
714 4132 751 4200 et
775 4124 887 4221 graeci
913 4134 950 4201 et
974 4123 1086 4219 latini,
1102 4122 1333 4220 Ganymedes
1357 4122 1452 4197 lilius
1477 4124 1576 4219 regis

403 4249 632 4322 troianornm
659 4267 745 4321 curn
773 4244 895 4319 ivisset
920 4265 1006 4319 cum
1031 4244 1138 4320 sociis
1154 4243 1441 4319 invenationem
1467 4249 1574 4319 extra

403 4368 561 4461 Troiam,
587 4387 673 4441 ecce
697 4365 831 4461 aquila,
849 4384 934 4458 quae
949 4363 1081 4439 dicitur
1100 4362 1305 4457 aristonis,
1323 4362 1444 4437 subito
1468 4362 1573 4437 illum

404 4494 550 4583 raptum
577 4485 734 4581 portavit
758 4486 795 4559 in
821 4484 969 4579 coelum,
995 4484 1058 4558 ubi
1090 4484 1208 4558 lactus
1236 4482 1369 4557 dicitur
1399 4482 1574 4578 pincerna

401 4607 508 4682 lovis.
539 4606 656 4680 Huius
688 4603 841 4682 fictionis
874 4603 1009 4679 veritas
1043 4608 1109 4697 est,
1142 4609 1323 4697 quantum
1357 4608 1496 4697 spectat
1525 4601 1574 4676 ad

402 4736 566 4803 nostrum
594 4726 831 4823 propositum,
854 4724 953 4818 qnod
978 4723 1144 4819 Iuppiter
1164 4730 1292 4819 potens
1313 4744 1379 4797 rex
1400 4723 1517 4797 Cretae
1531 4712 1569 4815 ι’)

401 4849 483 4925 lelir
496 4840 533 4943 (⁸)
551 4869 637 4924 cum
656 4846 814 4921 venisset
831 4846 868 4920 ln
885 4843 1001 4921 aciem
1020 4851 1148 4919 contra
1162 4843 1294 4917 Troem
1312 4862 1439 4938 regem
1455 4843 1587 4939 Pbry-¹

462 5116 488 5179 (¹)
506 5116 536 5167 E.
553 5114 651 5167 scilicet
667 5114 776 5178 Progne.
851 5112 878 5175 (¹)
895 5110 925 5163 li.
942 5112 1074 5163 emuniit.
1147 5108 1244 5172 otti,
1261 5108 1324 5159 ielis
1339 5108 1364 5158 in
1381 5108 1482 5171 proello,
1499 5122 1570 5159 cum.
