4542 6842
651 950 723 1019 aet
1015 960 1220 1017 cousururr
1244 961 1462 1017 monnone

649 1104 777 1181 monas
802 1108 860 1183 vel
885 1126 1026 1203 cervos,
1044 1106 1107 1183 sed
1137 1128 1255 1203 ursos,
1280 1128 1389 1203 apros
1411 1114 1450 1183 et
1476 1107 1612 1201 leues,
1643 1113 1682 1181 et
1713 1126 1824 1181 exer·

650 1225 755 1303 oebat
780 1247 868 1303 eum
894 1225 931 1301 in
956 1226 1057 1301 oruni
1082 1247 1221 1324 genere
1249 1246 1395 1324 pugnae
1422 1226 1494 1303 Sed
1523 1225 1671 1302 domina
1701 1225 1824 1303 Tbetis

650 1346 885 1440 praeentieus
911 1347 1078 1423 Paridem
1105 1347 1214 1423 ivisse
1236 1348 1285 1423 ad
1311 1346 1522 1443 rapiendam
1548 1346 1737 1441 Helenam,
1759 1368 1825 1421 su-

650 1466 791 1561 spicans
805 1462 843 1560 (¹)
857 1466 972 1543 lilium
985 1467 1161 1543 Achillem
1176 1467 1400 1541 moriturum
1413 1466 1510 1562 apud
1523 1467 1685 1561 Troiam,
1695 1466 1821 1543 voleus

650 1586 802 1663 obviare
818 1589 904 1683 lato,
921 1588 1086 1664 decrevit
1102 1589 1305 1664 transferre
1320 1608 1408 1663 eum
1425 1586 1473 1663 ad
1489 1587 1612 1661 locum
1632 1586 1819 1663 tutiorem.

650 1708 807 1785 Accessit
833 1730 923 1807 ergo
944 1709 994 1785 ad
1019 1709 1173 1784 domum
1198 1708 1376 1803 Chironis,
1403 1714 1440 1784 et
1464 1728 1551 1783 ecce
1582 1707 1736 1783 Achilles
1760 1728 1823 1785 re-

650 1827 783 1903 dibata
797 1828 991 1905 venatione
1009 1849 1096 1904 cum
1115 1829 1233 1905 multo
1250 1827 1387 1903 sudore
1402 1834 1441 1902 et
1457 1829 1622 1923 pulvere,
1640 1832 1678 1901 et
1697 1834 1823 1903 tamen
1853 1924 1858 1934 Ι

520 2004 522 2007 -
651 1946 746 2023 inter
771 1948 915 2025 labores
939 1955 1021 2025 erat
1045 1947 1161 2023 dulcis
1184 1956 1336 2043 aspectu
1364 1968 1452 2023 cum
1482 1947 1577 2022 iacie
1610 1946 1729 2041 nivea,
1758 1967 1825 2023 co-

650 2066 730 2143 lore
754 2088 953 2163 purpureo,
971 2067 1106 2162 capillis
1122 2068 1237 2161 liaris,
1251 2058 1414 2160 oculis(¹)
1435 2066 1672 2161 radiantibus,
1685 2088 1824 2162 appor-

651 2192 732 2261 tans
756 2206 884 2263 secum
907 2186 1002 2263 duos
1027 2188 1169 2261 catulos
1193 2186 1370 2281 leoninos,
1396 2186 1531 2281 quibus
1561 2186 1719 2262 acuebat
1752 2207 1824 2261 un·

651 2328 768 2403 gues3
794 2308 857 2383 sed
875 2308 952 2383 visa
970 2314 1102 2398 matre,
1114 2307 1266 2383 abiectis
1290 2307 1477 2402 leunculis,
1496 2307 1570 2382 ruit
1586 2307 1623 2381 in
1640 2306 1766 2381 oscula
1783 2313 1826 2383 et

650 2429 853 2523 amplexus.
874 2427 1032 2503 Audiens
1054 2447 1144 2525 ergo
1161 2428 1229 2503 dea
1247 2427 1380 2522 Thetis,
1399 2427 1497 2522 quod
1515 2448 1581 2502 rex
1599 2427 1840 2523 Lycomedes

652 2546 830 2643 regnabat
856 2548 891 2623 in
918 2547 1037 2621 insula
1063 2547 1188 2643 Scyro,
1214 2568 1299 2642 quae
1328 2554 1385 2623 est
1414 2566 1489 2623 uua
1519 2546 1566 2622 de
1595 2546 1823 2642 Cycladibus,

651 2667 852 2761 asportarit
877 2667 1050 2743 Achillem
1066 2657 1104 2759 (³)
1125 2666 1275 2741 omuino
1292 2666 1451 2763 sopitum
1468 2665 1515 2741 ad
1535 2666 1648 2760 illam,
1667 2666 1730 2741 ubi
1749 2668 1826 2762 ipse

653 2787 828 2884 evigilans
853 2810 874 2864 a
901 2808 1030 2863 somno
1048 2786 1271 2881 stupetactus
1288 2785 1504 2883 respiciebat
1520 2808 1655 2861 uotam
1673 2793 1824 2881 terram,

653 2927 787 2982 novam
814 2928 952 3003 aquam
977 2914 1015 2985 et
1038 2907 1164 2983 omnia
1189 2928 1296 3001 nova,
1317 2907 1367 2983 ita
1383 2906 1483 3003 quod
1503 2906 1693 2981 dubitabat
1708 2928 1826 3004 agno-

654 3047 758 3103 scere
784 3036 954 3104 matrem.
980 3028 1033 3103 lbi
1059 3038 1178 3105 mater
1203 3027 1320 3103 induit
1344 3048 1432 3103 eum
1452 3027 1514 3103 diu
1533 3035 1767 3103 recusantem
1787 3035 1825 3105 et

655 3147 967 3223 verecundantem
993 3148 1158 3222 habiturn
1185 3147 1413 3223 loemineum.
1446 3148 1538 3223 Nam
1567 3155 1657 3223 tunc
1686 3169 1825 3225 amur

653 3264 735 3339 dliae
761 3267 858 3363 regis
885 3273 1063 3343 venerant
1086 3267 1132 3341 ad
1159 3267 1349 3362 Templum
1378 3268 1533 3343 Palladis
1557 3268 1656 3363 quod
1681 3275 1763 3343 erat
1785 3269 1825 3345 iu

652 3387 758 3465 litore
797 3386 921 3483 maris,
959 3388 1023 3462 ubi
1059 3387 1318 3464 celebrabatur
1360 3389 1519 3483 lestum3
1555 3396 1663 3467 erant
1698 3396 1823 3467 auteur

653 3514 794 3604 septem
833 3530 1004 3604 numero,
1030 3530 1191 3603 quarum
1229 3510 1349 3585 maior
1385 3510 1589 3587 vocabatur
1625 3510 1824 3605 Deidamia,

653 3631 814 3705 *omnes
840 3629 985 3705 eximiae
1010 3630 1141 3705 icrmae
1165 3629 1200 3704 in
1222 3650 1300 3705 uno
1318 3630 1459 3725 babitu,
1475 3630 1539 3707 sed
1556 3619 1823 3723 Deidamia*(‘)

654 3756 807 3825 caunas
832 3748 1075 3845 pulcritudine
1100 3749 1318 3845 excellebat;
1344 3751 1526 3846 quasise,
1546 3752 1608 3827 illc
1631 3742 1824 3842 crudusl⁸)

653 3890 747 3967 puer
771 3870 945 3947 continuo
971 3870 1154 3945 contraxit
1175 3891 1314 3945 norum
1332 3871 1458 3967 mem
1475 3872 1612 3947 amoris
1632 3872 1669 3947 in
1685 3892 1768 3947 ossa
1788 3879 1827 3948 et

655 4012 790 4067 norum
811 3992 986 4067 ruborem
1003 3990 1040 4064 in
1057 3990 1208 4085 laciem3
1224 3998 1264 4067 et
1283 3991 1350 4065 nisi
1368 3990 1489 4087 pudor
1507 4002 1547 4069 et
1559 3982 1598 4085 (⁰)
1617 3993 1826 4069 reverentia

655 4112 782 4189 nauis
807 4110 1029 4187 detenuisset
1042 4100 1079 4203 (⁷)
1098 4131 1199 4204 eum,
1216 4111 1400 4187 turbasset
1416 4112 1550 4187 lestrrm
1567 4133 1643 4187 non
1658 4114 1827 4191 obstante

656 4232 764 4307 turba
790 4250 925 4328 magua
951 4230 1202 4307 multitudinis.
1229 4230 1289 4307 Sic
1319 4252 1409 4329 ergo
1440 4232 1593 4309 faciliter
1623 4234 1742 4311 lactus
1768 4242 1827 4311 est

656 4359 870 4427 mansuetus
886 4358 924 4427 et
945 4352 1109 4448 permisit
1125 4373 1166 4427 se
1183 4353 1307 4429 vestiri
1326 4360 1364 4429 et
1380 4354 1485 4449 poliri
1507 4375 1612 4431 more
1631 4356 1825 4452 ioemineo;

654 4478 692 4549 et
708 4479 827 4547 mater
843 4471 1035 4549 admonuit
1052 4492 1153 4567 eum,
1171 4473 1331 4567 qualiter
1346 4474 1504 4551 debebat
1520 4496 1562 4551 se
1581 4496 1715 4572 gerere
1732 4477 1827 4553 inter

654 4593 839 4687 mulieres,
865 4600 902 4669 et
917 4583 953 4685 (⁸)
980 4593 1128 4669 tradidit
1153 4594 1256 4669 iilum
1283 4596 1362 4692 regi
1388 4596 1584 4693 Lycomedi
1604 4618 1827 4675 conservan-

715 4776 964 4843 t'tltsunecuns.
1264 4781 1490 4844 (plectamus

717 4854 743 4921 τ’)
761 4859 814 4915 tar,
832 4856 966 4909 dmum
980 4856 1041 4909 ideo
1056 4856 1180 4921 uptun.

715 4930 742 4992 (⁸)
759 4932 795 4983 lc
812 4933 901 4996 parole
915 4933 957 4987 ira
974 4934 982 4985 l
999 4934 1049 4985 due
1065 4935 1201 4987 asteriscbl
1215 4950 1263 4987 rou
1276 4936 1389 5000 mppttte
1404 4935 1474 5001 dagli
1488 4936 1550 4989 altri
1565 4937 1661 4999 Cedld.

717 5007 744 5068 (⁸)
763 5010 816 5068 ¹¹⁷,
832 5010 903 5059 rudis
921 5024 994 5074 puer.
1266 5012 1293 5075 Γ)
1311 5014 1341 5064 E.
1356 5020 1384 5065 et
1399 5016 1555 5067 remeandi·
1569 5017 1670 5069 nub

718 5082 745 5145 (i)
761 5082 786 5133 S.
804 5085 963 5137 detraxisset.
1267 5089 1294 5154 l'l
1310 5091 1336 5142 S.
1352 5094 1380 5143 et
1394 5092 1429 5143 tu
1445 5092 1515 5143 dedit
1531 5093 1616 5145 illum.
