<?xml version="1.0" encoding="UTF-8"?>
<!DOCTYPE html PUBLIC "-//W3C//DTD XHTML 1.0 Transitional//EN"
    "http://www.w3.org/TR/xhtml1/DTD/xhtml1-transitional.dtd">
<html xmlns="http://www.w3.org/1999/xhtml" xml:lang="en" lang="en">
 <head>
  <title>
</title>
<meta http-equiv="Content-Type" content="text/html;charset=utf-8" />
  <meta name='ocr-system' content='tesseract 3.04.00' />
  <meta name='ocr-capabilities' content='ocr_page ocr_carea ocr_par ocr_line ocrx_word'/>
</head>
<body>
  <div class='ocr_page' id='page_1' title='image "./comentumsuperda01unkngoog_0503.png"; bbox 0 0 4542 6842; ppageno 0'>
   <div class='ocr_carea' id='block_1_1' title="bbox 714 913 1566 985">
    <p class='ocr_par' dir='ltr' id='par_1_1' title="bbox 714 913 1566 985">
     <span class='ocr_line' id='line_1_1' title="bbox 714 913 1566 985; baseline 0 -6"><span class='ocrx_word' id='word_1_1' title='bbox 714 926 854 983; x_wconf 73' lang='lat' dir='ltr'><strong>CANTUS</strong></span> <span class='ocrx_word' id='word_1_2' title='bbox 879 927 1038 985; x_wconf 72' lang='lat' dir='ltr'><strong>nummus</strong></span> <span class='ocrx_word' id='word_1_3' title='bbox 1063 927 1248 983; x_wconf 78' lang='lat' dir='ltr'><strong>SEPTfflUS.</strong></span> <span class='ocrx_word' id='word_1_4' title='bbox 1496 913 1566 981; x_wconf 63' lang='grc'><strong>459</strong></span> 
     </span>
    </p>
   </div>
   <div class='ocr_carea' id='block_1_2' title="bbox 390 1066 1570 1409">
    <p class='ocr_par' dir='ltr' id='par_1_2' title="bbox 390 1066 1570 1409">
     <span class='ocr_line' id='line_1_2' title="bbox 392 1066 1568 1169; baseline -0.001 -23"><span class='ocrx_word' id='word_1_5' title='bbox 392 1092 504 1168; x_wconf 86' lang='lat' dir='ltr'><strong>super</strong></span> <span class='ocrx_word' id='word_1_6' title='bbox 528 1081 677 1149; x_wconf 89' lang='lat' dir='ltr'><strong>centum</strong></span> <span class='ocrx_word' id='word_1_7' title='bbox 706 1072 831 1169; x_wconf 82' lang='lat' dir='ltr'><strong>viginti</strong></span> <span class='ocrx_word' id='word_1_8' title='bbox 855 1066 996 1169; x_wconf 82' lang='lat' dir='ltr'><strong>septem</strong></span> <span class='ocrx_word' id='word_1_9' title='bbox 1021 1073 1239 1169; x_wconf 80' lang='lat' dir='ltr'><strong>provincias</strong></span> <span class='ocrx_word' id='word_1_10' title='bbox 1265 1072 1310 1147; x_wconf 86' lang='lat' dir='ltr'><strong>Et</strong></span> <span class='ocrx_word' id='word_1_11' title='bbox 1333 1072 1439 1147; x_wconf 89' lang='lat' dir='ltr'><strong>dicit:</strong></span> <span class='ocrx_word' id='word_1_12' title='bbox 1466 1078 1568 1145; x_wconf 63' lang='lat' dir='ltr'><strong>lister</strong></span> 
     </span>
     <span class='ocr_line' id='line_1_3' title="bbox 390 1186 1570 1288; baseline -0.001 -21"><span class='ocrx_word' id='word_1_13' title='bbox 390 1213 457 1267; x_wconf 79' lang='lat' dir='ltr'><strong>sue</strong></span> <span class='ocrx_word' id='word_1_14' title='bbox 480 1214 600 1287; x_wconf 66' lang='lat' dir='ltr'><strong>mosa,</strong></span> <span class='ocrx_word' id='word_1_15' title='bbox 627 1212 722 1267; x_wconf 89' lang='lat' dir='ltr'><strong>uxor</strong></span> <span class='ocrx_word' id='word_1_16' title='bbox 740 1186 777 1283; x_wconf 78' lang='lat'><strong>(¹)</strong></span> <span class='ocrx_word' id='word_1_17' title='bbox 804 1193 939 1268; x_wconf 88' lang='lat' dir='ltr'><strong>novitia</strong></span> <span class='ocrx_word' id='word_1_18' title='bbox 965 1192 1162 1288; x_wconf 79' lang='lat' dir='ltr'><strong>pudorosa,</strong></span> <span class='ocrx_word' id='word_1_19' title='bbox 1187 1214 1207 1265; x_wconf 83' lang='lat' dir='ltr'><strong>e</strong></span> <span class='ocrx_word' id='word_1_20' title='bbox 1231 1196 1258 1267; x_wconf 86' lang='lat' dir='ltr'><strong>it</strong></span> <span class='ocrx_word' id='word_1_21' title='bbox 1281 1196 1394 1284; x_wconf 71' lang='lat' dir='ltr'><strong>atarto</strong></span> <span class='ocrx_word' id='word_1_22' title='bbox 1419 1194 1570 1266; x_wconf 80' lang='lat' dir='ltr'><strong>Mardo-</strong></span> 
     </span>
     <span class='ocr_line' id='line_1_4' title="bbox 391 1312 1566 1409; baseline 0.001 -23"><span class='ocrx_word' id='word_1_23' title='bbox 391 1314 494 1406; x_wconf 60' lang='lat' dir='ltr'><strong>clem·</strong></span> <span class='ocrx_word' id='word_1_24' title='bbox 511 1333 601 1387; x_wconf 88' lang='lat' dir='ltr'><strong>vere</strong></span> <span class='ocrx_word' id='word_1_25' title='bbox 612 1313 755 1407; x_wconf 90' lang='lat' dir='ltr'><strong>justum</strong></span> <span class='ocrx_word' id='word_1_26' title='bbox 775 1314 944 1409; x_wconf 87' lang='lat' dir='ltr'><strong>appellat,</strong></span> <span class='ocrx_word' id='word_1_27' title='bbox 962 1313 1048 1408; x_wconf 87' lang='lat' dir='ltr'><strong>quia</strong></span> <span class='ocrx_word' id='word_1_28' title='bbox 1068 1313 1215 1407; x_wconf 83' lang='lat' dir='ltr'><strong>nolebat</strong></span> <span class='ocrx_word' id='word_1_29' title='bbox 1234 1313 1411 1389; x_wconf 81' lang='lat' dir='ltr'><strong>exhibere</strong></span> <span class='ocrx_word' id='word_1_30' title='bbox 1427 1312 1566 1387; x_wconf 91' lang='lat' dir='ltr'><strong>bomini</strong></span> 
     </span>
    </p>
   </div>
   <div class='ocr_carea' id='block_1_3' title="bbox 284 1432 1566 1528">
    <p class='ocr_par' dir='ltr' id='par_1_3' title="bbox 284 1432 1566 1528">
     <span class='ocr_line' id='line_1_5' title="bbox 284 1432 1566 1528; baseline 0.001 -22"><span class='ocrx_word' id='word_1_31' title='bbox 284 1458 287 1465; x_wconf 57' lang='lat'><strong>⁴</strong></span> <span class='ocrx_word' id='word_1_32' title='bbox 391 1434 570 1509; x_wconf 86' lang='lat' dir='ltr'><strong>bonorem</strong></span> <span class='ocrx_word' id='word_1_33' title='bbox 597 1432 819 1507; x_wconf 90' lang='lat' dir='ltr'><strong>adorationis</strong></span> <span class='ocrx_word' id='word_1_34' title='bbox 848 1432 1013 1509; x_wconf 90' lang='lat' dir='ltr'><strong>debitum</strong></span> <span class='ocrx_word' id='word_1_35' title='bbox 1044 1434 1133 1528; x_wconf 85' lang='lat' dir='ltr'><strong>Deo,</strong></span> <span class='ocrx_word' id='word_1_36' title='bbox 1159 1452 1246 1508; x_wconf 91' lang='lat' dir='ltr'><strong>cum</strong></span> <span class='ocrx_word' id='word_1_37' title='bbox 1280 1438 1406 1507; x_wconf 89' lang='lat' dir='ltr'><strong>tamen</strong></span> <span class='ocrx_word' id='word_1_38' title='bbox 1435 1450 1566 1507; x_wconf 89' lang='lat' dir='ltr'><strong>omnes</strong></span> 
     </span>
    </p>
   </div>
   <div class='ocr_carea' id='block_1_4' title="bbox 387 1550 1566 4893">
    <p class='ocr_par' dir='ltr' id='par_1_4' title="bbox 387 1550 1566 4893">
     <span class='ocr_line' id='line_1_6' title="bbox 390 1550 1565 1649; baseline -0.003 -22"><span class='ocrx_word' id='word_1_39' title='bbox 390 1554 461 1627; x_wconf 88' lang='lat' dir='ltr'><strong>boc</strong></span> <span class='ocrx_word' id='word_1_40' title='bbox 478 1553 642 1627; x_wconf 84' lang='lat' dir='ltr'><strong>tacerent</strong></span> <span class='ocrx_word' id='word_1_41' title='bbox 667 1552 801 1628; x_wconf 89' lang='lat' dir='ltr'><strong>timore</strong></span> <span class='ocrx_word' id='word_1_42' title='bbox 826 1560 864 1629; x_wconf 91' lang='lat' dir='ltr'><strong>et</strong></span> <span class='ocrx_word' id='word_1_43' title='bbox 890 1553 1097 1629; x_wconf 90' lang='lat' dir='ltr'><strong>reverentia</strong></span> <span class='ocrx_word' id='word_1_44' title='bbox 1116 1552 1206 1627; x_wconf 92' lang='lat' dir='ltr'><strong>tanti</strong></span> <span class='ocrx_word' id='word_1_45' title='bbox 1224 1551 1344 1649; x_wconf 78' lang='lat' dir='ltr'><strong>regis3</strong></span> <span class='ocrx_word' id='word_1_46' title='bbox 1362 1552 1445 1626; x_wconf 89' lang='lat' dir='ltr'><strong>ideo</strong></span> <span class='ocrx_word' id='word_1_47' title='bbox 1461 1550 1565 1625; x_wconf 87' lang='lat' dir='ltr'><strong>dicit:</strong></span> 
     </span>
     <span class='ocr_line' id='line_1_7' title="bbox 391 1668 1566 1767; baseline -0.001 -21"><span class='ocrx_word' id='word_1_48' title='bbox 391 1675 451 1747; x_wconf 85' lang='lat' dir='ltr'><strong>elle</strong></span> <span class='ocrx_word' id='word_1_49' title='bbox 472 1676 513 1766; x_wconf 83' lang='lat' dir='ltr'><strong>su</strong></span> <span class='ocrx_word' id='word_1_50' title='bbox 533 1675 573 1746; x_wconf 86' lang='lat' dir='ltr'><strong>al</strong></span> <span class='ocrx_word' id='word_1_51' title='bbox 587 1676 645 1746; x_wconf 87' lang='lat' dir='ltr'><strong>dir</strong></span> <span class='ocrx_word' id='word_1_52' title='bbox 669 1695 688 1746; x_wconf 89' lang='lat' dir='ltr'><strong>e</strong></span> <span class='ocrx_word' id='word_1_53' title='bbox 713 1676 752 1746; x_wconf 88' lang='lat' dir='ltr'><strong>ul</strong></span> <span class='ocrx_word' id='word_1_54' title='bbox 763 1677 827 1767; x_wconf 82' lang='lat' dir='ltr'><strong>sor</strong></span> <span class='ocrx_word' id='word_1_55' title='bbox 844 1668 915 1747; x_wconf 81' lang='lat' dir='ltr'><strong>cort</strong></span> <span class='ocrx_word' id='word_1_56' title='bbox 930 1676 1057 1761; x_wconf 84' lang='lat' dir='ltr'><strong>intero,</strong></span> <span class='ocrx_word' id='word_1_57' title='bbox 1075 1673 1180 1765; x_wconf 88' lang='lat' dir='ltr'><strong>idest,</strong></span> <span class='ocrx_word' id='word_1_58' title='bbox 1197 1678 1273 1747; x_wconf 89' lang='lat' dir='ltr'><strong>tam</strong></span> <span class='ocrx_word' id='word_1_59' title='bbox 1291 1677 1462 1746; x_wconf 82' lang='lat' dir='ltr'><strong>constans</strong></span> <span class='ocrx_word' id='word_1_60' title='bbox 1479 1691 1566 1745; x_wconf 87' lang='lat' dir='ltr'><strong>ver·</strong></span> 
     </span>
     <span class='ocr_line' id='line_1_8' title="bbox 391 1792 1565 1889; baseline 0 -22"><span class='ocrx_word' id='word_1_61' title='bbox 391 1792 446 1867; x_wconf 89' lang='lat' dir='ltr'><strong>bis</strong></span> <span class='ocrx_word' id='word_1_62' title='bbox 470 1798 508 1867; x_wconf 88' lang='lat' dir='ltr'><strong>et</strong></span> <span class='ocrx_word' id='word_1_63' title='bbox 533 1793 646 1887; x_wconf 89' lang='lat' dir='ltr'><strong>lactis,</strong></span> <span class='ocrx_word' id='word_1_64' title='bbox 665 1800 707 1867; x_wconf 94' lang='lat' dir='ltr'><strong>ut</strong></span> <span class='ocrx_word' id='word_1_65' title='bbox 726 1800 825 1889; x_wconf 88' lang='lat' dir='ltr'><strong>patet</strong></span> <span class='ocrx_word' id='word_1_66' title='bbox 851 1814 898 1869; x_wconf 80' lang='lat' dir='ltr'><strong>eu</strong></span> <span class='ocrx_word' id='word_1_67' title='bbox 917 1794 996 1889; x_wconf 88' lang='lat' dir='ltr'><strong>jam</strong></span> <span class='ocrx_word' id='word_1_68' title='bbox 1014 1792 1127 1868; x_wconf 89' lang='lat' dir='ltr'><strong>dictis.</strong></span> <span class='ocrx_word' id='word_1_69' title='bbox 1142 1834 1192 1847; x_wconf 93' lang='lat'>-</span> <span class='ocrx_word' id='word_1_70' title='bbox 1205 1799 1238 1867; x_wconf 84' lang='lat' dir='ltr'><em>E</em></span> <span class='ocrx_word' id='word_1_71' title='bbox 1251 1813 1358 1867; x_wconf 80' lang='lat' dir='ltr'><strong>omne.</strong></span> <span class='ocrx_word' id='word_1_72' title='bbox 1375 1794 1441 1867; x_wconf 89' lang='lat' dir='ltr'><strong>llic</strong></span> <span class='ocrx_word' id='word_1_73' title='bbox 1459 1797 1565 1886; x_wconf 85' lang='lat' dir='ltr'><strong>poeta</strong></span> 
     </span>
     <span class='ocr_line' id='line_1_9' title="bbox 391 1911 1565 2009; baseline 0.001 -24"><span class='ocrx_word' id='word_1_74' title='bbox 391 1911 493 2006; x_wconf 91' lang='lat' dir='ltr'><strong>ponit</strong></span> <span class='ocrx_word' id='word_1_75' title='bbox 518 1912 666 1987; x_wconf 89' lang='lat' dir='ltr'><strong>tertium</strong></span> <span class='ocrx_word' id='word_1_76' title='bbox 694 1912 865 1988; x_wconf 88' lang='lat' dir='ltr'><strong>ellectum</strong></span> <span class='ocrx_word' id='word_1_77' title='bbox 892 1914 957 1989; x_wconf 89' lang='lat' dir='ltr'><strong>irae</strong></span> <span class='ocrx_word' id='word_1_78' title='bbox 983 1914 1198 2009; x_wconf 89' lang='lat' dir='ltr'><strong>pessimum·</strong></span> <span class='ocrx_word' id='word_1_79' title='bbox 1213 1913 1392 2006; x_wconf 86' lang='lat' dir='ltr'><strong>omnium,</strong></span> <span class='ocrx_word' id='word_1_80' title='bbox 1418 1913 1565 2005; x_wconf 71' lang='lat' dir='ltr'><strong>scilieet,</strong></span> 
     </span>
     <span class='ocr_line' id='line_1_10' title="bbox 391 2032 1566 2130; baseline 0 -25"><span class='ocrx_word' id='word_1_81' title='bbox 391 2050 478 2105; x_wconf 87' lang='lat' dir='ltr'><strong>cum</strong></span> <span class='ocrx_word' id='word_1_82' title='bbox 516 2032 598 2125; x_wconf 90' lang='lat' dir='ltr'><strong>quis</strong></span> <span class='ocrx_word' id='word_1_83' title='bbox 635 2052 682 2109; x_wconf 82' lang='lat' dir='ltr'><strong>ex</strong></span> <span class='ocrx_word' id='word_1_84' title='bbox 717 2033 771 2107; x_wconf 90' lang='lat' dir='ltr'><strong>ira</strong></span> <span class='ocrx_word' id='word_1_85' title='bbox 803 2033 972 2109; x_wconf 88' lang='lat' dir='ltr'><strong>interficit</strong></span> <span class='ocrx_word' id='word_1_86' title='bbox 1010 2054 1050 2109; x_wconf 89' lang='lat' dir='ltr'><strong>se</strong></span> <span class='ocrx_word' id='word_1_87' title='bbox 1088 2034 1221 2130; x_wconf 86' lang='lat' dir='ltr'><strong>ipsum,</strong></span> <span class='ocrx_word' id='word_1_88' title='bbox 1248 2054 1323 2128; x_wconf 87' lang='lat' dir='ltr'><strong>quo</strong></span> <span class='ocrx_word' id='word_1_89' title='bbox 1349 2034 1491 2107; x_wconf 93' lang='lat' dir='ltr'><strong>nullum</strong></span> <span class='ocrx_word' id='word_1_90' title='bbox 1509 2037 1566 2106; x_wconf 87' lang='lat' dir='ltr'><strong>est</strong></span> 
     </span>
     <span class='ocr_line' id='line_1_11' title="bbox 391 2151 1566 2249; baseline 0.003 -25"><span class='ocrx_word' id='word_1_91' title='bbox 391 2151 511 2225; x_wconf 91' lang='lat' dir='ltr'><strong>maius</strong></span> <span class='ocrx_word' id='word_1_92' title='bbox 540 2158 744 2248; x_wconf 85' lang='lat' dir='ltr'><strong>peccatum,</strong></span> <span class='ocrx_word' id='word_1_93' title='bbox 766 2154 861 2227; x_wconf 95' lang='lat' dir='ltr'><strong>sicut</strong></span> <span class='ocrx_word' id='word_1_94' title='bbox 885 2153 1023 2229; x_wconf 89' lang='lat' dir='ltr'><strong>dictum</strong></span> <span class='ocrx_word' id='word_1_95' title='bbox 1050 2162 1106 2229; x_wconf 89' lang='lat' dir='ltr'><strong>est</strong></span> <span class='ocrx_word' id='word_1_96' title='bbox 1130 2154 1237 2248; x_wconf 93' lang='lat' dir='ltr'><strong>plene</strong></span> <span class='ocrx_word' id='word_1_97' title='bbox 1261 2154 1396 2228; x_wconf 81' lang='lat' dir='ltr'><strong>Inferni</strong></span> <span class='ocrx_word' id='word_1_98' title='bbox 1422 2153 1566 2249; x_wconf 87' lang='lat' dir='ltr'><strong>capitu·</strong></span> 
     </span>
     <span class='ocr_line' id='line_1_12' title="bbox 391 2270 1564 2370; baseline 0.001 -26"><span class='ocrx_word' id='word_1_99' title='bbox 391 2270 427 2345; x_wconf 95' lang='lat' dir='ltr'><strong>lo</strong></span> <span class='ocrx_word' id='word_1_100' title='bbox 441 2271 520 2345; x_wconf 86' lang='lat' dir='ltr'><strong>lllll</strong></span> <span class='ocrx_word' id='word_1_101' title='bbox 540 2278 577 2346; x_wconf 90' lang='lat' dir='ltr'><strong>et</strong></span> <span class='ocrx_word' id='word_1_102' title='bbox 599 2271 719 2367; x_wconf 92' lang='lat' dir='ltr'><strong>primo</strong></span> <span class='ocrx_word' id='word_1_103' title='bbox 737 2274 896 2369; x_wconf 90' lang='lat' dir='ltr'><strong>capitulo</strong></span> <span class='ocrx_word' id='word_1_104' title='bbox 917 2272 1135 2370; x_wconf 83' lang='lat' dir='ltr'><strong>Purgatorii.</strong></span> <span class='ocrx_word' id='word_1_105' title='bbox 1155 2275 1200 2347; x_wconf 84' lang='lat' dir='ltr'><strong>Et</strong></span> <span class='ocrx_word' id='word_1_106' title='bbox 1221 2272 1269 2347; x_wconf 94' lang='lat' dir='ltr'><strong>ad</strong></span> <span class='ocrx_word' id='word_1_107' title='bbox 1289 2271 1564 2369; x_wconf 79' lang='lat' dir='ltr'><strong>intelligentiam</strong></span> 
     </span>
     <span class='ocr_line' id='line_1_13' title="bbox 391 2391 1566 2490; baseline 0.003 -26"><span class='ocrx_word' id='word_1_108' title='bbox 391 2391 536 2485; x_wconf 87' lang='lat' dir='ltr'><strong>plenam</strong></span> <span class='ocrx_word' id='word_1_109' title='bbox 568 2392 678 2467; x_wconf 88' lang='lat' dir='ltr'><strong>buius</strong></span> <span class='ocrx_word' id='word_1_110' title='bbox 710 2394 825 2468; x_wconf 82' lang='lat' dir='ltr'><strong>literae</strong></span> <span class='ocrx_word' id='word_1_111' title='bbox 858 2400 913 2469; x_wconf 89' lang='lat' dir='ltr'><strong>est</strong></span> <span class='ocrx_word' id='word_1_112' title='bbox 946 2393 1214 2490; x_wconf 84' lang='lat' dir='ltr'><strong>praesciendum</strong></span> <span class='ocrx_word' id='word_1_113' title='bbox 1246 2392 1419 2486; x_wconf 85' lang='lat' dir='ltr'><strong>breviter,</strong></span> <span class='ocrx_word' id='word_1_114' title='bbox 1454 2392 1566 2487; x_wconf 89' lang='lat' dir='ltr'><strong>quod,</strong></span> 
     </span>
     <span class='ocr_line' id='line_1_14' title="bbox 390 2511 1563 2609; baseline 0.001 -24"><span class='ocrx_word' id='word_1_115' title='bbox 390 2511 485 2585; x_wconf 90' lang='lat' dir='ltr'><strong>sicut</strong></span> <span class='ocrx_word' id='word_1_116' title='bbox 514 2512 638 2587; x_wconf 81' lang='lat' dir='ltr'><strong>scribit</strong></span> <span class='ocrx_word' id='word_1_117' title='bbox 672 2512 844 2608; x_wconf 83' lang='lat' dir='ltr'><strong>Virgilius</strong></span> <span class='ocrx_word' id='word_1_118' title='bbox 869 2514 929 2587; x_wconf 89' lang='lat' dir='ltr'><strong>Vll</strong></span> <span class='ocrx_word' id='word_1_119' title='bbox 956 2512 1124 2607; x_wconf 85' lang='lat' dir='ltr'><strong>Eneidos‚</strong></span> <span class='ocrx_word' id='word_1_120' title='bbox 1156 2512 1284 2609; x_wconf 84' lang='lat' dir='ltr'><strong>regina</strong></span> <span class='ocrx_word' id='word_1_121' title='bbox 1308 2513 1439 2588; x_wconf 75' lang='lat' dir='ltr'><strong>Amata</strong></span> <span class='ocrx_word' id='word_1_122' title='bbox 1466 2534 1563 2589; x_wconf 81' lang='lat' dir='ltr'><strong>uxor</strong></span> 
     </span>
     <span class='ocr_line' id='line_1_15' title="bbox 392 2626 1563 2729; baseline 0.005 -26"><span class='ocrx_word' id='word_1_123' title='bbox 392 2630 490 2727; x_wconf 82' lang='lat' dir='ltr'><strong>regis</strong></span> <span class='ocrx_word' id='word_1_124' title='bbox 506 2632 622 2707; x_wconf 88' lang='lat' dir='ltr'><strong>Latini</strong></span> <span class='ocrx_word' id='word_1_125' title='bbox 639 2633 774 2708; x_wconf 91' lang='lat' dir='ltr'><strong>ardens</strong></span> <span class='ocrx_word' id='word_1_126' title='bbox 800 2633 853 2707; x_wconf 92' lang='lat' dir='ltr'><strong>ira</strong></span> <span class='ocrx_word' id='word_1_127' title='bbox 882 2639 918 2709; x_wconf 85' lang='lat' dir='ltr'><strong>et</strong></span> <span class='ocrx_word' id='word_1_128' title='bbox 935 2633 1072 2728; x_wconf 85' lang='lat' dir='ltr'><strong>dolore,</strong></span> <span class='ocrx_word' id='word_1_129' title='bbox 1089 2634 1211 2729; x_wconf 93' lang='lat' dir='ltr'><strong>primo</strong></span> <span class='ocrx_word' id='word_1_130' title='bbox 1227 2632 1338 2728; x_wconf 88' lang='lat' dir='ltr'><strong>ooepit</strong></span> <span class='ocrx_word' id='word_1_131' title='bbox 1358 2634 1515 2709; x_wconf 88' lang='lat' dir='ltr'><strong>suadere</strong></span> <span class='ocrx_word' id='word_1_132' title='bbox 1524 2626 1563 2727; x_wconf 73' lang='lat'><strong>(²)</strong></span> 
     </span>
     <span class='ocr_line' id='line_1_16' title="bbox 392 2750 1566 2849; baseline 0.003 -22"><span class='ocrx_word' id='word_1_133' title='bbox 392 2750 472 2827; x_wconf 78' lang='lat' dir='ltr'><strong>tiro</strong></span> <span class='ocrx_word' id='word_1_134' title='bbox 498 2753 675 2828; x_wconf 82' lang='lat' dir='ltr'><strong>nodaret</strong></span> <span class='ocrx_word' id='word_1_135' title='bbox 701 2754 811 2828; x_wconf 90' lang='lat' dir='ltr'><strong>liliam</strong></span> <span class='ocrx_word' id='word_1_136' title='bbox 838 2753 1026 2829; x_wconf 79' lang='lat' dir='ltr'><strong>Lauiniam</strong></span> <span class='ocrx_word' id='word_1_137' title='bbox 1056 2754 1178 2848; x_wconf 86' lang='lat' dir='ltr'><strong>Eneae,</strong></span> <span class='ocrx_word' id='word_1_138' title='bbox 1210 2754 1346 2848; x_wconf 85' lang='lat' dir='ltr'><strong>dicens,</strong></span> <span class='ocrx_word' id='word_1_139' title='bbox 1371 2754 1472 2849; x_wconf 84' lang='lat' dir='ltr'><strong>quod</strong></span> <span class='ocrx_word' id='word_1_140' title='bbox 1497 2753 1566 2831; x_wconf 80' lang='lat' dir='ltr'><strong>iste</strong></span> 
     </span>
     <span class='ocr_line' id='line_1_17' title="bbox 392 2872 1566 2971; baseline 0.003 -24"><span class='ocrx_word' id='word_1_141' title='bbox 392 2872 516 2968; x_wconf 81' lang='lat' dir='ltr'><strong>praedo</strong></span> <span class='ocrx_word' id='word_1_142' title='bbox 541 2880 747 2969; x_wconf 86' lang='lat' dir='ltr'><strong>asportaret</strong></span> <span class='ocrx_word' id='word_1_143' title='bbox 771 2892 855 2949; x_wconf 91' lang='lat' dir='ltr'><strong>eam</strong></span> <span class='ocrx_word' id='word_1_144' title='bbox 882 2894 948 2971; x_wconf 88' lang='lat' dir='ltr'><strong>per</strong></span> <span class='ocrx_word' id='word_1_145' title='bbox 970 2896 1075 2949; x_wconf 89' lang='lat' dir='ltr'><strong>mare</strong></span> <span class='ocrx_word' id='word_1_146' title='bbox 1095 2875 1142 2949; x_wconf 89' lang='lat' dir='ltr'><strong>ad</strong></span> <span class='ocrx_word' id='word_1_147' title='bbox 1161 2873 1323 2970; x_wconf 89' lang='lat' dir='ltr'><strong>primum</strong></span> <span class='ocrx_word' id='word_1_148' title='bbox 1344 2882 1566 2969; x_wconf 74' lang='lat' dir='ltr'><strong>ventumst</strong></span> 
     </span>
     <span class='ocr_line' id='line_1_18' title="bbox 391 2992 1566 3091; baseline 0.003 -25"><span class='ocrx_word' id='word_1_149' title='bbox 391 2992 491 3086; x_wconf 84' lang='lat' dir='ltr'><strong>quod</strong></span> <span class='ocrx_word' id='word_1_150' title='bbox 517 2994 574 3068; x_wconf 89' lang='lat' dir='ltr'><strong>bic</strong></span> <span class='ocrx_word' id='word_1_151' title='bbox 600 3000 695 3069; x_wconf 88' lang='lat' dir='ltr'><strong>esset</strong></span> <span class='ocrx_word' id='word_1_152' title='bbox 719 2994 813 3069; x_wconf 89' lang='lat' dir='ltr'><strong>alter</strong></span> <span class='ocrx_word' id='word_1_153' title='bbox 838 2993 941 3069; x_wconf 92' lang='lat' dir='ltr'><strong>Paris</strong></span> <span class='ocrx_word' id='word_1_154' title='bbox 975 2994 1140 3069; x_wconf 90' lang='lat' dir='ltr'><strong>troianus</strong></span> <span class='ocrx_word' id='word_1_155' title='bbox 1165 2994 1321 3088; x_wconf 90' lang='lat' dir='ltr'><strong>adulter,</strong></span> <span class='ocrx_word' id='word_1_156' title='bbox 1347 2996 1412 3089; x_wconf 87' lang='lat' dir='ltr'><strong>qui</strong></span> <span class='ocrx_word' id='word_1_157' title='bbox 1442 2995 1566 3091; x_wconf 89' lang='lat' dir='ltr'><strong>rapuit</strong></span> 
     </span>
     <span class='ocr_line' id='line_1_19' title="bbox 391 3112 1564 3209; baseline 0.003 -23"><span class='ocrx_word' id='word_1_158' title='bbox 391 3112 567 3188; x_wconf 86' lang='lat' dir='ltr'><strong>Helenam</strong></span> <span class='ocrx_word' id='word_1_159' title='bbox 596 3122 634 3189; x_wconf 90' lang='lat' dir='ltr'><strong>et</strong></span> <span class='ocrx_word' id='word_1_160' title='bbox 664 3114 823 3209; x_wconf 89' lang='lat' dir='ltr'><strong>portavit</strong></span> <span class='ocrx_word' id='word_1_161' title='bbox 856 3114 903 3188; x_wconf 89' lang='lat' dir='ltr'><strong>ad</strong></span> <span class='ocrx_word' id='word_1_162' title='bbox 937 3114 1094 3189; x_wconf 86' lang='lat' dir='ltr'><strong>Troiam.</strong></span> <span class='ocrx_word' id='word_1_163' title='bbox 1126 3112 1299 3189; x_wconf 80' lang='lat' dir='ltr'><strong>Finaliter</strong></span> <span class='ocrx_word' id='word_1_164' title='bbox 1333 3121 1415 3209; x_wconf 90' lang='lat' dir='ltr'><strong>post</strong></span> <span class='ocrx_word' id='word_1_165' title='bbox 1448 3115 1564 3189; x_wconf 89' lang='lat' dir='ltr'><strong>multa</strong></span> 
     </span>
     <span class='ocr_line' id='line_1_20' title="bbox 391 3232 1563 3329; baseline 0 -22"><span class='ocrx_word' id='word_1_166' title='bbox 391 3238 429 3307; x_wconf 87' lang='lat' dir='ltr'><strong>et</strong></span> <span class='ocrx_word' id='word_1_167' title='bbox 452 3252 582 3328; x_wconf 90' lang='lat' dir='ltr'><strong>aspera</strong></span> <span class='ocrx_word' id='word_1_168' title='bbox 607 3233 736 3329; x_wconf 90' lang='lat' dir='ltr'><strong>proelia</strong></span> <span class='ocrx_word' id='word_1_169' title='bbox 761 3232 855 3307; x_wconf 88' lang='lat' dir='ltr'><strong>lacta</strong></span> <span class='ocrx_word' id='word_1_170' title='bbox 881 3232 977 3308; x_wconf 87' lang='lat' dir='ltr'><strong>inter</strong></span> <span class='ocrx_word' id='word_1_171' title='bbox 1001 3233 1168 3308; x_wconf 86' lang='lat' dir='ltr'><strong>Turnum</strong></span> <span class='ocrx_word' id='word_1_172' title='bbox 1194 3238 1232 3307; x_wconf 92' lang='lat' dir='ltr'><strong>et</strong></span> <span class='ocrx_word' id='word_1_173' title='bbox 1257 3233 1409 3327; x_wconf 72' lang='lat' dir='ltr'><strong>Bucam,</strong></span> <span class='ocrx_word' id='word_1_174' title='bbox 1435 3233 1563 3329; x_wconf 79' lang='lat' dir='ltr'><strong>regina</strong></span> 
     </span>
     <span class='ocr_line' id='line_1_21' title="bbox 389 3352 1563 3450; baseline 0 -23"><span class='ocrx_word' id='word_1_175' title='bbox 389 3352 531 3449; x_wconf 82' lang='lat' dir='ltr'><strong>Amata,</strong></span> <span class='ocrx_word' id='word_1_176' title='bbox 557 3352 651 3429; x_wconf 89' lang='lat' dir='ltr'><strong>sieut</strong></span> <span class='ocrx_word' id='word_1_177' title='bbox 677 3353 800 3429; x_wconf 83' lang='lat' dir='ltr'><strong>scribit</strong></span> <span class='ocrx_word' id='word_1_178' title='bbox 826 3352 922 3429; x_wconf 89' lang='lat' dir='ltr'><strong>idem</strong></span> <span class='ocrx_word' id='word_1_179' title='bbox 940 3353 1111 3450; x_wconf 83' lang='lat' dir='ltr'><strong>Virgilius</strong></span> <span class='ocrx_word' id='word_1_180' title='bbox 1134 3353 1172 3427; x_wconf 94' lang='lat' dir='ltr'><strong>in</strong></span> <span class='ocrx_word' id='word_1_181' title='bbox 1195 3352 1415 3428; x_wconf 91' lang='lat' dir='ltr'><strong>duodecimo</strong></span> <span class='ocrx_word' id='word_1_182' title='bbox 1440 3359 1478 3428; x_wconf 92' lang='lat' dir='ltr'><strong>et</strong></span> <span class='ocrx_word' id='word_1_183' title='bbox 1502 3354 1563 3427; x_wconf 93' lang='lat' dir='ltr'><strong>ul-</strong></span> 
     </span>
     <span class='ocr_line' id='line_1_22' title="bbox 389 3472 1562 3571; baseline 0 -24"><span class='ocrx_word' id='word_1_184' title='bbox 389 3474 491 3569; x_wconf 89' lang='lat' dir='ltr'><strong>timo,</strong></span> <span class='ocrx_word' id='word_1_185' title='bbox 506 3474 726 3571; x_wconf 89' lang='lat' dir='ltr'><strong>prospiciens</strong></span> <span class='ocrx_word' id='word_1_186' title='bbox 751 3473 798 3549; x_wconf 86' lang='lat' dir='ltr'><strong>de</strong></span> <span class='ocrx_word' id='word_1_187' title='bbox 822 3472 933 3547; x_wconf 94' lang='lat' dir='ltr'><strong>domo</strong></span> <span class='ocrx_word' id='word_1_188' title='bbox 951 3494 1019 3548; x_wconf 89' lang='lat' dir='ltr'><strong>sua</strong></span> <span class='ocrx_word' id='word_1_189' title='bbox 1037 3474 1175 3547; x_wconf 86' lang='lat' dir='ltr'><strong>Eucam</strong></span> <span class='ocrx_word' id='word_1_190' title='bbox 1194 3474 1335 3552; x_wconf 90' lang='lat' dir='ltr'><strong>bostem</strong></span> <span class='ocrx_word' id='word_1_191' title='bbox 1354 3472 1562 3548; x_wconf 84' lang='lat' dir='ltr'><strong>venientem</strong></span> 
     </span>
     <span class='ocr_line' id='line_1_23' title="bbox 388 3592 1563 3687; baseline -0.003 -18"><span class='ocrx_word' id='word_1_192' title='bbox 388 3604 517 3671; x_wconf 85' lang='lat' dir='ltr'><strong>contra</strong></span> <span class='ocrx_word' id='word_1_193' title='bbox 542 3596 770 3669; x_wconf 89' lang='lat' dir='ltr'><strong>Laurentum</strong></span> <span class='ocrx_word' id='word_1_194' title='bbox 797 3592 981 3667; x_wconf 86' lang='lat' dir='ltr'><strong>civilatem</strong></span> <span class='ocrx_word' id='word_1_195' title='bbox 1012 3614 1118 3667; x_wconf 88' lang='lat' dir='ltr'><strong>suam</strong></span> <span class='ocrx_word' id='word_1_196' title='bbox 1150 3593 1351 3668; x_wconf 89' lang='lat' dir='ltr'><strong>immittere</strong></span> <span class='ocrx_word' id='word_1_197' title='bbox 1375 3592 1499 3687; x_wconf 84' lang='lat' dir='ltr'><strong>ignem</strong></span> <span class='ocrx_word' id='word_1_198' title='bbox 1526 3592 1563 3665; x_wconf 94' lang='lat' dir='ltr'><strong>in</strong></span> 
     </span>
     <span class='ocr_line' id='line_1_24' title="bbox 391 3712 1565 3811; baseline 0 -24"><span class='ocrx_word' id='word_1_199' title='bbox 391 3713 540 3807; x_wconf 88' lang='lat' dir='ltr'><strong>moenia,</strong></span> <span class='ocrx_word' id='word_1_200' title='bbox 557 3721 595 3789; x_wconf 89' lang='lat' dir='ltr'><strong>ct</strong></span> <span class='ocrx_word' id='word_1_201' title='bbox 615 3714 732 3789; x_wconf 89' lang='lat' dir='ltr'><strong>nullas</strong></span> <span class='ocrx_word' id='word_1_202' title='bbox 758 3721 887 3811; x_wconf 86' lang='lat' dir='ltr'><strong>gentes</strong></span> <span class='ocrx_word' id='word_1_203' title='bbox 907 3712 1020 3788; x_wconf 88' lang='lat' dir='ltr'><strong>Turni</strong></span> <span class='ocrx_word' id='word_1_204' title='bbox 1046 3718 1175 3788; x_wconf 89' lang='lat' dir='ltr'><strong>contra</strong></span> <span class='ocrx_word' id='word_1_205' title='bbox 1201 3713 1317 3806; x_wconf 87' lang='lat' dir='ltr'><strong>illum,</strong></span> <span class='ocrx_word' id='word_1_206' title='bbox 1334 3713 1487 3787; x_wconf 89' lang='lat' dir='ltr'><strong>credens</strong></span> <span class='ocrx_word' id='word_1_207' title='bbox 1499 3714 1565 3808; x_wconf 84' lang='lat' dir='ltr'><strong>ju-</strong></span> 
     </span>
     <span class='ocr_line' id='line_1_25' title="bbox 390 3832 1564 3929; baseline 0.001 -21"><span class='ocrx_word' id='word_1_208' title='bbox 390 3854 523 3909; x_wconf 87' lang='lat' dir='ltr'><strong>venem</strong></span> <span class='ocrx_word' id='word_1_209' title='bbox 550 3834 739 3910; x_wconf 82' lang='lat' dir='ltr'><strong>infeliciter</strong></span> <span class='ocrx_word' id='word_1_210' title='bbox 756 3834 956 3910; x_wconf 88' lang='lat' dir='ltr'><strong>extinctum</strong></span> <span class='ocrx_word' id='word_1_211' title='bbox 976 3834 1014 3907; x_wconf 93' lang='lat' dir='ltr'><strong>ln</strong></span> <span class='ocrx_word' id='word_1_212' title='bbox 1030 3834 1173 3929; x_wconf 87' lang='lat' dir='ltr'><strong>proelio,</strong></span> <span class='ocrx_word' id='word_1_213' title='bbox 1190 3832 1313 3908; x_wconf 89' lang='lat' dir='ltr'><strong>subito</strong></span> <span class='ocrx_word' id='word_1_214' title='bbox 1329 3833 1457 3909; x_wconf 88' lang='lat' dir='ltr'><strong>dolore</strong></span> <span class='ocrx_word' id='word_1_215' title='bbox 1473 3854 1564 3909; x_wconf 88' lang='lat' dir='ltr'><strong>con·</strong></span> 
     </span>
     <span class='ocr_line' id='line_1_26' title="bbox 391 3954 1562 4049; baseline -0.003 -20"><span class='ocrx_word' id='word_1_216' title='bbox 391 3974 499 4029; x_wconf 89' lang='lat' dir='ltr'><strong>verso</strong></span> <span class='ocrx_word' id='word_1_217' title='bbox 524 3954 562 4029; x_wconf 97' lang='lat' dir='ltr'><strong>in</strong></span> <span class='ocrx_word' id='word_1_218' title='bbox 587 3955 751 4030; x_wconf 90' lang='lat' dir='ltr'><strong>lurorem</strong></span> <span class='ocrx_word' id='word_1_219' title='bbox 779 3963 858 4049; x_wconf 91' lang='lat' dir='ltr'><strong>post</strong></span> <span class='ocrx_word' id='word_1_220' title='bbox 886 3955 1040 4029; x_wconf 91' lang='lat' dir='ltr'><strong>multam</strong></span> <span class='ocrx_word' id='word_1_221' title='bbox 1067 3955 1271 4049; x_wconf 87' lang='lat' dir='ltr'><strong>querelam,</strong></span> <span class='ocrx_word' id='word_1_222' title='bbox 1293 3954 1426 4029; x_wconf 86' lang='lat' dir='ltr'><strong>laniata</strong></span> <span class='ocrx_word' id='word_1_223' title='bbox 1449 3959 1562 4047; x_wconf 67' lang='lat' dir='ltr'><strong>vesta</strong></span> 
     </span>
     <span class='ocr_line' id='line_1_27' title="bbox 390 4074 1563 4171; baseline 0.002 -22"><span class='ocrx_word' id='word_1_224' title='bbox 390 4076 576 4170; x_wconf 89' lang='lat' dir='ltr'><strong>suspendit</strong></span> <span class='ocrx_word' id='word_1_225' title='bbox 597 4098 637 4151; x_wconf 88' lang='lat' dir='ltr'><strong>se</strong></span> <span class='ocrx_word' id='word_1_226' title='bbox 654 4078 787 4171; x_wconf 87' lang='lat' dir='ltr'><strong>laqueo</strong></span> <span class='ocrx_word' id='word_1_227' title='bbox 803 4075 849 4151; x_wconf 89' lang='lat' dir='ltr'><strong>ad</strong></span> <span class='ocrx_word' id='word_1_228' title='bbox 866 4076 979 4151; x_wconf 92' lang='lat' dir='ltr'><strong>altam</strong></span> <span class='ocrx_word' id='word_1_229' title='bbox 998 4076 1163 4151; x_wconf 87' lang='lat' dir='ltr'><strong>trabem:</strong></span> <span class='ocrx_word' id='word_1_230' title='bbox 1181 4082 1219 4150; x_wconf 88' lang='lat' dir='ltr'><strong>et</strong></span> <span class='ocrx_word' id='word_1_231' title='bbox 1235 4074 1421 4169; x_wconf 82' lang='lat' dir='ltr'><strong>continuo,</strong></span> <span class='ocrx_word' id='word_1_232' title='bbox 1442 4084 1563 4151; x_wconf 82' lang='lat' dir='ltr'><strong>morte</strong></span> 
     </span>
     <span class='ocr_line' id='line_1_28' title="bbox 391 4194 1564 4293; baseline -0.003 -23"><span class='ocrx_word' id='word_1_233' title='bbox 391 4196 552 4293; x_wconf 80' lang='lat' dir='ltr'><strong>vulgata,</strong></span> <span class='ocrx_word' id='word_1_234' title='bbox 577 4197 724 4271; x_wconf 89' lang='lat' dir='ltr'><strong>Lavinia</strong></span> <span class='ocrx_word' id='word_1_235' title='bbox 751 4196 820 4271; x_wconf 91' lang='lat' dir='ltr'><strong>lilia</strong></span> <span class='ocrx_word' id='word_1_236' title='bbox 847 4197 1013 4273; x_wconf 88' lang='lat' dir='ltr'><strong>lacerans</strong></span> <span class='ocrx_word' id='word_1_237' title='bbox 1032 4196 1098 4270; x_wconf 90' lang='lat' dir='ltr'><strong>sibi</strong></span> <span class='ocrx_word' id='word_1_238' title='bbox 1119 4214 1243 4270; x_wconf 90' lang='lat' dir='ltr'><strong>roseas</strong></span> <span class='ocrx_word' id='word_1_239' title='bbox 1263 4215 1377 4292; x_wconf 83' lang='lat' dir='ltr'><strong>genas</strong></span> <span class='ocrx_word' id='word_1_240' title='bbox 1394 4201 1433 4270; x_wconf 89' lang='lat' dir='ltr'><strong>et</strong></span> <span class='ocrx_word' id='word_1_241' title='bbox 1450 4194 1564 4269; x_wconf 86' lang='lat' dir='ltr'><strong>llavos</strong></span> 
     </span>
     <span class='ocr_line' id='line_1_29' title="bbox 390 4313 1563 4411; baseline -0.002 -22"><span class='ocrx_word' id='word_1_242' title='bbox 390 4314 510 4389; x_wconf 84' lang='lat' dir='ltr'><strong>crines</strong></span> <span class='ocrx_word' id='word_1_243' title='bbox 535 4315 748 4411; x_wconf 86' lang='lat' dir='ltr'><strong>deplorabat</strong></span> <span class='ocrx_word' id='word_1_244' title='bbox 773 4314 947 4390; x_wconf 88' lang='lat' dir='ltr'><strong>inlamem</strong></span> <span class='ocrx_word' id='word_1_245' title='bbox 983 4321 1141 4390; x_wconf 88' lang='lat' dir='ltr'><strong>mortem</strong></span> <span class='ocrx_word' id='word_1_246' title='bbox 1178 4314 1305 4389; x_wconf 91' lang='lat' dir='ltr'><strong>matris</strong></span> <span class='ocrx_word' id='word_1_247' title='bbox 1329 4316 1481 4389; x_wconf 75' lang='lat' dir='ltr'><strong>Amata.</strong></span> <span class='ocrx_word' id='word_1_248' title='bbox 1507 4313 1563 4387; x_wconf 75' lang='lat' dir='ltr'><strong>Ad</strong></span> 
     </span>
     <span class='ocr_line' id='line_1_30' title="bbox 391 4434 1562 4532; baseline -0.001 -23"><span class='ocrx_word' id='word_1_249' title='bbox 391 4434 535 4511; x_wconf 86' lang='lat' dir='ltr'><strong>literam</strong></span> <span class='ocrx_word' id='word_1_250' title='bbox 557 4454 659 4532; x_wconf 82' lang='lat' dir='ltr'><strong>ergo,</strong></span> <span class='ocrx_word' id='word_1_251' title='bbox 677 4441 784 4529; x_wconf 87' lang='lat' dir='ltr'><strong>poeta</strong></span> <span class='ocrx_word' id='word_1_252' title='bbox 809 4434 966 4509; x_wconf 89' lang='lat' dir='ltr'><strong>ostendit</strong></span> <span class='ocrx_word' id='word_1_253' title='bbox 991 4434 1178 4529; x_wconf 87' lang='lat' dir='ltr'><strong>quomodo</strong></span> <span class='ocrx_word' id='word_1_254' title='bbox 1198 4434 1266 4508; x_wconf 90' lang='lat' dir='ltr'><strong>ista</strong></span> <span class='ocrx_word' id='word_1_255' title='bbox 1290 4434 1399 4509; x_wconf 88' lang='lat' dir='ltr'><strong>tertia</strong></span> <span class='ocrx_word' id='word_1_256' title='bbox 1425 4434 1562 4529; x_wconf 85' lang='lat' dir='ltr'><strong>speeies</strong></span> 
     </span>
     <span class='ocr_line' id='line_1_31' title="bbox 391 4554 1561 4650; baseline 0 -21"><span class='ocrx_word' id='word_1_257' title='bbox 391 4556 455 4630; x_wconf 85' lang='lat' dir='ltr'><strong>irae</strong></span> <span class='ocrx_word' id='word_1_258' title='bbox 481 4554 631 4630; x_wconf 91' lang='lat' dir='ltr'><strong>suborta</strong></span> <span class='ocrx_word' id='word_1_259' title='bbox 657 4560 712 4629; x_wconf 88' lang='lat' dir='ltr'><strong>est</strong></span> <span class='ocrx_word' id='word_1_260' title='bbox 738 4555 774 4627; x_wconf 94' lang='lat' dir='ltr'><strong>in</strong></span> <span class='ocrx_word' id='word_1_261' title='bbox 803 4559 925 4630; x_wconf 87' lang='lat' dir='ltr'><strong>mente</strong></span> <span class='ocrx_word' id='word_1_262' title='bbox 951 4574 1018 4628; x_wconf 88' lang='lat' dir='ltr'><strong>sua</strong></span> <span class='ocrx_word' id='word_1_263' title='bbox 1044 4576 1110 4650; x_wconf 87' lang='lat' dir='ltr'><strong>per</strong></span> <span class='ocrx_word' id='word_1_264' title='bbox 1142 4576 1255 4630; x_wconf 91' lang='lat' dir='ltr'><strong>unam</strong></span> <span class='ocrx_word' id='word_1_265' title='bbox 1289 4554 1561 4629; x_wconf 89' lang='lat' dir='ltr'><strong>similitudinem</strong></span> 
     </span>
     <span class='ocr_line' id='line_1_32' title="bbox 388 4675 1563 4775; baseline -0.003 -24"><span class='ocrx_word' id='word_1_266' title='bbox 388 4678 574 4775; x_wconf 89' lang='lat' dir='ltr'><strong>propriam</strong></span> <span class='ocrx_word' id='word_1_267' title='bbox 602 4684 638 4751; x_wconf 91' lang='lat' dir='ltr'><strong>et</strong></span> <span class='ocrx_word' id='word_1_268' title='bbox 663 4677 814 4768; x_wconf 89' lang='lat' dir='ltr'><strong>claram,</strong></span> <span class='ocrx_word' id='word_1_269' title='bbox 835 4675 958 4751; x_wconf 88' lang='lat' dir='ltr'><strong>dicans</strong></span> <span class='ocrx_word' id='word_1_270' title='bbox 984 4676 1252 4751; x_wconf 86' lang='lat' dir='ltr'><strong>continuative:</strong></span> <span class='ocrx_word' id='word_1_271' title='bbox 1279 4681 1312 4749; x_wconf 84' lang='lat' dir='ltr'><em>E</em></span> <span class='ocrx_word' id='word_1_272' title='bbox 1325 4696 1422 4749; x_wconf 85' lang='lat' dir='ltr'><strong>come</strong></span> <span class='ocrx_word' id='word_1_273' title='bbox 1444 4682 1563 4766; x_wconf 72' lang='lat' dir='ltr'><strong>presta</strong></span> 
     </span>
     <span class='ocr_line' id='line_1_33' title="bbox 387 4795 1563 4893; baseline -0.004 -19"><span class='ocrx_word' id='word_1_274' title='bbox 387 4802 554 4891; x_wconf 68' lang='lat' dir='ltr'><strong>mpure,</strong></span> <span class='ocrx_word' id='word_1_275' title='bbox 586 4798 687 4891; x_wconf 84' lang='lat' dir='ltr'><strong>idest,</strong></span> <span class='ocrx_word' id='word_1_276' title='bbox 724 4796 847 4871; x_wconf 89' lang='lat' dir='ltr'><strong>statim</strong></span> <span class='ocrx_word' id='word_1_277' title='bbox 876 4816 964 4873; x_wconf 88' lang='lat' dir='ltr'><strong>cum</strong></span> <span class='ocrx_word' id='word_1_278' title='bbox 998 4796 1065 4873; x_wconf 79' lang='lat' dir='ltr'><strong>ista</strong></span> <span class='ocrx_word' id='word_1_279' title='bbox 1097 4795 1321 4893; x_wconf 82' lang='lat' dir='ltr'><strong>imaginatio,</strong></span> <span class='ocrx_word' id='word_1_280' title='bbox 1352 4816 1497 4887; x_wconf 85' lang='lat' dir='ltr'><strong>rompeo</strong></span> <span class='ocrx_word' id='word_1_281' title='bbox 1525 4814 1563 4869; x_wconf 82' lang='lat' dir='ltr'><strong>se</strong></span> 
     </span>
    </p>
   </div>
   <div class='ocr_carea' id='block_1_5' title="bbox 450 5049 1401 5117">
    <p class='ocr_par' dir='ltr' id='par_1_5' title="bbox 450 5049 1401 5117">
     <span class='ocr_line' id='line_1_34' title="bbox 450 5049 1401 5117; baseline -0.007 -11"><span class='ocrx_word' id='word_1_282' title='bbox 450 5056 478 5117; x_wconf 70' lang='lat'><strong>(¹)</strong></span> <span class='ocrx_word' id='word_1_283' title='bbox 494 5056 526 5105; x_wconf 86' lang='grc' dir='ltr'><strong>Ε.</strong></span> <span class='ocrx_word' id='word_1_284' title='bbox 542 5052 639 5107; x_wconf 82' lang='lat' dir='ltr'><strong>sdllcet</strong></span> <span class='ocrx_word' id='word_1_285' title='bbox 654 5066 730 5106; x_wconf 82' lang='lat' dir='ltr'><strong>uxor.</strong></span> <span class='ocrx_word' id='word_1_286' title='bbox 980 5049 1008 5113; x_wconf 79' lang='lat'><strong>(¹)</strong></span> <span class='ocrx_word' id='word_1_287' title='bbox 1025 5051 1056 5103; x_wconf 82' lang='lat' dir='ltr'><strong>li.</strong></span> <span class='ocrx_word' id='word_1_288' title='bbox 1072 5050 1182 5103; x_wconf 79' lang='lat' dir='ltr'><strong>sundere</strong></span> <span class='ocrx_word' id='word_1_289' title='bbox 1198 5050 1255 5117; x_wconf 63' lang='lat' dir='ltr'><strong>regl</strong></span> <span class='ocrx_word' id='word_1_290' title='bbox 1269 5064 1304 5104; x_wconf 80' lang='lat' dir='ltr'><strong>ue</strong></span> <span class='ocrx_word' id='word_1_291' title='bbox 1318 5050 1401 5103; x_wconf 74' lang='lat' dir='ltr'><strong>leret.</strong></span> 
     </span>
    </p>
   </div>
   <div class='ocr_carea' id='block_1_6' title="bbox 0 0 2276 6837">
    <p class='ocr_par' dir='ltr' id='par_1_6' title="bbox 0 0 2276 6837">
     <span class='ocr_line' id='line_1_35' title="bbox 0 0 2276 6837; baseline 0 0"><span class='ocrx_word' id='word_1_292' title='bbox 0 0 2276 6837; x_wconf 95' lang='lat' dir='ltr'><strong> </strong></span> 
     </span>
    </p>
   </div>
  </div>
 </body>
</html>
