4542 6842
804 1029 945 1085 caurus
969 1029 1146 1097 ouranos.
1494 1014 1563 1081 titt

392 1171 518 1247 relicta
544 1170 673 1267 patria,
698 1170 793 1246 sicut
815 1172 903 1248 otim
929 1173 1159 1249 athenienses
1177 1174 1355 1267 fecerunt,
1383 1172 1564 1248 reducere

389 1310 431 1367 se
453 1291 502 1365 ad
526 1290 737 1387 praedictam
768 1298 910 1387 petram
927 1293 1271 1390 inexpugnabilem,
1303 1302 1341 1369 et
1371 1293 1420 1367 ibi
1449 1313 1564 1388 erpe-

391 1418 494 1488 ctare
518 1412 566 1487 ad
591 1418 737 1506 tempus
761 1413 808 1488 ad
832 1414 1045 1489 evitandum
1071 1414 1248 1509 impeturn
1272 1414 1372 1508 belti3
1400 1413 1462 1489 sed
1490 1434 1563 1487 non

391 1532 460 1607 tuit
483 1532 692 1628 expediens,
718 1533 805 1627 quia
821 1533 941 1609 dictus
956 1534 1165 1629 Gbibertus,
1185 1533 1361 1609 recedens
1385 1556 1407 1610 a
1433 1555 1566 1631 campo

290 1674 302 1689 ‘
391 1652 625 1746 imperatoris
657 1651 820 1727 incitavit
856 1653 1110 1748 bononienses,
1150 1653 1362 1729 florentinos
1401 1663 1439 1729 et
1475 1655 1565 1730 alios

392 1780 519 1851 contra
547 1773 661 1847 ittum.
680 1774 768 1848 Erat
786 1780 913 1850 autem
938 1774 1065 1850 civitas
1090 1774 1230 1872 Regina
1249 1774 1285 1848 in
1304 1796 1439 1872 magno
1462 1778 1564 1871 tiore,

392 1894 567 1989 frequens
592 1894 825 1969 multitudine
849 1892 985 1990 populi,
1009 1893 1202 1971 abundans
1235 1895 1359 1969 moitis
1385 1896 1566 1970 nobilibus

392 2014 689 2110 domibusque
716 2014 753 2087 in
786 2022 861 2089 tam
896 2014 999 2090 brevi
1029 2036 1144 2089 cursu
1176 2015 1323 2093 devenit
1351 2015 1397 2090 ad
1424 2022 1562 2091 tantam

392 2136 667 2228 desolationem,
693 2135 792 2229 quod
816 2136 898 2211 eius
922 2136 1021 2211 cives
1051 2142 1139 2211 sunt
1162 2136 1313 2232 dispersi
1348 2157 1412 2231 per
1449 2144 1565 2211 totam

391 2257 544 2331 ltaliam.
575 2258 619 2331 Et
651 2256 709 2331 bic
739 2262 824 2330 nota
858 2256 956 2351 quod
992 2256 1049 2331 bic
1082 2278 1189 2331 mons
1220 2258 1439 2333 Bismantoae
1467 2257 1568 2333 vide-

392 2382 457 2451 tur
488 2376 628 2452 babere
643 2368 680 2469 (¹)
708 2395 881 2472 magnam
907 2376 1181 2451 similitudinem
1213 2398 1299 2454 cum
1328 2384 1452 2453 monte
1478 2399 1568 2473 pur·

392 2497 541 2595 potorii,
580 2497 667 2591 quin
706 2505 763 2571 est
798 2496 996 2571 attissimus
1036 2517 1158 2593 mons,
1196 2498 1315 2574 elatus
1352 2498 1398 2573 ad
1435 2497 1566 2593 sidera,

357 2704 363 2714 Ι
392 2618 621 2712 tortisstmus,
647 2638 694 2691 er
721 2616 805 2691 vivo
830 2636 932 2710 saxo,
953 2616 998 2690 ad
1025 2638 1138 2712 quem
1165 2638 1238 2692 uon
1264 2618 1473 2693 ascenditur
1499 2618 1566 2693 nisi

393 2758 462 2835 per
487 2759 600 2812 unam
619 2738 715 2812 viam
744 2742 966 2831 tortuosam3
992 2745 1030 2812 et
1054 2737 1091 2811 in
1111 2736 1324 2812 summitate
1349 2744 1404 2811 est
1430 2737 1567 2831 tertitis,

396 2858 459 2933 ubi
483 2860 597 2932 bomo
621 2863 693 2932 stat
717 2863 820 2931 tutus
844 2856 893 2931 ab
918 2856 1092 2950 hostibus,
1113 2856 1471 2932 circumsonantibus
1497 2879 1568 2930 un-

394 2978 507 3073 dique
530 2976 742 3072 strepitibus
769 2977 977 3070 beliorum3
1010 2983 1048 3051 et
1080 2978 1159 3051 baec
1189 2978 1312 3052 omnia
1343 2976 1506 3053 invenies
1531 2977 1568 3050 iu

395 3099 465 3175 isto
491 3105 618 3174 monte
636 3096 849 3193 purgatorii,
866 3096 895 3170 si
913 3097 1014 3171 votes
1030 3094 1286 3191 perspicaciter
1304 3096 1449 3171 intueri.
1469 3096 1570 3171 Unde

396 3220 511 3295 bomo
541 3226 641 3293 stans
671 3217 708 3292 iu
737 3216 950 3292 summitate
978 3216 1089 3292 buius
1112 3223 1239 3313 petre,
1265 3217 1411 3293 videtur
1442 3217 1567 3293 omnia

397 3340 536 3415 babere
561 3338 631 3413 sub
655 3338 819 3434 pedibus,
840 3336 888 3412 ita
915 3338 1015 3432 quod
1037 3343 1135 3413 terra
1154 3337 1304 3411 interior
1322 3336 1466 3413 videtur
1487 3358 1568 3413 esse

396 3458 562 3534 internos
587 3458 735 3532 intimus
759 3456 819 3531 itti.
845 3457 897 3531 lta
916 3457 973 3532 vir
989 3458 1128 3553 positus
1144 3456 1182 3530 in
1203 3456 1415 3532 summitate
1438 3458 1571 3533 montis

396 3578 612 3676 purgatorii,
638 3577 742 3670 idest,
768 3577 805 3650 iu
831 3575 1054 3673 perfectione
1078 3576 1234 3671 virtutis,
1262 3577 1358 3652 videt
1384 3578 1568 3653 internum

396 3700 466 3775 sub
490 3698 642 3795 pedibus
673 3696 760 3793 suis,
786 3697 850 3792 qui
882 3703 938 3773 ost
962 3698 1065 3772 locus
1089 3698 1297 3793 suppositus
1322 3698 1571 3793 etoppositus

397 3818 478 3913 isti3
505 3827 543 3894 et
571 3818 623 3893 sic
647 3817 887 3913 propinquius
911 3818 1007 3892 coelo
1031 3818 1245 3913 speculatur
1270 3819 1342 3893 atta
1369 3818 1567 3893 et'divina.

398 3940 495 4037 Ergo
532 3939 628 4013 bene
663 3938 749 4012 dicit
786 3944 915 4033 poeta:
953 3940 1103 4012 moniaci
1138 3958 1179 4011 su
1218 3940 1435 4029 Btrmontoa,
1467 3936 1570 4031 idest,

399 4059 590 4155 usquead
617 4058 867 4133 summitatem
895 4080 980 4153 quae
1003 4058 1111 4154 ptaua
1142 4066 1217 4153 est3
1246 4066 1284 4134 et
1308 4058 1420 4153 addit,
1446 4062 1484 4132 in
1508 4080 1571 4131 ca-

398 4202 508 4270 mme,
534 4182 604 4255 boc
635 4178 731 4274 dicit,
758 4178 844 4273 quia
877 4178 913 4253 in
951 4178 1018 4254 ista
1053 4179 1266 4256 summitate
1296 4186 1350 4255 est
1383 4202 1456 4255 una
1487 4202 1571 4277 pars

398 4302 436 4375 in
460 4308 630 4377 extremo
654 4299 820 4375 eminens
851 4305 890 4373 et
917 4300 1034 4376 altior.
1065 4300 1172 4375 Modo
1202 4300 1283 4374 rutt
1311 4298 1433 4375 dicere
1461 4306 1572 4376 autor

399 4421 499 4516 qood
524 4442 599 4495 non
624 4420 743 4495 sotum
770 4419 818 4495 ab
843 4420 993 4495 bomine
1018 4424 1136 4515 potest
1168 4420 1211 4493 iri
1242 4420 1288 4495 ad
1318 4421 1570 4496 summitatem
1600 4420 1607 4431 '

398 4532 562 4634 buiust')
587 4540 734 4636 montis,
759 4540 823 4615 sed
848 4539 960 4615 etiam
985 4538 1032 4613 ad
1056 4538 1177 4635 ipsum
1203 4560 1382 4615 cacumen
1409 4540 1571 4635 particu-

399 4665 488 4739 lare.
515 4664 596 4737 Non
620 4683 711 4759 ergo
739 4662 849 4755 dicas,
878 4660 973 4735 sicut
995 4660 1108 4755 atiqoi
1138 4660 1364 4759 ignoranter,
1383 4660 1481 4755 quon
1510 4682 1573 4735 ca-

398 4805 496 4859 cnmc
514 4783 561 4858 sit
580 4782 675 4857 alius
699 4782 802 4857 iocus
826 4780 1016 4856 distinctus
1032 4781 1080 4855 ab
1102 4780 1184 4874 isto,
1210 4780 1346 4855 scilicet
1365 4800 1485 4854 unum
1510 4800 1574 4857 ca·

399 4905 546 4979 stolium
571 4904 803 4995 altissimum,
824 4902 946 4977 nescio
973 4901 1054 4995 ubi3
1081 4902 1179 4995 quod
1204 4907 1324 4975 totum
1346 4907 1401 4975 est
1417 4922 1568 4997 vanum,

400 5042 507 5053 --

462 5093 490 5155 (¹)
505 5093 538 5143 B.
554 5094 650 5145 urbere
665 5094 868 5144 similitudinem.

463 5166 491 5232 (¹)
507 5168 539 5220 li.
555 5168 634 5233 ipsius
649 5170 753 5231 montis,
769 5168 815 5220 rsa
829 5170 908 5219 etiam
926 5166 958 5218 ad
974 5177 1109 5217 cacumen.
