4542 6842
742 943 813 1008 472
1101 951 1305 1007 nomentum
1329 952 1550 1007 eunonium

742 1099 780 1173 in
805 1097 1028 1193 proximum,
1051 1098 1082 1168 st
1100 1098 1235 1188 pinnae
1259 1091 1413 1188 nunquid
1428 1097 1467 1169 di
1484 1101 1589 1186 sotto,
1608 1094 1711 1189 idest,
1732 1099 1916 1191 purgetur

744 1221 780 1295 in
806 1220 922 1293 tribus
951 1215 1096 1293 circulis
1122 1216 1365 1311 inferioribus,
1385 1217 1432 1291 de
1457 1216 1593 1311 quibus
1612 1217 1692 1311 jam
1720 1221 1917 1289 tractatum

741 1347 807 1435 est,
832 1340 882 1413 ita
911 1338 1011 1433 quod
1048 1337 1195 1430 respicit
1223 1337 1270 1411 nd
1302 1338 1425 1412 locum
1452 1357 1526 1411 non
1554 1336 1601 1411 ad
1626 1336 1774 1411 librum.
1788 1374 1839 1389 -
1855 1339 1918 1409 Or.

741 1463 847 1538 Nunc
864 1459 1034 1556 Virgilius
1057 1458 1224 1553 procedit
1243 1458 1292 1533 ad
1312 1457 1609 1555 distinguendum
1628 1476 1796 1532 amorem
1817 1456 1915 1547 boni,

744 1588 785 1656 ut
810 1580 977 1655 ostendat
1002 1598 1085 1685 quae
1111 1587 1261 1673 peccate
1286 1577 1570 1652 committuntur
1594 1577 1692 1653 circa
1717 1576 1848 1673 ipsum.
1869 1576 1914 1649 Et

743 1700 864 1796 primo
889 1698 1017 1773 invitat
1040 1702 1212 1773 autorem
1237 1697 1285 1771 ad
1309 1697 1547 1772 attentionem
1569 1695 1722 1771 atterius
1743 1694 1914 1789 membri,

744 1820 886 1895 dicens:
918 1824 970 1893 Or
995 1820 1122 1891 vo’cbe
1147 1826 1183 1891 tu
1207 1820 1286 1891 deit'
1298 1818 1392 1890 nitro
1415 1819 1566 1904 intende,
1589 1816 1692 1909 idest,
1709 1815 1795 1891 roio
1816 1813 1914 1909 quod

744 1938 923 2035 intelliges
953 1938 1000 2013 de
1029 1937 1101 2012 aiio
1132 1956 1273 2031 amore,
1298 1935 1435 2011 scilicet
1467 1936 1573 2030 boni;
1601 1934 1698 2010 unde
1722 1934 1831 2009 dicit:
1857 1936 1916 2007 cite

743 2080 848 2133 come
872 2061 911 2131 ot
935 2058 997 2131 ben
1013 2077 1079 2131 con
1100 2059 1225 2129 ordine
1241 2062 1407 2129 corrono.
1425 2055 1563 2131 Deinde
1579 2055 1706 2130 volens
1722 2054 1916 2129 ostendere

744 2180 843 2255 unde
859 2179 1002 2253 oriatur
1017 2176 1156 2252 accidia
1174 2177 1361 2271 praemittit
1379 2198 1495 2251 unum
1509 2176 1684 2272 generate
1696 2174 1915 2271 principium

744 2298 992 2376 necessarium
1026 2297 1073 2373 ad
1106 2298 1187 2391 boc,
1221 2297 1364 2372 dicens:
1397 2302 1537 2371 ctnsmn
1577 2300 1845 2391 confusumenoe
1869 2316 1918 2369 rm

745 2422 827 2495 bene
844 2421 1036 2513 apprende,
1055 2418 1157 2512 idest,
1175 2418 1362 2513 cognoscit
1379 2438 1497 2493 unum
1518 2438 1651 2493 verum
1669 2424 1707 2493 et
1725 2437 1915 2491 summum

731 2540 898 2633 bonum,
925 2538 1012 2633 quia
1038 2538 1161 2610 nulius
1186 2543 1240 2612 est
1266 2544 1342 2612 tam
1367 2538 1550 2613 barbarus
1582 2536 1646 2631 qui
1676 2558 1750 2613 non
1780 2558 1918 2635 cogno-

747 2666 826 2734 scat
854 2659 891 2732 in
921 2658 1073 2733 confuso
1098 2658 1217 2733 Deum
1250 2678 1342 2753 esse,
1371 2661 1430 2731 net
1455 2662 1541 2751 quet
1566 2663 1599 2733 ei
1626 2662 1718 2749 eneti
1747 2660 1915 2750 ranno,

747 2777 835 2873 quia
861 2778 922 2851 tati
947 2778 1045 2852 bono
1069 2777 1297 2873 apprehenso
1322 2778 1411 2851 nibil
1437 2778 1592 2853 ulterius
1615 2777 1825 2853 desiderare
1849 2798 1917 2873 po-

749 2905 844 2991 test3
870 2897 953 2973 ideo
977 2897 1080 2971 dicit:
1115 2920 1134 2970 e
1165 2899 1297 2989 desire,
1323 2897 1426 2993 idest,
1450 2899 1632 2975 deciderat
1660 2898 1748 2973 iliud
1776 2899 1916 2973 bonum

748 3017 847 3112 quod
877 3024 986 3113 petet,
1014 3013 1144 3110 percite*
1171 3020 1312 3091 ciascun
1343 3022 1521 3110 contende,
1551 3019 1653 3113 idest,
1684 3027 1850 3112 conatur,
1880 3020 1919 3091 di

746 3143 896 3232 ffinyner
920 3141 981 3229 ini,
1006 3138 1108 3233 idest,
1134 3137 1223 3213 iliud
1248 3139 1399 3213 bonnm.
1426 3139 1536 3236 Ergo,
1560 3160 1599 3213 se
1622 3142 1713 3213 tento
1739 3159 1862 3212 amore
1879 3142 1918 3211 tn

747 3262 797 3334 tni
820 3260 926 3332 oeder
951 3261 987 3331 oi
1010 3261 1094 3349 tiro,
1120 3257 1267 3351 scilicet,
1293 3259 1340 3334 ad
1365 3258 1484 3355 ipsum
1515 3260 1822 3357 cognoscendum,
1847 3279 1869 3332 o
1894 3279 1920 3331 n

748 3383 798 3454 tut
821 3382 1030 3472 acquistare,
1057 3378 1160 3472 idest,
1187 3378 1245 3454 vei
1271 3379 1318 3454 ad
1342 3379 1462 3475 ipsum
1485 3378 1748 3474 requirendum
1766 3371 1817 3473 (¹),
1837 3400 1921 3470 qene-

747 3508 803 3575 stn
827 3502 979 3590 cornice,
1004 3498 1107 3592 idest,
1133 3499 1201 3573 iste
1226 3498 1388 3573 circulus
1420 3507 1586 3595 quartus,
1613 3520 1654 3573 ne
1686 3520 1731 3572 ne
1755 3492 1920 3589 notra,

750 3620 852 3714 idest,
876 3619 992 3715 punit,
1018 3621 1111 3711 dopo
1126 3622 1240 3709 cincto
1261 3622 1390 3711 pendi,
1412 3618 1499 3713 quia
1522 3619 1646 3694 nuilus
1670 3618 1718 3694 nd
1743 3626 1922 3715 purgato-

749 3741 847 3815 rium
873 3738 1012 3814 accedit
1047 3738 1111 3813 nisi
1142 3740 1243 3833 juste
1272 3737 1472 3833 poenitens3
1498 3745 1536 3813 et
1565 3739 1634 3813 iste
1663 3758 1772 3814 amor
1802 3738 1922 3813 lentus

651 3852 653 3855 ’
751 3866 906 3935 vocatur
930 3858 1078 3933 accidia.
1092 3860 1265 3931 -Attro
1292 3858 1358 3932 Hic
1385 3857 1518 3932 ultimo
1550 3858 1720 3955 Virgilius
1750 3857 1921 3933 describit

750 3978 849 4053 aliud
874 3979 1014 4053 bonum
1039 3978 1300 4053 secundarium
1317 3999 1341 4052 a
1358 3999 1433 4072 quo
1450 3978 1622 4054 oriuntur
1646 3978 1717 4053 elia
1735 3978 1805 4053 tria
1822 3979 1920 4053 vitia.

752 4099 842 4175 Dicit
868 4120 975 4195 ergo:
1002 4103 1102 4173 Attro
1128 4100 1210 4173 bene
1234 4095 1267 4189 e‘,
1292 4098 1437 4192 scilicet,
1459 4099 1732 4194 secundarium,
1752 4100 1922 4195 voluptu-¹

752 4221 850 4295 rium
869 4210 919 4314 (¹),
937 4222 996 4294 cde
1020 4240 1092 4293 non
1114 4224 1156 4315 sn
1181 4222 1298 4293 t'nom
1320 4222 1433 4313 selice,
1451 4219 1546 4294 siout
1564 4220 1649 4295 iacit
1666 4220 1827 4315 orimum
1852 4222 1922 4299 bo·

752 4361 864 4434 num;
891 4346 928 4415 et
952 4341 1023 4415 boc
1046 4339 1199 4433 bonum,
1223 4360 1295 4413 non
1321 4329 1503 4433 dsetieitd,
1528 4339 1664 4415 scilicet
1688 4358 1790 4435 vere,
1807 4360 1879 4415 non
1903 4339 1925 4417 e'

751 4464 788 4534 to
804 4461 934 4552 mono,
951 4461 1097 4556 scilicet,
1115 4460 1303 4535 beatitudo
1317 4449 1375 4555 (³);
1393 4459 1475 4535 ideo
1491 4460 1596 4536 dicit:
1614 4484 1634 4534 e
1648 4462 1687 4534 tn
1700 4464 1836 4554 radice,
1853 4463 1924 4538 sci-

751 4581 846 4674 licet,
875 4582 955 4655 tatis
980 4580 1065 4656 boni
1090 4580 1242 4673 iortuiti,
1267 4576 1289 4654 e*
1310 4600 1419 4654 senza
1443 4583 1547 4654 noun
1572 4582 1663 4655 bnon
1684 4585 1808 4676 sinuo,
1838 4582 1924 4676 quia

751 4722 825 4778 non
850 4701 944 4796 parit
962 4720 1089 4775 reram
1107 4699 1381 4777 beatitudinem.
1400 4701 1517 4796 Ergo:
1536 4703 1677 4775 tamor
1692 4703 1754 4774 cite
1769 4704 1820 4775 nd
1834 4722 1925 4793 eno,

752 4821 899 4916 scilicet,
917 4821 1003 4895 buic
1027 4821 1124 4896 bono
1150 4820 1279 4914 saliani,
1301 4827 1427 4913 troppo
1450 4821 1708 4912 sobbnndono,
1725 4821 1833 4895 nimis
1854 4822 1924 4895 im-

817 5078 844 5143 (¹)
860 5078 886 5130 S.
902 5093 917 5131 e
933 5079 964 5130 lt.
981 5080 1176 5145 acquirendum.
1254 5077 1282 5141 (³)
1296 5077 1322 5129 S.
1340 5080 1523 5131 voluntarium.
1596 5079 1623 5143 t')
1640 5084 1696 5141 1¹7,
1710 5080 1769 5131 telis
1786 5079 1924 5133 necundo.
