4542 6842
732 960 803 1027 494
1088 972 1295 1029 cousurmr
1319 974 1541 1029 runonuomr

732 1118 906 1194 factorem
924 1139 1047 1212 suum,
1069 1118 1132 1213 qui
1151 1118 1372 1195 liberaverat
1388 1139 1459 1195 eos
1469 1118 1516 1193 de
1538 1118 1767 1193 amarissima
1787 1116 1905 1191 servi-

732 1243 811 1314 tute
839 1238 1081 1336 aegyptiorum
1108 1260 1175 1333 per
1206 1241 1367 1337 lloysem
1392 1260 1480 1315 cum
1506 1238 1810 1315 manifestissimis
1834 1238 1905 1312 mi-

731 1358 875 1453 raculis,
902 1367 940 1434 et
964 1360 1108 1454 aperuit
1135 1380 1251 1451 mare,
1277 1360 1416 1455 inquo
1442 1358 1570 1435 mersit
1595 1360 1837 1455 Pharaonem,
1866 1367 1904 1434 et

732 1478 830 1573 pavit
855 1500 918 1554 eos
946 1501 1079 1555 manna
1105 1480 1142 1553 in
1168 1480 1326 1575 deserto,
1346 1487 1384 1555 et
1400 1480 1470 1555 alia
1491 1479 1667 1555 beneficia
1689 1479 1905 1555 innumera-

730 1597 817 1673 bilia
842 1599 944 1696 lecit3
970 1607 1008 1675 et
1034 1607 1158 1676 tanmn
1183 1600 1334 1675 luerunt
1359 1607 1435 1675 tam
1461 1600 1560 1694 lenti,
1586 1600 1674 1696 imo,
1700 1608 1743 1674 ut
1772 1600 1905 1676 melius

730 1718 862 1813 dicam,
888 1726 963 1794 tarn
991 1720 1140 1817 maligni
1172 1727 1211 1796 et
1240 1720 1372 1816 ingrati
1404 1720 1503 1815 quod
1529 1720 1772 1817 quadraginta
1798 1720 1905 1795 annis

731 1844 952 1913 erraverunt
976 1859 1043 1935 per
1068 1840 1268 1935 desertum,
1294 1847 1333 1915 et
1357 1860 1453 1936 saepe
1478 1840 1678 1914 voluerunt
1704 1841 1840 1915 reverti
1866 1841 1904 1916 in

731 1957 942 2054 AEgyptum,
975 1966 1012 2033 et
1043 1978 1141 2055 sepe
1173 1959 1372 2035 voluerunt
1406 1965 1570 2035 mactare
1602 1959 1737 2033 ducem
1770 1974 1904 2055 suum,

731 2078 813 2153 ideo
838 2078 941 2154 dicit:
968 2086 1004 2153 et
1026 2078 1074 2153 illi
1093 2080 1168 2153 duo
1188 2080 1399 2155 mordentes
1415 2078 1604 2172 accidiam,
1622 2082 1756 2153 doelro
1775 2102 1799 2153 o
1816 2084 1904 2172 triti,

732 2197 818 2294 quia
836 2199 1009 2294 postremi
1028 2205 1145 2293 erant,
1165 2202 1302 2291 decan,
1315 2199 1507 2294 cantando,
1523 2203 1644 2291 prima
1658 2204 1718 2293 suc
1735 2207 1852 2273 morlo
1869 2202 1906 2273 la

730 2324 842 2410 pente,
873 2319 1018 2413 scilicet,
1051 2320 1300 2415 hebreorum,
1327 2320 1389 2415 qui
1420 2320 1572 2395 luerunt
1602 2321 1699 2397 ultra
1733 2327 1905 2396 sexcenta

732 2438 843 2514 millia
870 2438 1046 2535 virorum,
1064 2462 1089 2513 a
1113 2444 1169 2513 nn·
1191 2444 1219 2515 il
1241 2444 1367 2515 mors'
1379 2462 1516 2536 operor,
1534 2461 1600 2534 per
1625 2445 1764 2515 tactum
1792 2440 1907 2537 rirgae

731 2558 854 2655 Moysi,
880 2562 940 2631 olle
964 2562 1117 2649 Jordan,
1135 2558 1200 2654 qui
1224 2566 1280 2634 est
1304 2560 1439 2633 durius
1456 2558 1493 2633 in
1510 2558 1668 2635 confinio
1688 2559 1764 2636 sire
1784 2560 1905 2656 primo

733 2679 900 2775 ingressu
925 2679 1050 2753 Terrae
1076 2680 1228 2775 Sancte,
1255 2683 1392 2756 uedmsc
1417 2682 1448 2753 lc
1463 2684 1547 2753 rede
1562 2702 1635 2770 suc,
1663 2680 1749 2774 quia
1774 2700 1904 2754 omnes

733 2798 872 2874 mortui
897 2806 983 2872 sunt
1007 2806 1208 2893 antequam
1232 2800 1468 2894 pervenirent
1493 2799 1539 2874 ad
1558 2799 1769 2893 Iordanem,
1790 2819 1903 2894 quem

732 2924 857 3017 postea
884 2918 1048 2995 baeredes
1072 2939 1203 2995 eorum
1226 2920 1475 2995 transiverunt
1491 2920 1587 2995 sicco
1609 2919 1711 3014 pede,
1728 2920 1822 2995 sicut
1839 2941 1905 3013 pa-

733 3044 809 3113 tres
836 3039 1078 3114 transiverant
1103 3060 1219 3114 mare.
1246 3039 1315 3135 lpsi
1336 3039 1434 3114 enim
1453 3039 1557 3133 quasi
1570 3038 1658 3134 jure
1674 3038 1906 3114 haereditario

733 3157 916 3234 debebant
942 3160 1141 3234 succedere
1167 3160 1370 3235 interram
1396 3159 1569 3234 Cbanaan
1595 3158 1812 3253 promissam
1838 3158 1905 3232 sibi

732 3281 957 3375 allomin03
986 3282 1043 3355 vel
1075 3281 1133 3355 dic
1164 3301 1187 3355 e
1216 3300 1414 3355 converso:
1441 3285 1641 3374 antequam
1671 3281 1791 3354 haeres
1816 3300 1907 3353 suus

734 3400 874 3475 videret
905 3401 1178 3476 Iordanem-
1191 3405 1224 3473 Ε
1251 3404 1375 3494 quello
1408 3400 1474 3475 llic
1506 3405 1611 3495 poeta
1642 3398 1759 3496 tangit
1790 3398 1905 3473 alium

734 3518 906 3595 ellectum
934 3520 1116 3594 vilissimae
1142 3519 1290 3595 accidiae
1308 3520 1344 3593 in
1362 3526 1472 3617 gente
1489 3520 1644 3613 troiana,
1661 3518 1708 3593 de
1724 3538 1799 3612 qua
1816 3517 1907 3592 scri-

733 3640 787 3715 bit
811 3638 982 3736 Virgilius
1007 3639 1052 3712 lv
1079 3640 1245 3735 Eneidos,
1271 3640 1371 3735 quod
1395 3660 1482 3714 cum
1508 3640 1626 3714 Eneas
1645 3640 1683 3713 in
1703 3637 1822 3713 Sicilia
1846 3658 1909 3713 oe-

733 3762 895 3837 lebraret
920 3761 1025 3835 ludos
1050 3760 1097 3835 ad
1127 3762 1316 3835 tumulum
1342 3760 1497 3835 Anchise
1527 3760 1620 3857 patri
1646 3780 1727 3853 suo,
1756 3758 1907 3853 quidam
1997 3765 2001 3771 ’

733 3900 852 3975 senes,
872 3882 1043 3977 juvenes,
1064 3888 1102 3955 et
1120 3880 1295 3956 mulieres
1318 3880 1455 3977 fatigati
1474 3880 1581 3977 longa
1601 3878 1907 3976 peregrinatione,

735 4001 784 4078 et'
797 4002 941 4098 mugnis
966 4000 1154 4075 laboribus
1179 4000 1361 4076 extaediati
1382 3988 1629 4077 incenderunt
1659 4020 1771 4075 nares
1796 4000 1906 4073 Enete

735 4142 783 4199 ne
807 4122 986 4198 baberent
1013 4121 1168 4197 ulterius
1187 4121 1363 4219 navigare
1388 4127 1425 4197 et
1450 4122 1578 4197 subire
1607 4141 1700 4195 nova
1727 4118 1907 4216 pericula3

736 4242 870 4338 quibus
900 4243 1018 4317 lineas
1043 4264 1133 4315 usus
1159 4239 1293 4318 seriori
1307 4234 1345 4333 (⁴)
1376 4240 1525 4316 oonsilio
1555 4238 1741 4315 constituit
1771 4258 1906 4313 noram

735 4370 873 4440 terrum
900 4364 937 4437 in
958 4363 1088 4457 Sicilia,
1108 4362 1171 4436 ubi
1189 4362 1337 4458 reliquit
1353 4366 1470 4437 totam
1487 4352 1524 4454 (¹)
1541 4360 1690 4435 turbam
1709 4358 1906 4433 imbellem.

736 4484 827 4559 llicit
852 4504 959 4581 ergo:
987 4507 1005 4558 e
1034 4488 1161 4577 ontio,
1188 4482 1347 4578 seilicet,-
1363 4502 1474 4580 gens,
1506 4486 1544 4557 et
1575 4499 1663 4556 non
1680 4479 1779 4556 dicas
1809 4479 1909 4575 quod

737 4608 910 4701 loquutur
936 4605 982 4680 de
1008 4604 1158 4699 Creusa,
1185 4604 1279 4679 sicut
1307 4603 1457 4699 quidam
1490 4602 1618 4677 volunt
1646 4608 1684 4677 et
1715 4601 1824 4697 male,
1848 4604 1909 4675 cle

736 4730 760 4801 t’
772 4732 919 4821 offonno
944 4748 1016 4799 nou
1041 4731 1197 4820 soperse,
1227 4724 1330 4819 idest,
1356 4745 1430 4800 non
1455 4723 1626 4799 tolerarit
1650 4722 1829 4819 patienter
1855 4723 1909 4798 la-

737 4847 878 4940 borem,
896 4848 952 4919 col
970 4849 1107 4939 fiplirrol
1125 4847 1320 4937 d'drmbrse,
1342 4844 1443 4937 idest,
1461 4844 1582 4937 lineae,
1596 4845 1671 4935 rino
1696 4844 1735 4915 al
1753 4844 1848 4937 fiam·
1870 4847 1908 4917 at

793 5058 827 5167 ¹l'l
843 5103 874 5155 E·
889 5104 1040 5155 nulum·
1051 5108 1105 5165 iil,
1122 5104 1228 5156 reatori.
1408 5102 1436 5168 (b
1453 5102 1483 5155 ll.
1499 5102 1607 5167 rollqull
1622 5114 1716 5153 uorum
1733 5100 1846 5152 urbm
