4542 6842
732 969 872 1024 caurus
896 968 1054 1024 uumuus
1078 968 1244 1036 oumrus.
1506 957 1575 1027 421

393 1115 528 1212 purali,
554 1113 618 1190 sed
644 1120 793 1210 propter
809 1107 846 1207 (¹)
873 1114 961 1189 illud
986 1122 1135 1211 propter
1169 1114 1269 1210 quod
1298 1114 1388 1210 petit
1419 1114 1481 1190 ille
1512 1114 1577 1210 qui

401 1234 499 1310 ridet
523 1240 667 1311 tantum
694 1254 781 1310 cum
807 1235 916 1310 oculo
942 1235 1129 1331 spirituali.
1151 1235 1222 1324 Qui
1247 1234 1345 1310 euim
1366 1235 1464 1310 videt
1487 1255 1576 1310 cum

400 1356 508 1432 oculu
530 1355 712 1451 corporali
729 1361 872 1430 tautum
895 1356 996 1431 solet
1026 1362 1154 1452 petere
1170 1355 1217 1430 de
1237 1355 1439 1430 intentione
1462 1354 1576 1430 animi

400 1483 444 1551 ut
467 1477 707 1570 certioretur3
734 1475 798 1570 qui
824 1495 914 1551 vero
944 1476 1043 1552 videt
1067 1497 1155 1552 oum
1186 1477 1296 1552 oculo
1314 1473 1514 1572 spirituali,
1540 1482 1578 1551 et

400 1597 587 1694 cognoscit
611 1595 882 1692 dispositionem
909 1596 1157 1692 intrinsecam,
1175 1617 1250 1671 nou
1270 1597 1359 1692 petit
1375 1589 1412 1690 (²)
1429 1597 1477 1672 ad
1493 1617 1577 1672 cer-

402 1717 610 1793 tiorandum
637 1737 688 1811 se,
714 1717 778 1792 sed
802 1716 850 1792 ad
875 1716 1171 1791 confirmandum
1192 1715 1380 1791 hominem
1400 1716 1438 1790 in
1464 1716 1577 1790 rebus

401 1837 531 1913 dubis.
558 1838 613 1912 Ad
637 1837 781 1913 literam
808 1857 918 1934 ergo:
945 1836 1031 1912 dicit
1055 1836 1247 1933 Virgilius:
1274 1841 1355 1910 Non
1379 1839 1576 1927 amanum

401 1961 462 2032 ode
484 1960 557 2051 dui,
580 1979 646 2051 per
671 1962 750 2050 quel
778 1961 837 2032 ode
862 1962 955 2052 sore,
981 1957 1085 2052 idest,
1112 1965 1263 2053 propter
1292 1957 1391 2032 illam
1422 1978 1574 2033 oausam

401 2085 690 2174 propterquam
722 2078 812 2173 petil
841 2079 954 2154 nomo
984 2077 1149 2152 mortalis
1179 2076 1215 2150 iu
1246 2097 1403 2172 corpore
1437 2077 1576 2174 vivens,

401 2201 456 2272 olli
479 2203 623 2290 puordo
644 2220 716 2292 pur
732 2220 799 2274 con
819 2201 986 2290 turoldo,
1003 2197 1150 2291 scilieet,
1169 2198 1362 2292 corporali,
1382 2201 1455 2289 rte,
1473 2197 1576 2295 idest,
1716 2218 1719 2222 ·

401 2318 466 2412 qui
491 2319 633 2414 oculus
650 2339 724 2392 non
745 2321 829 2392 uode
844 2321 988 2412 qnando
1007 2320 1173 2412 ilrmpn,
1191 2317 1338 2412 scilieet,
1356 2319 1575 2414 humanum,

400 2438 857 2533 praemonstrandus,
874 2445 1086 2533 mortuum3
1105 2437 1193 2532 quia
1210 2445 1291 2533 post
1308 2443 1467 2514 mortem
1485 2460 1577 2514 oon·

402 2559 460 2632 lus
489 2557 645 2632 heminis
676 2579 749 2633 non
781 2558 890 2654 videt,
917 2558 980 2634 sed
1014 2557 1211 2654 spiritualis
1245 2558 1307 2632 sic.
1338 2557 1442 2634 Unde
1470 2559 1575 2635 dicit:

401 2699 460 2752 ma
485 2681 692 2752 dmondmi
710 2701 778 2772 per
802 2683 872 2753 dor
893 2682 1003 2773 [οντα
1024 2682 1063 2752 ol
1079 2682 1195 2772 ptrue,
1222 2679 1286 2773 qui
1312 2681 1505 2776 tremebat,
1539 2688 1577 2756 et

402 2797 555 2873 timebat
568 2798 707 2875 intrare
724 2800 847 2874 locum
866 2799 928 2873 ubi
946 2805 1128 2896 purgatur
1145 2799 1212 2892 ira,
1233 2799 1296 2873 ubi
1313 2807 1458 2894 oportet
1477 2800 1576 2895 quod

403 2919 515 2992 homo
541 2919 704 3006 remittat
728 2918 880 2994 iniurias
904 2927 941 2994 et
966 2919 1134 3014 offensas,
1157 2926 1195 2993 et
1211 2918 1358 2994 abiiciat
1374 2919 1576 3015 appetitum

403 3038 582 3113 vindicta.
608 3039 711 3114 Unde
737 3039 830 3134 ride,
856 3039 956 3134 qrrod
981 3040 1065 3114 licet
1089 3039 1183 3114 ratio
1200 3038 1374 3114 suaderet
1390 3040 1501 3114 istum
1520 3041 1578 3115 iu·

403 3161 568 3254 troitum,
595 3167 720 3236 tamen
746 3161 863 3256 passio
889 3160 1133 3255 dissuadebat,
1155 3167 1193 3236 et
1217 3159 1380 3236 dicebat:
1408 3162 1491 3236 volo
1512 3182 1578 3257 po-

403 3281 476 3356 tius
501 3282 556 3356 ire
582 3301 648 3377 per
674 3300 823 3356 omnem
841 3280 940 3355 viam
957 3280 1101 3375 interni,
1119 3301 1233 3375 quam
1252 3300 1318 3375 per
1338 3281 1456 3356 istam.
1475 3282 1578 3357 Unde

402 3387 507 3478 dieit:
533 3394 605 3476 cosi
629 3403 805 3476 corneres
826 3406 991 3496 stupore,
1015 3401 1118 3496 idest,
1136 3401 1329 3476 stimulare
1345 3408 1383 3476 et
1399 3422 1576 3498 pungere,

402 3524 416 3596 i
434 3525 547 3616 pigra,
565 3523 660 3612 euti,
677 3520 742 3615 qui
759 3529 845 3595 sunt
862 3520 956 3596 tardi
981 3521 1027 3596 ad
1053 3521 1303 3616 poeoitentiam
1332 3521 1479 3615 quando
1504 3528 1578 3596 ste·

403 3649 529 3719 terunt
553 3641 616 3716 diu
643 3641 679 3714 in
704 3661 835 3716 somno
861 3642 1010 3737 peccati,
1037 3646 1087 3717 od
1110 3645 1277 3716 asertor
1300 3645 1419 3732 vigilia
1436 3643 1578 3734 wando

402 3766 512 3856 dede,
533 3762 636 3857 idest,
654 3762 801 3856 quando
828 3762 1037 3837 excitantur
1062 3769 1100 3838 et
1123 3763 1367 3858 disponuntur
1388 3763 1434 3837 ad
1460 3763 1578 3859 poeui·

404 3884 582 3976 tentiam3
608 3882 659 3957 ita
685 3883 783 3977 quod
810 3882 981 3979 Virgilius
1007 3882 1044 3957 in
1070 3883 1129 3958 illa
1160 3882 1333 3978 petitione
1363 3903 1431 3958 sua
1457 3904 1578 3979 pupu-

404 4010 510 4099 gerat
534 4003 653 4098 ipsum
681 4002 800 4095 tacite,
835 4003 940 4097 quasi
965 4003 1122 4080 diceret:
1156 4005 1203 4078 ah
1233 4004 1334 4078 oanis
1366 4005 1578 4100 inhumane,

405 4143 521 4216 quare
546 4142 587 4197 es
603 4121 731 4197 tardus
747 4122 795 4196 ad
812 4123 1039 4218 parcendum
1050 4127 1066 4194 l
1077 4163 1129 4178 -
1142 4126 1220 4197 Nol.
1238 4122 1304 4198 llic
1321 4124 1452 4199 ultimo
1468 4131 1577 4221 poeta

305 4245 312 4256 '
403 4241 577 4318 claudens
602 4241 802 4338 capitulum
831 4243 945 4340 tangit
975 4243 1170 4318 materiam
1200 4244 1387 4338 sequentis
1417 4245 1578 4341 capituli,

404 4381 489 4456 quae
514 4367 568 4437 est
592 4361 639 4438 de
663 4382 773 4457 poeua
798 4361 1075 4458 iracundorum,
1102 4371 1140 4438 et
1164 4363 1284 4459 primo
1320 4363 1435 4460 tangit
1465 4386 1577 4439 suum

404 4501 629 4576 processum,
654 4481 799 4557 diceus:
826 4487 895 4556 Not
920 4486 1099 4557 andenam
1121 4505 1191 4577 per
1213 4487 1248 4557 lo
1277 4505 1421 4577 vespero
1447 4490 1578 4579 udoni,

400 4602 449 4677 ad
474 4622 608 4677 novam
630 4608 668 4676 et
683 4602 816 4678 sortem
842 4603 1047 4697 materiam,
1065 4607 1168 4696 ultre,
1185 4601 1434 4699 pronepotes
1450 4608 1502 4696 pli
1518 4627 1579 4679 oo-

401 4723 458 4796 olu'
477 4723 832 4814 monastratura
856 4725 870 4795 i
893 4726 1013 4815 raom,
1038 4723 1185 4818 scilieet,
1203 4724 1300 4818 solis,
1324 4727 1506 4799 serotinis
1525 4728 1580 4799 lu-

401 4845 503 4933 centi,
529 4841 616 4935 quia
642 4840 752 4917 tiebat
777 4861 872 4937 sero,
899 4849 937 4916 et
962 4842 1015 4916 sol
1041 4843 1195 4918 tendens
1212 4844 1258 4917 ad
1283 4863 1456 4919 occasum
1476 4853 1578 4921 recte

467 5091 495 5156 (¹)
510 5092 542 5144 Β.
558 5093 603 5144 red
618 5093 810 5158 propterquod
826 5093 900 5158 petit.
1034 5091 1063 5157 (¹)
1079 5099 1133 5157 lla,
1150 5097 1215 5159 petit
1230 5095 1425 5147 eertlfleuudum
1439 5109 1476 5159 se,
1492 5097 1545 5149 red.
