4542 6842
699 954 768 1021 178
1055 963 1260 1019 conuuruu
1283 962 1502 1019 runoamnn

697 1116 754 1187 ἰη’
767 1116 900 1204 aniam,
936 1109 1021 1187 cb'e‘
1046 1119 1153 1205 postu
1185 1116 1263 1186 sota
1295 1114 1429 1186 sotettu
1464 1110 1509 1183 Et
1542 1109 1601 1184 bic
1637 1115 1736 1205 nota,
1770 1107 1869 1203 quod

696 1239 802 1327 poeta
828 1231 929 1329 pouit
954 1232 1161 1307 Sordeltum
1186 1237 1399 1328 separatum
1424 1250 1447 1304 a
1472 1228 1707 1305 multitudiue
1732 1248 1867 1327 magua

696 1361 917 1429 caeterarum
943 1353 1166 1447 animarum,
1188 1352 1330 1429 ratione
1353 1350 1597 1445 excelientiae3
1618 1350 1706 1445 quia
1723 1350 1792 1425 iuit
1808 1349 1866 1425 vir

697 1472 888 1570 singularis
914 1473 1059 1547 virtutis
1084 1473 1121 1547 in
1152 1472 1302 1566 mundo,
1328 1471 1412 1546 iicet
1446 1468 1678 1565 impaenitens
1711 1470 1748 1543 in
1779 1470 1865 1544 vita.

697 1592 793 1690 Ergo
805 1594 906 1690 ponit
926 1592 1131 1667 Sordelium
1150 1592 1282 1686 solum,
1301 1592 1395 1666 sieut
1414 1587 1626 1664 Saiadinum
1646 1590 1684 1663 in
1699 1588 1867 1683 inieru03

697 1712 756 1789 vel
782 1714 882 1809 ponit
913 1715 1007 1787 bauo
1036 1712 1200 1786 animam
1228 1711 1357 1805 solam,
1384 1710 1486 1803 idest,
1518 1710 1738 1804 solitariam3
1767 1709 1868 1784 unde

697 1834 818 1929 audio,
851 1834 949 1929 quod
984 1834 1067 1909 iecit
1097 1832 1244 1926 tibrum,
1275 1832 1337 1926 qui
1358 1826 1396 1923 (¹)
1431 1830 1636 1905 intitulatur
1672 1833 1869 1905 Tbesemau

703 1955 972 2045 Tbesuurorum,
999 1973 1111 2047 quem
1139 1972 1345 2046 numquam
1373 1949 1455 2024 vidi.
1475 1951 1518 2023 lit
1534 1949 1637 2025 dicit:
1655 1970 1675 2023 a
1690 1972 1793 2025 vaso
1808 1952 1871 2023 not

698 2075 889 2165 menardo,
914 2080 952 2147 et
977 2093 1049 2145 non
1075 2072 1193 2146 currit
1216 2070 1264 2146 ad
1289 2070 1484 2145 videndum
1513 2090 1591 2165 nos,
1614 2068 1710 2144 sicut
1732 2070 1794 2145 aiii
1814 2071 1868 2144 ie-

700 2202 843 2289 cerunt,
870 2194 956 2288 quia
983 2213 1056 2267 non
1086 2192 1232 2267 videbat
1263 2193 1447 2286 umbram,
1473 2192 1531 2267 vel
1561 2191 1647 2285 quia
1678 2191 1871 2287 magnani-

698 2334 782 2387 mus
808 2320 898 2387 erat.
925 2314 970 2385 Et
993 2312 1100 2387 dicit:
1127 2314 1240 2403 quella
1265 2333 1309 2386 oe
1324 2302 1509 2402 ’menneo
1533 2314 1571 2383 tu
1599 2314 1658 2385 oio
1676 2306 1741 2404 pid
1766 2319 1868 2403 tosto,

698 2433 800 2527 idest,
826 2430 1003 2508 leviorem
1028 2450 1235 2507 ascensum.
1261 2434 1305 2506 ut
1337 2431 1505 2527 ostendit,
1538 2431 1726 2525 quomodo
1754 2450 1869 2507 rene-

699 2553 745 2627 rit
760 2545 796 2646 (²)
816 2554 861 2628 ad
880 2574 961 2629 eam
981 2553 1068 2647 quia
1086 2553 1146 2627 iila
1162 2572 1237 2627 non
1255 2552 1423 2627 veniebat
1442 2550 1490 2626 ad
1507 2570 1583 2645 eos,
1603 2550 1737 2649 disens,
1755 2570 1866 2648 ergo:

706 2676 880 2747 Verommo
905 2692 930 2745 a
954 2676 1018 2747 lei:
1051 2678 1087 2747 et
1119 2672 1293 2747 continuo
1323 2692 1370 2747 er
1404 2670 1647 2746 admiratione
1678 2672 1767 2746 tanti
1800 2671 1870 2745 viri

697 2774 902 2890 prorumpit
927 2792 965 2867 in
991 2793 1070 2869 eius
1096 2793 1452 2870 commendationem
1482 2794 1746 2888 apostrophans
1771 2810 1870 2865 nunc
1927 2838 1930 2844 ·

698 2914 853 2989 adeam
884 2921 922 2988 et
955 2914 1097 2990 dicens:
1129 2919 1160 2988 0
1189 2917 1310 2987 amma
1338 2914 1539 3005 lombarda,
1572 2912 1735 3007 quiade
1766 2914 1869 2987 bian-

700 3040 763 3107 tua
802 3040 896 3128 erat,
931 3034 1077 3109 civitate
1110 3033 1354 3129 bombardae,
1389 3032 1495 3128 quasi
1531 3032 1646 3109 dicat:
1682 3052 1706 3108 o
1743 3032 1867 3107 anima

688 3154 921 3229 admirabilis
938 3154 1033 3229 inter
1050 3154 1275 3229 lombardas!
1299 3175 1396 3227 come
1421 3156 1446 3227 ti
1469 3156 1561 3228 stovi
1579 3156 1729 3227 alterae
1747 3155 1866 3227 disde-

697 3297 824 3369 9nosa,
851 3276 937 3372 quia
963 3275 1148 3351 Sordelius
1174 3275 1242 3348 iuit
1265 3274 1327 3350 alti
1352 3275 1466 3349 animi
1497 3281 1535 3351 et
1558 3274 1776 3372 indignantis
1801 3292 1868 3347 na·

697 3405 804 3492 turm,
831 3395 978 3491 quando
1004 3395 1150 3470 videbat
1174 3397 1234 3470 vei
1259 3395 1430 3470 audiebat
1455 3394 1576 3492 turpia
1602 3402 1640 3471 et
1663 3395 1863 3470 inhonesta.

698 3517 800 3592 Unde
825 3516 967 3591 dieitte
990 3518 1049 3589 net
1072 3536 1193 3589 moder
1217 3517 1310 3607 denti
1332 3518 1428 3589 oreti
1447 3524 1568 3589 ortestu
1594 3538 1614 3588 e
1638 3517 1765 3589 turdo:
1781 3514 1869 3609 quia

697 3644 778 3715 erat
803 3637 859 3709 vir
885 3637 980 3710 bene
1005 3636 1229 3731 compositus
1254 3642 1291 3710 et
1316 3636 1411 3711 bene
1438 3641 1614 3710 moratus.
1630 3638 1781 3709 -uou
1804 3634 1870 3709 Hie

698 3764 806 3853 poeta
831 3756 987 3831 ostendit
1013 3755 1200 3851 quomodo
1225 3756 1412 3831 Sordeilus
1429 3776 1470 3831 se
1490 3755 1659 3832 babuerit
1681 3778 1767 3831 oum
1785 3774 1871 3851 per·

579 3976 582 3983 Ι
698 3880 881 3953 venissent
894 3869 931 3971 (³)
959 3876 1005 3951 ad
1030 3897 1129 3971 eum,
1157 3884 1194 3952 et
1225 3877 1412 3972 quomodo
1446 3876 1616 3974 Virgilius
1648 3875 1816 3974 petiverit
1830 3864 1869 3969 (⁸)

698 3999 744 4073 de
769 3998 840 4092 via,
866 4004 903 4071 et
928 4016 994 4093 per
1024 3996 1095 4071 boe
1125 3996 1341 4071 devenerint
1355 3988 1392 4090 (⁵)
1429 3996 1466 4069 iu
1500 3996 1745 4093 coguitionem
1774 3997 1868 4072 eius.

698 4119 790 4193 Dicit
814 4138 929 4212 ergo:
948 4120 1028 4207 ello,
1047 4116 1182 4190 scilieet
1208 4116 1332 4191 anima
1353 4116 1517 4212 Sordetii‚
1534 4138 1608 4189 non
1624 4121 1657 4190 ci
1671 4120 1791 4191 &aava
1811 4120 1869 4191 ot-

698 4260 790 4313 cuna
813 4260 910 4330 cosa,
936 4238 1023 4331 quia
1049 4257 1121 4310 non
1148 4237 1303 4311 curabat
1328 4237 1374 4312 de
1399 4237 1503 4311 nobis
1528 4236 1742 4335 incognitis3
1768 4237 1868 4313 uude

697 4358 801 4435 dicit:
828 4360 986 4431 museto
1011 4360 1256 4448 byoardundo
1280 4360 1482 4431 tusciarum
1505 4360 1604 4452 9ire;
1638 4364 1676 4433 et
1704 4356 1868 4433 declarat

698 4476 850 4552 modum
880 4496 947 4572 per
978 4496 1091 4551 unam
1125 4477 1438 4570 comparationem
1467 4477 1640 4572 nobilem,
1669 4478 1817 4554 diceus:
1843 4498 1870 4552 o

697 4602 799 4691 orosa
825 4601 865 4671 di
888 4600 965 4671 leon
990 4599 1132 4689 quarum
1156 4599 1189 4670 si
1198 4618 1292 4690 posu
1304 4623 1320 4690 ‚·
1346 4598 1383 4670 in
1404 4598 1474 4672 boc
1489 4597 1646 4672 ostendit
1671 4617 1761 4673 eum
1785 4618 1867 4673 ma·

697 4718 925 4816 gnanimum.
958 4716 1031 4791 Leo
1062 4716 1161 4793 enim
1194 4717 1454 4814 magnanimus
1488 4738 1562 4791 non
1596 4720 1768 4793 moretur
1799 4736 1869 4793 nee

699 4848 806 4913 curat
831 4858 918 4913 eum
938 4837 1087 4933 quinon
1106 4838 1275 4913 molestat
1292 4856 1392 4912 eum.
1410 4838 1575 4912 Habebat
1595 4856 1686 4934 ergo
1701 4836 1868 4912 animum

761 5026 790 5085 (⁸)
805 5027 859 5083 117,
876 5024 921 5089 qui
937 5024 1091 5088 appellatur.
1155 5024 1184 5088 (¹)
1200 5024 1230 5075 li.
1246 5028 1374 5075 remanat
1388 5026 1423 5075 ad
1436 5036 1505 5085 eam,
1521 5024 1627 5075 tieem
1646 5024 1781 5075 om

762 5100 788 5163 t')
804 5098 830 5150 s·
847 5101 1011 5164 perventur
1156 5102 1183 5165 ι’)
1200 5106 1254 5164 nr,
1271 5102 1405 5167 movent
1482 5100 1510 5164 (¹)
1526 5101 1557 5152 n.
1573 5114 1589 5153 ο
1605 5104 1660 5163 aar,
1675 5100 1843 5153 mimi.
