<?xml version="1.0" encoding="UTF-8"?>
<!DOCTYPE html PUBLIC "-//W3C//DTD XHTML 1.0 Transitional//EN"
    "http://www.w3.org/TR/xhtml1/DTD/xhtml1-transitional.dtd">
<html xmlns="http://www.w3.org/1999/xhtml" xml:lang="en" lang="en">
 <head>
  <title>
</title>
<meta http-equiv="Content-Type" content="text/html;charset=utf-8" />
  <meta name='ocr-system' content='tesseract 3.04.00' />
  <meta name='ocr-capabilities' content='ocr_page ocr_carea ocr_par ocr_line ocrx_word'/>
</head>
<body>
  <div class='ocr_page' id='page_1' title='image "./comentumsuperda01unkngoog_0036.png"; bbox 0 0 4542 6842; ppageno 0'>
   <div class='ocr_carea' id='block_1_1' title="bbox 669 888 1478 954">
    <p class='ocr_par' dir='ltr' id='par_1_1' title="bbox 669 888 1478 954">
     <span class='ocr_line' id='line_1_1' title="bbox 669 888 1478 954; baseline -0.007 0"><span class='ocrx_word' id='word_1_1' title='bbox 669 888 715 954; x_wconf 79' lang='lat'>26</span> <span class='ocrx_word' id='word_1_2' title='bbox 1031 895 1235 950; x_wconf 81' lang='lat' dir='ltr'>conunruu</span> <span class='ocrx_word' id='word_1_3' title='bbox 1259 898 1478 950; x_wconf 81' lang='lat' dir='ltr'>runenronn</span> 
     </span>
    </p>
   </div>
   <div class='ocr_carea' id='block_1_2' title="bbox 667 1038 1844 2220">
    <p class='ocr_par' dir='ltr' id='par_1_2' title="bbox 667 1038 1844 2220">
     <span class='ocr_line' id='line_1_2' title="bbox 667 1038 1841 1136; baseline 0 -22"><span class='ocrx_word' id='word_1_4' title='bbox 667 1040 786 1136; x_wconf 90' lang='lat' dir='ltr'>primo</span> <span class='ocrx_word' id='word_1_5' title='bbox 812 1040 874 1133; x_wconf 92' lang='lat' dir='ltr'>qui</span> <span class='ocrx_word' id='word_1_6' title='bbox 908 1039 979 1115; x_wconf 89' lang='lat' dir='ltr'>sint</span> <span class='ocrx_word' id='word_1_7' title='bbox 1008 1038 1069 1132; x_wconf 92' lang='lat' dir='ltr'>qui</span> <span class='ocrx_word' id='word_1_8' title='bbox 1103 1046 1301 1113; x_wconf 89' lang='lat' dir='ltr'>evaserunt</span> <span class='ocrx_word' id='word_1_9' title='bbox 1334 1040 1382 1113; x_wconf 91' lang='lat' dir='ltr'>ab</span> <span class='ocrx_word' id='word_1_10' title='bbox 1415 1040 1569 1135; x_wconf 80' lang='lat' dir='ltr'>interno,</span> <span class='ocrx_word' id='word_1_11' title='bbox 1601 1043 1699 1117; x_wconf 91' lang='lat' dir='ltr'>unde</span> <span class='ocrx_word' id='word_1_12' title='bbox 1730 1043 1841 1116; x_wconf 85' lang='lat' dir='ltr'>dicit:</span> 
     </span>
     <span class='ocr_line' id='line_1_3' title="bbox 667 1159 1844 1255; baseline 0.003 -21"><span class='ocrx_word' id='word_1_13' title='bbox 667 1164 750 1235; x_wconf 78' lang='lat' dir='ltr'>uos’</span> <span class='ocrx_word' id='word_1_14' title='bbox 762 1163 817 1233; x_wconf 84' lang='lat' dir='ltr'>ei:</span> <span class='ocrx_word' id='word_1_15' title='bbox 844 1159 979 1233; x_wconf 84' lang='lat' dir='ltr'>scilicet</span> <span class='ocrx_word' id='word_1_16' title='bbox 999 1159 1059 1233; x_wconf 86' lang='lat' dir='ltr'>ille</span> <span class='ocrx_word' id='word_1_17' title='bbox 1079 1160 1169 1233; x_wconf 88' lang='lat' dir='ltr'>Cato</span> <span class='ocrx_word' id='word_1_18' title='bbox 1186 1166 1261 1233; x_wconf 87' lang='lat' dir='ltr'>lam</span> <span class='ocrx_word' id='word_1_19' title='bbox 1280 1161 1495 1254; x_wconf 86' lang='lat' dir='ltr'>luminosus,</span> <span class='ocrx_word' id='word_1_20' title='bbox 1515 1165 1570 1234; x_wconf 84' lang='lat' dir='ltr'>obt</span> <span class='ocrx_word' id='word_1_21' title='bbox 1587 1166 1667 1235; x_wconf 81' lang='lat' dir='ltr'>stete</span> <span class='ocrx_word' id='word_1_22' title='bbox 1691 1167 1760 1255; x_wconf 83' lang='lat' dir='ltr'>voi,</span> <span class='ocrx_word' id='word_1_23' title='bbox 1786 1164 1844 1237; x_wconf 94' lang='lat' dir='ltr'>lo-</span> 
     </span>
     <span class='ocr_line' id='line_1_4' title="bbox 668 1258 1844 1376; baseline 0.004 -22"><span class='ocrx_word' id='word_1_24' title='bbox 668 1281 794 1375; x_wconf 89' lang='lat' dir='ltr'>quitur</span> <span class='ocrx_word' id='word_1_25' title='bbox 807 1300 893 1353; x_wconf 87' lang='lat' dir='ltr'>eum</span> <span class='ocrx_word' id='word_1_26' title='bbox 907 1279 1149 1354; x_wconf 75' lang='lat' dir='ltr'>admiratione</span> <span class='ocrx_word' id='word_1_27' title='bbox 1166 1280 1282 1354; x_wconf 86' lang='lat' dir='ltr'>iactus</span> <span class='ocrx_word' id='word_1_28' title='bbox 1299 1281 1464 1376; x_wconf 88' lang='lat' dir='ltr'>stupidus</span> <span class='ocrx_word' id='word_1_29' title='bbox 1482 1283 1642 1358; x_wconf 88' lang='lat' dir='ltr'>novitate</span> <span class='ocrx_word' id='word_1_30' title='bbox 1661 1258 1844 1359; x_wconf 79' lang='lat' dir='ltr'>reinum·</span> 
     </span>
     <span class='ocr_line' id='line_1_5' title="bbox 668 1399 1843 1501; baseline 0.005 -27"><span class='ocrx_word' id='word_1_31' title='bbox 668 1421 780 1496; x_wconf 86' lang='lat' dir='ltr'>quam</span> <span class='ocrx_word' id='word_1_32' title='bbox 807 1401 896 1475; x_wconf 89' lang='lat' dir='ltr'>alias</span> <span class='ocrx_word' id='word_1_33' title='bbox 922 1399 1019 1495; x_wconf 79' lang='lat' dir='ltr'>visa,</span> <span class='ocrx_word' id='word_1_34' title='bbox 1048 1403 1218 1474; x_wconf 81' lang='lat' dir='ltr'>movendo</span> <span class='ocrx_word' id='word_1_35' title='bbox 1243 1405 1351 1494; x_wconf 83' lang='lat' dir='ltr'>puelle</span> <span class='ocrx_word' id='word_1_36' title='bbox 1375 1409 1490 1478; x_wconf 77' lang='lat' dir='ltr'>onesta</span> <span class='ocrx_word' id='word_1_37' title='bbox 1511 1406 1640 1496; x_wconf 72' lang='lat' dir='ltr'>pium,</span> <span class='ocrx_word' id='word_1_38' title='bbox 1663 1405 1765 1501; x_wconf 89' lang='lat' dir='ltr'>idest,</span> <span class='ocrx_word' id='word_1_39' title='bbox 1787 1407 1843 1480; x_wconf 90' lang='lat' dir='ltr'>lo·</span> 
     </span>
     <span class='ocr_line' id='line_1_6' title="bbox 669 1521 1844 1621; baseline 0.006 -27"><span class='ocrx_word' id='word_1_40' title='bbox 669 1521 833 1617; x_wconf 82' lang='lat' dir='ltr'>quend03</span> <span class='ocrx_word' id='word_1_41' title='bbox 852 1523 921 1596; x_wconf 89' lang='lat' dir='ltr'>boo</span> <span class='ocrx_word' id='word_1_42' title='bbox 937 1543 1005 1617; x_wconf 93' lang='lat' dir='ltr'>pro</span> <span class='ocrx_word' id='word_1_43' title='bbox 1024 1528 1124 1595; x_wconf 89' lang='lat' dir='ltr'>tanto</span> <span class='ocrx_word' id='word_1_44' title='bbox 1142 1521 1238 1616; x_wconf 81' lang='lat' dir='ltr'>dicit,</span> <span class='ocrx_word' id='word_1_45' title='bbox 1256 1522 1344 1616; x_wconf 88' lang='lat' dir='ltr'>quia</span> <span class='ocrx_word' id='word_1_46' title='bbox 1363 1522 1545 1616; x_wconf 90' lang='lat' dir='ltr'>loquendo</span> <span class='ocrx_word' id='word_1_47' title='bbox 1564 1525 1736 1599; x_wconf 89' lang='lat' dir='ltr'>movebat</span> <span class='ocrx_word' id='word_1_48' title='bbox 1752 1527 1844 1621; x_wconf 93' lang='lat' dir='ltr'>pilos</span> 
     </span>
     <span class='ocr_line' id='line_1_7' title="bbox 670 1641 1844 1738; baseline 0.002 -21"><span class='ocrx_word' id='word_1_49' title='bbox 670 1643 794 1717; x_wconf 84' lang='lat' dir='ltr'>barbae</span> <span class='ocrx_word' id='word_1_50' title='bbox 820 1641 856 1716; x_wconf 94' lang='lat' dir='ltr'>in</span> <span class='ocrx_word' id='word_1_51' title='bbox 887 1643 979 1716; x_wconf 86' lang='lat' dir='ltr'>facie</span> <span class='ocrx_word' id='word_1_52' title='bbox 1014 1664 1078 1716; x_wconf 89' lang='lat' dir='ltr'>sua</span> <span class='ocrx_word' id='word_1_53' title='bbox 1115 1643 1279 1735; x_wconf 84' lang='lat' dir='ltr'>honesta,</span> <span class='ocrx_word' id='word_1_54' title='bbox 1312 1645 1372 1715; x_wconf 81' lang='lat' dir='ltr'>obe</span> <span class='ocrx_word' id='word_1_55' title='bbox 1395 1650 1519 1716; x_wconf 84' lang='lat' dir='ltr'>contro</span> <span class='ocrx_word' id='word_1_56' title='bbox 1551 1647 1591 1715; x_wconf 84' lang='lat' dir='ltr'>at</span> <span class='ocrx_word' id='word_1_57' title='bbox 1618 1647 1710 1717; x_wconf 77' lang='lat' dir='ltr'>ciero</span> <span class='ocrx_word' id='word_1_58' title='bbox 1738 1649 1844 1738; x_wconf 82' lang='lat' dir='ltr'>fiume</span> 
     </span>
     <span class='ocr_line' id='line_1_8' title="bbox 667 1762 1844 1856; baseline 0.003 -20"><span class='ocrx_word' id='word_1_59' title='bbox 667 1765 802 1856; x_wconf 76' lang='lat' dir='ltr'>[oppilo</span> <span class='ocrx_word' id='word_1_60' title='bbox 828 1769 924 1835; x_wconf 87' lang='lat' dir='ltr'>avete</span> <span class='ocrx_word' id='word_1_61' title='bbox 949 1766 985 1835; x_wconf 89' lang='lat' dir='ltr'>tu</span> <span class='ocrx_word' id='word_1_62' title='bbox 1005 1765 1170 1855; x_wconf 81' lang='lat' dir='ltr'>pripione</span> <span class='ocrx_word' id='word_1_63' title='bbox 1194 1770 1339 1834; x_wconf 80' lang='lat' dir='ltr'>eterno?</span> <span class='ocrx_word' id='word_1_64' title='bbox 1364 1762 1466 1856; x_wconf 89' lang='lat' dir='ltr'>idest,</span> <span class='ocrx_word' id='word_1_65' title='bbox 1494 1763 1689 1836; x_wconf 84' lang='lat' dir='ltr'>internum.</span> <span class='ocrx_word' id='word_1_66' title='bbox 1716 1766 1760 1838; x_wconf 87' lang='lat' dir='ltr'>Et</span> <span class='ocrx_word' id='word_1_67' title='bbox 1785 1766 1844 1839; x_wconf 87' lang='lat' dir='ltr'>bio</span> 
     </span>
     <span class='ocr_line' id='line_1_9' title="bbox 670 1883 1844 1978; baseline 0 -20"><span class='ocrx_word' id='word_1_68' title='bbox 670 1891 755 1959; x_wconf 88' lang='lat' dir='ltr'>nota</span> <span class='ocrx_word' id='word_1_69' title='bbox 781 1884 880 1977; x_wconf 88' lang='lat' dir='ltr'>quod</span> <span class='ocrx_word' id='word_1_70' title='bbox 908 1883 1012 1956; x_wconf 89' lang='lat' dir='ltr'>multi</span> <span class='ocrx_word' id='word_1_71' title='bbox 1039 1893 1237 1978; x_wconf 71' lang='lat' dir='ltr'>exponunt,</span> <span class='ocrx_word' id='word_1_72' title='bbox 1264 1883 1362 1977; x_wconf 88' lang='lat' dir='ltr'>quod</span> <span class='ocrx_word' id='word_1_73' title='bbox 1387 1890 1496 1978; x_wconf 89' lang='lat' dir='ltr'>poeta</span> <span class='ocrx_word' id='word_1_74' title='bbox 1521 1890 1628 1958; x_wconf 83' lang='lat' dir='ltr'>vocat</span> <span class='ocrx_word' id='word_1_75' title='bbox 1655 1884 1844 1959; x_wconf 76' lang='lat' dir='ltr'>Acheron-</span> 
     </span>
     <span class='ocr_line' id='line_1_10' title="bbox 669 2003 1844 2099; baseline 0 -21"><span class='ocrx_word' id='word_1_76' title='bbox 669 2011 744 2080; x_wconf 90' lang='lat' dir='ltr'>tem</span> <span class='ocrx_word' id='word_1_77' title='bbox 771 2025 911 2078; x_wconf 79' lang='lat' dir='ltr'>cecum</span> <span class='ocrx_word' id='word_1_78' title='bbox 937 2003 1087 2098; x_wconf 82' lang='lat' dir='ltr'>flumen,</span> <span class='ocrx_word' id='word_1_79' title='bbox 1111 2004 1212 2097; x_wconf 89' lang='lat' dir='ltr'>quod</span> <span class='ocrx_word' id='word_1_80' title='bbox 1232 2010 1286 2077; x_wconf 89' lang='lat' dir='ltr'>est</span> <span class='ocrx_word' id='word_1_81' title='bbox 1312 2004 1462 2077; x_wconf 92' lang='lat' dir='ltr'>omnino</span> <span class='ocrx_word' id='word_1_82' title='bbox 1486 2003 1617 2078; x_wconf 87' lang='lat' dir='ltr'>laisum</span> <span class='ocrx_word' id='word_1_83' title='bbox 1646 2010 1684 2078; x_wconf 91' lang='lat' dir='ltr'>et</span> <span class='ocrx_word' id='word_1_84' title='bbox 1708 2004 1844 2099; x_wconf 89' lang='lat' dir='ltr'>impos-</span> 
     </span>
     <span class='ocr_line' id='line_1_11' title="bbox 669 2123 1843 2220; baseline 0 -22"><span class='ocrx_word' id='word_1_85' title='bbox 669 2125 783 2218; x_wconf 87' lang='lat' dir='ltr'>sibile,</span> <span class='ocrx_word' id='word_1_86' title='bbox 815 2123 902 2218; x_wconf 91' lang='lat' dir='ltr'>quia</span> <span class='ocrx_word' id='word_1_87' title='bbox 936 2123 992 2196; x_wconf 91' lang='lat' dir='ltr'>isti</span> <span class='ocrx_word' id='word_1_88' title='bbox 1023 2144 1096 2197; x_wconf 94' lang='lat' dir='ltr'>non</span> <span class='ocrx_word' id='word_1_89' title='bbox 1131 2123 1322 2198; x_wconf 80' lang='lat' dir='ltr'>exiverant</span> <span class='ocrx_word' id='word_1_90' title='bbox 1354 2123 1400 2198; x_wconf 91' lang='lat' dir='ltr'>de</span> <span class='ocrx_word' id='word_1_91' title='bbox 1433 2123 1574 2199; x_wconf 84' lang='lat' dir='ltr'>interno</span> <span class='ocrx_word' id='word_1_92' title='bbox 1606 2146 1672 2220; x_wconf 89' lang='lat' dir='ltr'>per</span> <span class='ocrx_word' id='word_1_93' title='bbox 1705 2126 1843 2201; x_wconf 85' lang='lat' dir='ltr'>flumen</span> 
     </span>
    </p>
   </div>
   <div class='ocr_carea' id='block_1_3' title="bbox 518 2242 1846 2338">
    <p class='ocr_par' dir='ltr' id='par_1_3' title="bbox 518 2242 1846 2338">
     <span class='ocr_line' id='line_1_12' title="bbox 518 2242 1846 2338; baseline 0.002 -22"><span class='ocrx_word' id='word_1_94' title='bbox 518 2327 523 2338; x_wconf 44' lang='grc'><strong>,</strong></span> <span class='ocrx_word' id='word_1_95' title='bbox 668 2243 881 2318; x_wconf 74' lang='lat' dir='ltr'>Acherontis</span> <span class='ocrx_word' id='word_1_96' title='bbox 898 2263 963 2337; x_wconf 94' lang='lat' dir='ltr'>per</span> <span class='ocrx_word' id='word_1_97' title='bbox 986 2242 1084 2336; x_wconf 89' lang='lat' dir='ltr'>quod</span> <span class='ocrx_word' id='word_1_98' title='bbox 1105 2242 1352 2336; x_wconf 83' lang='lat' dir='ltr'>intraverant3</span> <span class='ocrx_word' id='word_1_99' title='bbox 1371 2245 1454 2316; x_wconf 91' lang='lat' dir='ltr'>etsi</span> <span class='ocrx_word' id='word_1_100' title='bbox 1473 2245 1632 2318; x_wconf 80' lang='lat' dir='ltr'>exissent</span> <span class='ocrx_word' id='word_1_101' title='bbox 1650 2265 1723 2318; x_wconf 91' lang='lat' dir='ltr'>non</span> <span class='ocrx_word' id='word_1_102' title='bbox 1743 2254 1846 2320; x_wconf 86' lang='lat' dir='ltr'>tran-</span> 
     </span>
    </p>
   </div>
   <div class='ocr_carea' id='block_1_4' title="bbox 668 2361 1846 4865">
    <p class='ocr_par' dir='ltr' id='par_1_4' title="bbox 668 2361 1846 4865">
     <span class='ocr_line' id='line_1_13' title="bbox 668 2361 1844 2460; baseline 0.001 -23"><span class='ocrx_word' id='word_1_103' title='bbox 668 2363 798 2438; x_wconf 86' lang='lat' dir='ltr'>sissent</span> <span class='ocrx_word' id='word_1_104' title='bbox 825 2363 872 2436; x_wconf 94' lang='lat' dir='ltr'>ad</span> <span class='ocrx_word' id='word_1_105' title='bbox 898 2361 1161 2457; x_wconf 90' lang='lat' dir='ltr'>hemisperium</span> <span class='ocrx_word' id='word_1_106' title='bbox 1180 2363 1342 2456; x_wconf 84' lang='lat' dir='ltr'>interius,</span> <span class='ocrx_word' id='word_1_107' title='bbox 1367 2384 1436 2438; x_wconf 86' lang='lat' dir='ltr'>nee</span> <span class='ocrx_word' id='word_1_108' title='bbox 1462 2385 1627 2460; x_wconf 92' lang='lat' dir='ltr'>unquam</span> <span class='ocrx_word' id='word_1_109' title='bbox 1655 2365 1844 2460; x_wconf 90' lang='lat' dir='ltr'>pervenis-</span> 
     </span>
     <span class='ocr_line' id='line_1_14' title="bbox 669 2483 1843 2579; baseline 0 -21"><span class='ocrx_word' id='word_1_110' title='bbox 669 2490 750 2558; x_wconf 84' lang='lat' dir='ltr'>sent</span> <span class='ocrx_word' id='word_1_111' title='bbox 774 2483 821 2556; x_wconf 91' lang='lat' dir='ltr'>ad</span> <span class='ocrx_word' id='word_1_112' title='bbox 853 2483 1130 2579; x_wconf 83' lang='lat' dir='ltr'>purgatorium3</span> <span class='ocrx_word' id='word_1_113' title='bbox 1158 2483 1222 2557; x_wconf 89' lang='lat' dir='ltr'>sed</span> <span class='ocrx_word' id='word_1_114' title='bbox 1243 2483 1399 2578; x_wconf 88' lang='lat' dir='ltr'>appellat</span> <span class='ocrx_word' id='word_1_115' title='bbox 1420 2504 1557 2558; x_wconf 83' lang='lat' dir='ltr'>eaecum</span> <span class='ocrx_word' id='word_1_116' title='bbox 1581 2485 1720 2559; x_wconf 87' lang='lat' dir='ltr'>llumeu</span> <span class='ocrx_word' id='word_1_117' title='bbox 1741 2485 1843 2558; x_wconf 92' lang='lat' dir='ltr'>illum</span> 
     </span>
     <span class='ocr_line' id='line_1_15' title="bbox 671 2602 1844 2701; baseline 0.001 -25"><span class='ocrx_word' id='word_1_118' title='bbox 671 2605 832 2678; x_wconf 91' lang='lat' dir='ltr'>rivulum</span> <span class='ocrx_word' id='word_1_119' title='bbox 855 2603 916 2697; x_wconf 92' lang='lat' dir='ltr'>qui</span> <span class='ocrx_word' id='word_1_120' title='bbox 937 2603 1098 2676; x_wconf 86' lang='lat' dir='ltr'>nascitur</span> <span class='ocrx_word' id='word_1_121' title='bbox 1115 2602 1162 2677; x_wconf 91' lang='lat' dir='ltr'>ad</span> <span class='ocrx_word' id='word_1_122' title='bbox 1180 2604 1320 2679; x_wconf 83' lang='lat' dir='ltr'>radices</span> <span class='ocrx_word' id='word_1_123' title='bbox 1344 2605 1476 2678; x_wconf 93' lang='lat' dir='ltr'>montis</span> <span class='ocrx_word' id='word_1_124' title='bbox 1498 2604 1699 2701; x_wconf 78' lang='lat' dir='ltr'>purgatorii</span> <span class='ocrx_word' id='word_1_125' title='bbox 1717 2611 1844 2680; x_wconf 83' lang='lat' dir='ltr'>contra</span> 
     </span>
     <span class='ocr_line' id='line_1_16' title="bbox 671 2723 1844 2822; baseline 0.002 -25"><span class='ocrx_word' id='word_1_126' title='bbox 671 2724 869 2817; x_wconf 82' lang='lat' dir='ltr'>infernum,</span> <span class='ocrx_word' id='word_1_127' title='bbox 895 2723 981 2816; x_wconf 88' lang='lat' dir='ltr'>quia</span> <span class='ocrx_word' id='word_1_128' title='bbox 1007 2723 1146 2798; x_wconf 86' lang='lat' dir='ltr'>directe</span> <span class='ocrx_word' id='word_1_129' title='bbox 1171 2744 1269 2817; x_wconf 86' lang='lat' dir='ltr'>aqua</span> <span class='ocrx_word' id='word_1_130' title='bbox 1292 2726 1495 2822; x_wconf 87' lang='lat' dir='ltr'>purgatorii</span> <span class='ocrx_word' id='word_1_131' title='bbox 1515 2726 1712 2820; x_wconf 92' lang='lat' dir='ltr'>opponitur</span> <span class='ocrx_word' id='word_1_132' title='bbox 1736 2747 1844 2820; x_wconf 84' lang='lat' dir='ltr'>aquae</span> 
     </span>
     <span class='ocr_line' id='line_1_17' title="bbox 672 2843 1844 2940; baseline 0.002 -23"><span class='ocrx_word' id='word_1_133' title='bbox 672 2843 851 2936; x_wconf 83' lang='lat' dir='ltr'>infernali,</span> <span class='ocrx_word' id='word_1_134' title='bbox 870 2863 954 2936; x_wconf 88' lang='lat' dir='ltr'>quae</span> <span class='ocrx_word' id='word_1_135' title='bbox 979 2864 1076 2938; x_wconf 92' lang='lat' dir='ltr'>aqua</span> <span class='ocrx_word' id='word_1_136' title='bbox 1098 2849 1153 2917; x_wconf 93' lang='lat' dir='ltr'>est</span> <span class='ocrx_word' id='word_1_137' title='bbox 1173 2845 1328 2939; x_wconf 86' lang='lat' dir='ltr'>occulta,</span> <span class='ocrx_word' id='word_1_138' title='bbox 1347 2846 1433 2939; x_wconf 90' lang='lat' dir='ltr'>quia</span> <span class='ocrx_word' id='word_1_139' title='bbox 1451 2845 1586 2919; x_wconf 86' lang='lat' dir='ltr'>inbitur</span> <span class='ocrx_word' id='word_1_140' title='bbox 1603 2848 1673 2921; x_wconf 91' lang='lat' dir='ltr'>sub</span> <span class='ocrx_word' id='word_1_141' title='bbox 1692 2853 1844 2940; x_wconf 85' lang='lat' dir='ltr'>terram,</span> 
     </span>
     <span class='ocr_line' id='line_1_18' title="bbox 673 2963 1845 3060; baseline 0.002 -22"><span class='ocrx_word' id='word_1_142' title='bbox 673 2971 713 3038; x_wconf 91' lang='lat' dir='ltr'>ut</span> <span class='ocrx_word' id='word_1_143' title='bbox 734 2964 850 3059; x_wconf 93' lang='lat' dir='ltr'>patuit</span> <span class='ocrx_word' id='word_1_144' title='bbox 868 2963 965 3037; x_wconf 85' lang='lat' dir='ltr'>linali</span> <span class='ocrx_word' id='word_1_145' title='bbox 982 2963 1141 3058; x_wconf 89' lang='lat' dir='ltr'>capitulo</span> <span class='ocrx_word' id='word_1_146' title='bbox 1157 2965 1303 3060; x_wconf 89' lang='lat' dir='ltr'>lnlerni,</span> <span class='ocrx_word' id='word_1_147' title='bbox 1321 2973 1448 3039; x_wconf 85' lang='lat' dir='ltr'>eontra</span> <span class='ocrx_word' id='word_1_148' title='bbox 1467 2967 1573 3040; x_wconf 87' lang='lat' dir='ltr'>cuius</span> <span class='ocrx_word' id='word_1_149' title='bbox 1591 2987 1743 3041; x_wconf 89' lang='lat' dir='ltr'>cursum</span> <span class='ocrx_word' id='word_1_150' title='bbox 1762 2967 1845 3040; x_wconf 89' lang='lat' dir='ltr'>Vir-</span> 
     </span>
     <span class='ocr_line' id='line_1_19' title="bbox 671 3084 1843 3183; baseline 0.001 -24"><span class='ocrx_word' id='word_1_151' title='bbox 671 3086 779 3182; x_wconf 83' lang='lat' dir='ltr'>gilius</span> <span class='ocrx_word' id='word_1_152' title='bbox 805 3091 842 3160; x_wconf 87' lang='lat' dir='ltr'>et</span> <span class='ocrx_word' id='word_1_153' title='bbox 862 3084 996 3159; x_wconf 82' lang='lat' dir='ltr'>[lantes</span> <span class='ocrx_word' id='word_1_154' title='bbox 1014 3105 1111 3159; x_wconf 88' lang='lat' dir='ltr'>nunc</span> <span class='ocrx_word' id='word_1_155' title='bbox 1130 3092 1327 3159; x_wconf 86' lang='lat' dir='ltr'>venerant:</span> <span class='ocrx_word' id='word_1_156' title='bbox 1349 3087 1619 3183; x_wconf 83' lang='lat' dir='ltr'>imaginabatur</span> <span class='ocrx_word' id='word_1_157' title='bbox 1639 3089 1729 3162; x_wconf 87' lang='lat' dir='ltr'>Cato</span> <span class='ocrx_word' id='word_1_158' title='bbox 1746 3087 1843 3180; x_wconf 90' lang='lat' dir='ltr'>quod</span> 
     </span>
     <span class='ocr_line' id='line_1_20' title="bbox 671 3204 1844 3302; baseline -0.002 -22"><span class='ocrx_word' id='word_1_159' title='bbox 671 3207 728 3280; x_wconf 89' lang='lat' dir='ltr'>isti</span> <span class='ocrx_word' id='word_1_160' title='bbox 762 3211 883 3280; x_wconf 92' lang='lat' dir='ltr'>essent</span> <span class='ocrx_word' id='word_1_161' title='bbox 921 3204 967 3279; x_wconf 89' lang='lat' dir='ltr'>de</span> <span class='ocrx_word' id='word_1_162' title='bbox 1002 3226 1161 3279; x_wconf 89' lang='lat' dir='ltr'>numero</span> <span class='ocrx_word' id='word_1_163' title='bbox 1195 3206 1475 3302; x_wconf 79' lang='lat' dir='ltr'>damnatorum,</span> <span class='ocrx_word' id='word_1_164' title='bbox 1508 3209 1589 3282; x_wconf 91' lang='lat' dir='ltr'>ideo</span> <span class='ocrx_word' id='word_1_165' title='bbox 1621 3208 1844 3300; x_wconf 80' lang='lat' dir='ltr'>mirabatur3</span> 
     </span>
     <span class='ocr_line' id='line_1_21' title="bbox 674 3326 1845 3421; baseline -0.001 -19"><span class='ocrx_word' id='word_1_166' title='bbox 674 3327 770 3402; x_wconf 89' lang='lat' dir='ltr'>unde</span> <span class='ocrx_word' id='word_1_167' title='bbox 796 3326 879 3400; x_wconf 87' lang='lat' dir='ltr'>lacit</span> <span class='ocrx_word' id='word_1_168' title='bbox 904 3326 1102 3400; x_wconf 83' lang='lat' dir='ltr'>secundam</span> <span class='ocrx_word' id='word_1_169' title='bbox 1118 3326 1341 3421; x_wconf 77' lang='lat' dir='ltr'>‘petitionem</span> <span class='ocrx_word' id='word_1_170' title='bbox 1368 3335 1405 3401; x_wconf 89' lang='lat' dir='ltr'>et</span> <span class='ocrx_word' id='word_1_171' title='bbox 1429 3328 1537 3402; x_wconf 89' lang='lat' dir='ltr'>dicit:</span> <span class='ocrx_word' id='word_1_172' title='bbox 1563 3332 1617 3401; x_wconf 82' lang='lat' dir='ltr'>obt</span> <span class='ocrx_word' id='word_1_173' title='bbox 1644 3332 1735 3402; x_wconf 86' lang='lat' dir='ltr'>o&#39;bu</span> <span class='ocrx_word' id='word_1_174' title='bbox 1765 3332 1845 3420; x_wconf 76' lang='lat' dir='ltr'>pui-</span> 
     </span>
     <span class='ocr_line' id='line_1_22' title="bbox 671 3448 1844 3544; baseline 0.001 -22"><span class='ocrx_word' id='word_1_175' title='bbox 671 3450 808 3522; x_wconf 78' lang='lat' dir='ltr'>dutito</span> <span class='ocrx_word' id='word_1_176' title='bbox 833 3450 888 3520; x_wconf 84' lang='lat' dir='ltr'>obi</span> <span class='ocrx_word' id='word_1_177' title='bbox 911 3450 946 3520; x_wconf 84' lang='lat' dir='ltr'>vi</span> <span class='ocrx_word' id='word_1_178' title='bbox 966 3450 1006 3541; x_wconf 81' lang='lat' dir='ltr'>su</span> <span class='ocrx_word' id='word_1_179' title='bbox 1033 3451 1189 3539; x_wconf 68' lang='lat' dir='ltr'>turona,</span> <span class='ocrx_word' id='word_1_180' title='bbox 1215 3448 1319 3541; x_wconf 85' lang='lat' dir='ltr'>quasi</span> <span class='ocrx_word' id='word_1_181' title='bbox 1345 3448 1459 3522; x_wconf 85' lang='lat' dir='ltr'>dicat:</span> <span class='ocrx_word' id='word_1_182' title='bbox 1484 3455 1521 3524; x_wconf 90' lang='lat' dir='ltr'>et</span> <span class='ocrx_word' id='word_1_183' title='bbox 1541 3449 1569 3523; x_wconf 93' lang='lat' dir='ltr'>si</span> <span class='ocrx_word' id='word_1_184' title='bbox 1594 3449 1645 3524; x_wconf 86' lang='lat' dir='ltr'>sie</span> <span class='ocrx_word' id='word_1_185' title='bbox 1671 3449 1844 3544; x_wconf 88' lang='lat' dir='ltr'>estquod</span> 
     </span>
     <span class='ocr_line' id='line_1_23' title="bbox 672 3562 1845 3663; baseline 0.001 -21"><span class='ocrx_word' id='word_1_186' title='bbox 672 3567 859 3642; x_wconf 89' lang='lat' dir='ltr'>evaseritis</span> <span class='ocrx_word' id='word_1_187' title='bbox 884 3569 931 3642; x_wconf 91' lang='lat' dir='ltr'>ab</span> <span class='ocrx_word' id='word_1_188' title='bbox 963 3567 1115 3663; x_wconf 82' lang='lat' dir='ltr'>interno,</span> <span class='ocrx_word' id='word_1_189' title='bbox 1143 3590 1218 3662; x_wconf 89' lang='lat' dir='ltr'>quo</span> <span class='ocrx_word' id='word_1_190' title='bbox 1243 3568 1349 3663; x_wconf 87' lang='lat' dir='ltr'>duce,</span> <span class='ocrx_word' id='word_1_191' title='bbox 1375 3576 1412 3643; x_wconf 90' lang='lat' dir='ltr'>et</span> <span class='ocrx_word' id='word_1_192' title='bbox 1427 3562 1463 3662; x_wconf 77' lang='lat'>(⁴)</span> <span class='ocrx_word' id='word_1_193' title='bbox 1491 3591 1577 3644; x_wconf 88' lang='lat' dir='ltr'>cum</span> <span class='ocrx_word' id='word_1_194' title='bbox 1604 3591 1679 3663; x_wconf 90' lang='lat' dir='ltr'>quo</span> <span class='ocrx_word' id='word_1_195' title='bbox 1704 3570 1845 3643; x_wconf 90' lang='lat' dir='ltr'>lumine</span> 
     </span>
     <span class='ocr_line' id='line_1_24' title="bbox 672 3687 1845 3782; baseline 0 -21"><span class='ocrx_word' id='word_1_196' title='bbox 672 3687 837 3782; x_wconf 86' lang='lat' dir='ltr'>potuistis</span> <span class='ocrx_word' id='word_1_197' title='bbox 868 3687 994 3761; x_wconf 90' lang='lat' dir='ltr'>venire</span> <span class='ocrx_word' id='word_1_198' title='bbox 1026 3708 1091 3782; x_wconf 90' lang='lat' dir='ltr'>per</span> <span class='ocrx_word' id='word_1_199' title='bbox 1122 3689 1308 3762; x_wconf 90' lang='lat' dir='ltr'>tramitem</span> <span class='ocrx_word' id='word_1_200' title='bbox 1343 3695 1418 3762; x_wconf 90' lang='lat' dir='ltr'>tam</span> <span class='ocrx_word' id='word_1_201' title='bbox 1453 3690 1667 3763; x_wconf 76' lang='lat' dir='ltr'>oecultum?</span> <span class='ocrx_word' id='word_1_202' title='bbox 1701 3690 1845 3764; x_wconf 84' lang='lat' dir='ltr'>Sciebat</span> 
     </span>
     <span class='ocr_line' id='line_1_25' title="bbox 671 3807 1843 3903; baseline 0 -21"><span class='ocrx_word' id='word_1_203' title='bbox 671 3807 770 3882; x_wconf 90' lang='lat' dir='ltr'>enim</span> <span class='ocrx_word' id='word_1_204' title='bbox 797 3807 885 3882; x_wconf 86' lang='lat' dir='ltr'>Cato</span> <span class='ocrx_word' id='word_1_205' title='bbox 912 3807 1011 3900; x_wconf 92' lang='lat' dir='ltr'>quod</span> <span class='ocrx_word' id='word_1_206' title='bbox 1037 3807 1129 3880; x_wconf 88' lang='lat' dir='ltr'>ratio</span> <span class='ocrx_word' id='word_1_207' title='bbox 1151 3808 1328 3881; x_wconf 88' lang='lat' dir='ltr'>naturalis</span> <span class='ocrx_word' id='word_1_208' title='bbox 1353 3830 1426 3882; x_wconf 93' lang='lat' dir='ltr'>nou</span> <span class='ocrx_word' id='word_1_209' title='bbox 1453 3815 1595 3903; x_wconf 84' lang='lat' dir='ltr'>poterat</span> <span class='ocrx_word' id='word_1_210' title='bbox 1622 3810 1797 3884; x_wconf 86' lang='lat' dir='ltr'>recedere</span> <span class='ocrx_word' id='word_1_211' title='bbox 1821 3830 1843 3882; x_wconf 92' lang='lat' dir='ltr'>a</span> 
     </span>
     <span class='ocr_line' id='line_1_26' title="bbox 671 3927 1843 4024; baseline -0.001 -23"><span class='ocrx_word' id='word_1_212' title='bbox 671 3933 769 4001; x_wconf 89' lang='lat' dir='ltr'>statu</span> <span class='ocrx_word' id='word_1_213' title='bbox 796 3927 982 4022; x_wconf 83' lang='lat' dir='ltr'>vitiorum,</span> <span class='ocrx_word' id='word_1_214' title='bbox 1004 3927 1069 4001; x_wconf 92' lang='lat' dir='ltr'>nisi</span> <span class='ocrx_word' id='word_1_215' title='bbox 1090 3928 1211 4002; x_wconf 92' lang='lat' dir='ltr'>divina</span> <span class='ocrx_word' id='word_1_216' title='bbox 1228 3929 1346 4024; x_wconf 81' lang='lat' dir='ltr'>gratia</span> <span class='ocrx_word' id='word_1_217' title='bbox 1364 3929 1601 4004; x_wconf 84' lang='lat' dir='ltr'>illuminante.</span> <span class='ocrx_word' id='word_1_218' title='bbox 1619 3930 1723 4004; x_wconf 87' lang='lat' dir='ltr'>Unde</span> <span class='ocrx_word' id='word_1_219' title='bbox 1739 3930 1843 4003; x_wconf 84' lang='lat' dir='ltr'>dicit:</span> 
     </span>
     <span class='ocr_line' id='line_1_27' title="bbox 672 4049 1846 4147; baseline 0.002 -25"><span class='ocrx_word' id='word_1_220' title='bbox 672 4052 821 4123; x_wconf 82' lang='lat' dir='ltr'>ascendo</span> <span class='ocrx_word' id='word_1_221' title='bbox 843 4051 928 4144; x_wconf 83' lang='lat' dir='ltr'>fuor</span> <span class='ocrx_word' id='word_1_222' title='bbox 953 4052 997 4123; x_wconf 86' lang='lat' dir='ltr'>de</span> <span class='ocrx_word' id='word_1_223' title='bbox 1022 4053 1059 4122; x_wconf 84' lang='lat' dir='ltr'>ta</span> <span class='ocrx_word' id='word_1_224' title='bbox 1077 4051 1263 4142; x_wconf 76' lang='lat' dir='ltr'>profonda</span> <span class='ocrx_word' id='word_1_225' title='bbox 1280 4057 1382 4141; x_wconf 84' lang='lat' dir='ltr'>nolte,</span> <span class='ocrx_word' id='word_1_226' title='bbox 1406 4049 1507 4145; x_wconf 88' lang='lat' dir='ltr'>idest,</span> <span class='ocrx_word' id='word_1_227' title='bbox 1525 4050 1572 4125; x_wconf 93' lang='lat' dir='ltr'>de</span> <span class='ocrx_word' id='word_1_228' title='bbox 1592 4052 1665 4126; x_wconf 87' lang='lat' dir='ltr'>alta</span> <span class='ocrx_word' id='word_1_229' title='bbox 1691 4050 1846 4147; x_wconf 84' lang='lat' dir='ltr'>ealigine</span> 
     </span>
     <span class='ocr_line' id='line_1_28' title="bbox 674 4171 1845 4266; baseline 0.002 -23"><span class='ocrx_word' id='word_1_230' title='bbox 674 4177 864 4264; x_wconf 84' lang='lat' dir='ltr'>nocturna,</span> <span class='ocrx_word' id='word_1_231' title='bbox 885 4173 944 4242; x_wconf 83' lang='lat' dir='ltr'>clu</span> <span class='ocrx_word' id='word_1_232' title='bbox 961 4191 1096 4262; x_wconf 86' lang='lat' dir='ltr'>sempre</span> <span class='ocrx_word' id='word_1_233' title='bbox 1116 4191 1206 4241; x_wconf 88' lang='lat' dir='ltr'>nera</span> <span class='ocrx_word' id='word_1_234' title='bbox 1218 4173 1260 4264; x_wconf 84' lang='lat' dir='ltr'>sa</span> <span class='ocrx_word' id='word_1_235' title='bbox 1277 4173 1313 4242; x_wconf 89' lang='lat' dir='ltr'>tu</span> <span class='ocrx_word' id='word_1_236' title='bbox 1334 4174 1423 4244; x_wconf 83' lang='lat' dir='ltr'>valle</span> <span class='ocrx_word' id='word_1_237' title='bbox 1442 4174 1612 4266; x_wconf 79' lang='lat' dir='ltr'>inferna?</span> <span class='ocrx_word' id='word_1_238' title='bbox 1637 4171 1739 4266; x_wconf 85' lang='lat' dir='ltr'>idest,</span> <span class='ocrx_word' id='word_1_239' title='bbox 1761 4191 1845 4266; x_wconf 85' lang='lat' dir='ltr'>quae</span> 
     </span>
     <span class='ocr_line' id='line_1_29' title="bbox 672 4289 1846 4387; baseline -0.001 -21"><span class='ocrx_word' id='word_1_240' title='bbox 672 4313 745 4366; x_wconf 86' lang='lat' dir='ltr'>nox</span> <span class='ocrx_word' id='word_1_241' title='bbox 772 4289 856 4364; x_wconf 87' lang='lat' dir='ltr'>lacit</span> <span class='ocrx_word' id='word_1_242' title='bbox 881 4310 1026 4385; x_wconf 86' lang='lat' dir='ltr'>semper</span> <span class='ocrx_word' id='word_1_243' title='bbox 1053 4290 1196 4387; x_wconf 84' lang='lat' dir='ltr'>nigram</span> <span class='ocrx_word' id='word_1_244' title='bbox 1224 4290 1355 4364; x_wconf 87' lang='lat' dir='ltr'>vallem</span> <span class='ocrx_word' id='word_1_245' title='bbox 1383 4290 1611 4385; x_wconf 77' lang='lat' dir='ltr'>infernalem,</span> <span class='ocrx_word' id='word_1_246' title='bbox 1630 4292 1716 4386; x_wconf 89' lang='lat' dir='ltr'>quia</span> <span class='ocrx_word' id='word_1_247' title='bbox 1734 4292 1771 4365; x_wconf 93' lang='lat' dir='ltr'>in</span> <span class='ocrx_word' id='word_1_248' title='bbox 1789 4292 1846 4365; x_wconf 92' lang='lat' dir='ltr'>in-</span> 
     </span>
     <span class='ocr_line' id='line_1_30' title="bbox 671 4411 1843 4506; baseline 0 -20"><span class='ocrx_word' id='word_1_249' title='bbox 671 4411 776 4486; x_wconf 82' lang='lat' dir='ltr'>ferno</span> <span class='ocrx_word' id='word_1_250' title='bbox 810 4431 1014 4505; x_wconf 89' lang='lat' dir='ltr'>numquam</span> <span class='ocrx_word' id='word_1_251' title='bbox 1046 4411 1144 4486; x_wconf 83' lang='lat' dir='ltr'>lucet</span> <span class='ocrx_word' id='word_1_252' title='bbox 1175 4411 1241 4503; x_wconf 86' lang='lat' dir='ltr'>sol,</span> <span class='ocrx_word' id='word_1_253' title='bbox 1268 4431 1473 4505; x_wconf 89' lang='lat' dir='ltr'>numquam</span> <span class='ocrx_word' id='word_1_254' title='bbox 1500 4418 1676 4506; x_wconf 86' lang='lat' dir='ltr'>apparent</span> <span class='ocrx_word' id='word_1_255' title='bbox 1712 4412 1843 4504; x_wconf 88' lang='lat' dir='ltr'>sidera,</span> 
     </span>
     <span class='ocr_line' id='line_1_31' title="bbox 672 4530 1845 4626; baseline 0 -21"><span class='ocrx_word' id='word_1_256' title='bbox 672 4551 755 4626; x_wconf 84' lang='lat' dir='ltr'>quae</span> <span class='ocrx_word' id='word_1_257' title='bbox 780 4541 890 4607; x_wconf 91' lang='lat' dir='ltr'>autor</span> <span class='ocrx_word' id='word_1_258' title='bbox 910 4532 989 4626; x_wconf 85' lang='lat' dir='ltr'>jam</span> <span class='ocrx_word' id='word_1_259' title='bbox 1015 4552 1081 4626; x_wconf 91' lang='lat' dir='ltr'>pro</span> <span class='ocrx_word' id='word_1_260' title='bbox 1109 4537 1212 4626; x_wconf 90' lang='lat' dir='ltr'>parte</span> <span class='ocrx_word' id='word_1_261' title='bbox 1237 4536 1400 4626; x_wconf 90' lang='lat' dir='ltr'>coeperat</span> <span class='ocrx_word' id='word_1_262' title='bbox 1420 4530 1545 4606; x_wconf 92' lang='lat' dir='ltr'>videre</span> <span class='ocrx_word' id='word_1_263' title='bbox 1565 4532 1634 4606; x_wconf 84' lang='lat' dir='ltr'>hic.</span> <span class='ocrx_word' id='word_1_264' title='bbox 1652 4531 1738 4606; x_wconf 91' lang='lat' dir='ltr'>ldeo</span> <span class='ocrx_word' id='word_1_265' title='bbox 1755 4533 1845 4605; x_wconf 83' lang='lat' dir='ltr'>Cato</span> 
     </span>
     <span class='ocr_line' id='line_1_32' title="bbox 671 4650 1846 4746; baseline -0.001 -22"><span class='ocrx_word' id='word_1_266' title='bbox 671 4651 888 4726; x_wconf 86' lang='lat' dir='ltr'>admirative</span> <span class='ocrx_word' id='word_1_267' title='bbox 923 4651 1005 4726; x_wconf 86' lang='lat' dir='ltr'>lacit</span> <span class='ocrx_word' id='word_1_268' title='bbox 1037 4651 1182 4725; x_wconf 90' lang='lat' dir='ltr'>tertiam</span> <span class='ocrx_word' id='word_1_269' title='bbox 1216 4650 1426 4746; x_wconf 91' lang='lat' dir='ltr'>petitionem</span> <span class='ocrx_word' id='word_1_270' title='bbox 1467 4658 1503 4726; x_wconf 93' lang='lat' dir='ltr'>et</span> <span class='ocrx_word' id='word_1_271' title='bbox 1543 4652 1650 4727; x_wconf 85' lang='lat' dir='ltr'>dicit:</span> <span class='ocrx_word' id='word_1_272' title='bbox 1690 4656 1722 4724; x_wconf 87' lang='lat' dir='ltr'>le</span> <span class='ocrx_word' id='word_1_273' title='bbox 1754 4654 1846 4743; x_wconf 77' lang='lat' dir='ltr'>teppt</span> 
     </span>
     <span class='ocr_line' id='line_1_33' title="bbox 672 4770 1844 4865; baseline -0.003 -19"><span class='ocrx_word' id='word_1_274' title='bbox 672 4773 706 4846; x_wconf 87' lang='lat' dir='ltr'>d’</span> <span class='ocrx_word' id='word_1_275' title='bbox 719 4773 848 4862; x_wconf 80' lang='lat' dir='ltr'>abisso,</span> <span class='ocrx_word' id='word_1_276' title='bbox 877 4770 937 4845; x_wconf 93' lang='lat' dir='ltr'>ubi</span> <span class='ocrx_word' id='word_1_277' title='bbox 964 4772 1063 4845; x_wconf 91' lang='lat' dir='ltr'>nulla</span> <span class='ocrx_word' id='word_1_278' title='bbox 1091 4770 1292 4865; x_wconf 91' lang='lat' dir='ltr'>redemptio</span> <span class='ocrx_word' id='word_1_279' title='bbox 1326 4778 1380 4846; x_wconf 90' lang='lat' dir='ltr'>est</span> <span class='ocrx_word' id='word_1_280' title='bbox 1411 4772 1656 4846; x_wconf 90' lang='lat' dir='ltr'>babitantibus</span> <span class='ocrx_word' id='word_1_281' title='bbox 1687 4770 1747 4865; x_wconf 87' lang='lat' dir='ltr'>ibi,</span> <span class='ocrx_word' id='word_1_282' title='bbox 1778 4792 1844 4844; x_wconf 78' lang='lat' dir='ltr'>son</span> 
     </span>
    </p>
   </div>
   <div class='ocr_carea' id='block_1_5' title="bbox 736 5019 933 5083">
    <p class='ocr_par' dir='ltr' id='par_1_5' title="bbox 736 5019 933 5083">
     <span class='ocr_line' id='line_1_34' title="bbox 736 5019 933 5083; baseline 0 -15"><span class='ocrx_word' id='word_1_283' title='bbox 736 5020 765 5083; x_wconf 79' lang='lat'>(¹)</span> <span class='ocrx_word' id='word_1_284' title='bbox 782 5019 812 5069; x_wconf 87' lang='lat' dir='ltr'>E.</span> <span class='ocrx_word' id='word_1_285' title='bbox 828 5023 855 5068; x_wconf 86' lang='lat' dir='ltr'>et</span> <span class='ocrx_word' id='word_1_286' title='bbox 871 5033 933 5082; x_wconf 90' lang='lat' dir='ltr'>quo.</span> 
     </span>
    </p>
   </div>
   <div class='ocr_carea' id='block_1_6' title="bbox 0 0 2282 6836">
    <p class='ocr_par' dir='ltr' id='par_1_6' title="bbox 0 0 2282 6836">
     <span class='ocr_line' id='line_1_35' title="bbox 0 0 2282 6836; baseline 0 0"><span class='ocrx_word' id='word_1_287' title='bbox 0 0 2282 6836; x_wconf 95' lang='lat' dir='ltr'> </span> 
     </span>
    </p>
   </div>
  </div>
 </body>
</html>
