4542 6842
739 942 878 997 caurus
902 943 1059 999 necinus
1084 944 1278 999 securibus.
1520 929 1591 997 335

416 1090 516 1163 bitur
541 1088 672 1163 dilluse
688 1088 732 1160 lll
750 1088 892 1183 Regum
921 1094 957 1162 et
984 1088 1287 1183 Paralipomenon
1305 1087 1398 1161 libro
1414 1088 1461 1181 ll;
1483 1086 1590 1161 cuius

417 1209 579 1285 breviter
599 1210 678 1283 bec
695 1216 750 1284 est
767 1230 925 1283 summa.
944 1211 1088 1283 Mortuo
1105 1209 1242 1283 Acham
1263 1228 1351 1305 rege
1364 1207 1486 1300 lsrael,
1500 1207 1593 1281 Eze-

419 1329 518 1403 chias
545 1328 640 1404 iilius
672 1330 752 1405 eius
783 1329 942 1425 optimus
971 1329 1081 1425 coepit
1113 1348 1272 1425 regnare
1304 1330 1342 1402 in
1373 1328 1589 1421 Jerusalem,

419 1448 481 1542 qui
509 1449 654 1523 reduxit
680 1450 855 1544 populum
882 1449 928 1523 ad
946 1449 1087 1523 cultum
1104 1449 1182 1541 Dei,
1202 1454 1239 1522 et
1256 1448 1447 1543 templum,
1465 1466 1589 1521 sacer-

417 1568 557 1641 dotium
577 1576 615 1643 et
633 1568 844 1664 religionem
864 1568 1079 1645 mirabiliter
1094 1567 1286 1660 ordinarit,
1302 1586 1457 1663 regnum
1476 1587 1589 1641 suum

417 1689 640 1763 constituens
665 1696 703 1763 et
728 1707 913 1783 exponens
940 1688 976 1762 in
1003 1708 1114 1762 manu
1134 1688 1211 1781 Dei,
1228 1694 1266 1763 et
1286 1688 1337 1761 sie
1354 1693 1589 1782 prosperatus

417 1809 533 1883 estin
567 1808 738 1883 omnibus
772 1808 975 1882 actionibus
1002 1809 1088 1881 suis.
1121 1808 1368 1883 Sennacherib
1400 1828 1490 1883 vero
1522 1828 1589 1883 rex

416 1929 641 2025 assyriorum
677 1928 947 2023 potentissimus
977 1928 1125 2001 intravit
1155 1927 1331 2018 Judaeam,
1364 1928 1490 2001 volens
1522 1927 1589 2001 sibi

416 2048 611 2141 acquirere
633 2067 788 2144 regnum
817 2047 940 2140 lsrael,
959 2053 995 2121 et
1021 2054 1238 2121 convertens
1266 2052 1382 2120 totum
1410 2047 1589 2142 impetum

417 2167 500 2241 belli
527 2174 654 2241 contra
679 2168 896 2261 Jerusalem,
923 2187 1034 2261 quam
1064 2166 1236 2241 Ezechias
1261 2166 1470 2241 muniverat
1487 2166 1588 2240 omni

414 2293 591 2379 apparatu
612 2308 819 2381 murorum,
837 2308 1030 2361 armorum
1049 2294 1085 2361 et
1102 2286 1260 2361 aliorum
1280 2288 1585 2381 necessariorum,

415 2407 588 2501 praemisit
616 2407 768 2481 nuncios
792 2428 878 2481 suos
904 2407 1120 2502 Jerusalem,
1139 2407 1202 2501 qui
1219 2402 1255 2499 (¹)
1270 2408 1504 2503 jactaverunt
1522 2428 1587 2502 po-

415 2527 565 2601 tentiam
600 2528 697 2623 regis
731 2527 990 2623 superbissime
1014 2527 1175 2602 dicentes
1200 2528 1345 2622 populo,
1371 2528 1471 2621 quod
1496 2528 1586 2602 Eze-

416 2648 516 2722 chias
542 2648 742 2743 decipiebat
767 2668 842 2741 eos,
868 2648 953 2742 quia
979 2650 1076 2723 Deus
1110 2668 1241 2723 eorum
1275 2669 1348 2721 non
1380 2655 1501 2743 posset
1525 2668 1589 2723 eos

417 2768 575 2843 liberare
592 2770 637 2843 de
655 2768 825 2843 manibus
842 2769 928 2863 suis,
943 2768 1115 2843 iacientes
1133 2790 1306 2866 magnam
1323 2768 1585 2862 blasphemiam

417 2888 453 2961 in
484 2888 683 2963 Dominum
714 2889 832 2961 Deum
868 2888 992 2979 lsrael,
1022 2895 1059 2963 et
1088 2888 1279 2963 Ezechiam
1315 2908 1465 2961 servum
1495 2887 1587 2961 eius.

417 3008 540 3096 Quare
565 3008 736 3084 Ezechias
762 3015 799 3083 et
823 3008 931 3083 lsaias
955 3010 1131 3103 propbeta
1149 3008 1451 3084 exclamaverunt
1468 3027 1589 3101 usque

357 3126 359 3131 '
418 3128 464 3201 ad
478 3120 514 3221 (²)
534 3130 682 3221 coelum,
709 3136 746 3203 et
770 3127 948 3202 Dominus
974 3126 1071 3201 misit
1087 3128 1260 3223 angelum
1278 3148 1401 3219 suum,
1420 3126 1484 3221 qui
1501 3146 1586 3221 per·

416 3248 529 3322 cussit
553 3266 701 3323 omnem
729 3248 850 3321 virum
872 3248 1064 3321 robustum
1083 3254 1120 3321 et
1137 3247 1365 3341 bellatorem,
1383 3254 1421 3321 et
1437 3266 1585 3320 omnem

415 3367 614 3462 principem
650 3368 844 3442 exercitus.
881 3368 1130 3442 Sennacherib
1162 3374 1287 3443 autem
1323 3386 1496 3441 reversus
1534 3374 1588 3441 est

414 3508 500 3562 cum
528 3488 728 3583 ignominia
754 3489 952 3565 interram
980 3509 1100 3583 suam,
1120 3495 1158 3562 et
1182 3508 1268 3562 cum
1295 3488 1466 3563 intrasset
1491 3496 1585 3563 tem-

415 3609 516 3702 plum
544 3608 620 3703 Dei,
647 3610 705 3683 sui
729 3609 790 3684 tilii
824 3609 950 3705 gladiis
982 3615 1221 3703 peremerunt
1250 3628 1358 3703 eum3
1393 3616 1430 3685 et
1461 3610 1586 3684 scribit

415 3729 535 3823 isaiae,
568 3730 667 3824 quod
700 3730 852 3825 angelus
881 3728 1025 3803 Domini
1059 3726 1239 3803 interiecit
1277 3735 1425 3803 centum
1458 3736 1587 3805 octoa-

414 3848 513 3945 ginta
527 3839 564 3940 (³)
592 3849 758 3943 quinque
783 3848 893 3923 millia
918 3846 1358 3943 assyriorum310sepbus
1380 3848 1584 3943 veredicit,

415 3968 513 4061 quod
540 3969 670 4043 morbo
696 3968 895 4064 perierunt.
923 3967 994 4041 Sed
1024 3986 1153 4061 quare,
1180 3966 1380 4061 incredule,
1412 3969 1481 4042 boc
1514 3990 1587 4044 non

414 4088 542 4182 credis,
570 4087 633 4182 qui
659 4088 776 4163 credis
801 4088 924 4162 omnia
950 4087 1050 4161 libris
1075 4087 1299 4161 Gentilium?
1324 4088 1453 4163 Nonne
1473 4090 1588 4163 Bren-

415 4230 484 4283 nus
517 4209 576 4283 ille
611 4210 793 4303 superbus
825 4209 888 4302 qui
914 4208 1069 4283 Romam
1101 4209 1299 4303 superbam
1328 4217 1527 4303 everterat,
1551 4217 1588 4284 et

414 4329 484 4403 alia
510 4349 645 4423 magna
667 4329 763 4403 mala
782 4329 918 4405 iecerat
934 4328 971 4401 in
990 4327 1090 4403 ltalia
1108 4333 1146 4403 et
1162 4327 1315 4421 Graecia,
1332 4328 1480 4403 tandem
1499 4348 1586 4403 cum

415 4449 538 4523 ivisset
561 4448 607 4523 ad
633 4448 860 4543 spoliandum
888 4448 974 4521 illud
1002 4448 1183 4522 famosum
1211 4448 1390 4543 templum
1416 4449 1589 4544 Apollinis

414 4568 579 4665 delphici,
604 4568 693 4643 vidit
718 4590 828 4642 suum
855 4569 1059 4643 exereitum
1093 4575 1321 4662 terremotu,
1346 4569 1525 4665 grandine
1552 4578 1590 4645 et

415 4694 630 4783 tempestate
656 4688 846 4783 prosterni,
873 4694 910 4763 et
935 4688 1011 4782 ipse
1036 4688 1157 4783 gladio
1182 4709 1223 4764 se
1252 4688 1458 4763 interiecit?
1482 4690 1589 4765 Nunc

414 4808 460 4883 ad
486 4809 653 4883 literam:
679 4809 765 4884 dicit
791 4816 917 4903 poeta:
944 4814 980 4883 et
1007 4808 1093 4881 illud
1115 4808 1380 4903 pavimentum,
1407 4816 1588 4883 mostratur

477 4992 505 5057 (¹)
522 4998 575 5055 117,
592 4997 636 5059 qui
653 4997 836 5047 nuntiaverunt
854 4996 1003 5060 potentiam.
1144 4995 1172 5058 (¹)
1189 4997 1219 5046 Ε,
1236 5010 1252 5047 0
1269 5000 1322 5051 117.
1339 4997 1366 5046 p„
1382 4996 1487 5047 mlum,

477 5072 503 5135 l't
520 5072 550 5121 Ε.
568 5073 714 5136 octuaginta
731 5072 820 5123 millia.
