4542 6842
809 980 952 1037 cnnrus
975 980 1140 1047 oumrun
1488 965 1558 1035 163

382 1125 646 1202 confirmatur:
675 1129 761 1199 Gom
786 1132 902 1200 erran
925 1128 1059 1202 mbrtloe
1086 1128 1230 1220 nubunt
1257 1129 1320 1223 lucr
1344 1128 1447 1200 eluro
1466 1146 1559 1221 pro-

380 1248 532 1340 pinquat
539 1274 555 1341 ,·
580 1249 729 1321 AEtleru
753 1267 830 1321 cnm
859 1250 1009 1321 timeant
1031 1247 1200 1321 imbnbus
1231 1268 1324 1321 urvo
1356 1250 1486 1340 mount.
1513 1246 1557 1321 Et

385 1368 454 1441 boc
478 1366 559 1441 dico
585 1366 722 1443 lectum
743 1371 798 1441 θεῖ
815 1357 1024 1461 de‘nebula,
1042 1370 1176 1440 come't
1190 1360 1281 1461 distr
1301 1374 1435 1461 specto,
1453 1366 1557 1461 idest,

383 1487 505 1561 statim
543 1506 631 1561 cum
669 1486 830 1582 recessit,
855 1490 905 1561 de
936 1492 1190 1579 Protomaqoo.
1224 1486 1289 1562 llic
1319 1487 1431 1563 debes
1464 1487 1559 1563 scire

385 1606 485 1702 quod
513 1608 847 1704 Pratummugnum
881 1617 938 1683 est
970 1629 1045 1683 unu
1077 1628 1211 1705 magne
1238 1614 1446 1702 montanee,
1474 1628 1559 1703 quae

386 1729 523 1805 recedit
538 1750 561 1804 a
579 1736 680 1804 recto
699 1730 793 1805 colle
810 1728 986 1825 Apennini
1003 1750 1026 1803 ε
1048 1727 1212 1823 meridie,
1230 1734 1267 1803 et
1285 1728 1430 1803 videtur
1447 1736 1558 1803 luntre

385 1848 584 1925 altitudinis
614 1856 763 1944 quante
793 1848 1025 1945 Apenninus3
1052 1849 1134 1923 ideo
1159 1849 1213 1923 sol
1244 1846 1389 1923 videtur
1419 1848 1574 1923 tardins'

387 1970 561 2045 recedere
585 1970 633 2045 ab
657 1970 718 2044 illo
744 1977 880 2064 monte,
907 1977 946 2045 et
969 1970 1007 2048 in
1032 1970 1101 2045 isto
1118 1974 1244 2044 monte
1261 1968 1406 2049 ertalin
1424 1990 1560 2067 magun

386 2108 535 2165 oremus
560 2088 669 2165 Vallis
711 2088 918 2186 Umbrosae5
957 2087 1040 2165 ideo
1080 2094 1188 2185 poeta
1220 2088 1390 2164 libentius
1406 2081 1446 2181 (¹)
1475 2088 1560 2164 lecit

387 2210 610 2285 mentionem
634 2209 682 2285 de
698 2211 955 2307 Pratomagno.
982 2209 1083 2284 Scias
1107 2209 1219 2284 etiarn
1240 2209 1339 2305 quod
1355 2198 1558 2303 Pratumffl

385 2336 441 2405 θεῖ
456 2330 724 2427 pulcerrimum
741 2338 903 2405 cestrum
922 2330 1018 2406 inter
1042 2329 1264 2405 Florentiam
1287 2336 1324 2405 et
1349 2328 1559 2423 Pistorium,

385 2449 433 2524 de
457 2469 533 2544 quo
556 2450 695 2525 dictum
726 2456 782 2525 θεῖ
805 2450 938 2525 lnlerni
964 2450 1123 2546 capitulo
1148 2448 1272 2524 xxvi.
1300 2450 1362 2523 brt
1391 2454 1428 2525 et
1460 2447 1575 2523 aliud‘

386 2568 541 2644 Pratum
567 2570 666 2665 quod
698 2569 831 2646 dicitur
863 2577 970 2645 vetus
999 2570 1036 2644 in
1065 2568 1260 2645 cusentino
1280 2570 1387 2666 juxta
1417 2569 1559 2644 Arnum

388 2710 461 2765 non
495 2691 605 2787 longe
635 2712 659 2765 u
691 2692 950 2787 Pratomngno.
976 2691 1021 2763 et
1051 2689 1136 2764 dicit
1172 2689 1398 2765 Boncontes:
1432 2696 1470 2765 et
1500 2689 1561 2764 ille

386 2810 545 2905 demon,
568 2816 642 2907 fece
666 2813 700 2886 el
721 2815 786 2886 ciel
806 2814 935 2885 mento
963 2813 1001 2885 di
1032 2831 1157 2903 sopra,
1183 2809 1285 2905 idest,
1318 2809 1401 2885 lecit
1433 2830 1560 2885 aerem

389 2930 580 3006 intinctum
607 2938 645 3008 et
669 2932 900 3008 obfuscatum
919 2951 1054 3029 magne
1071 2930 1226 3027 caligine
1242 2930 1399 3026 nebulae,
1421 2931 1480 3006 vel
1498 2952 1562 3005 su·

388 3052 628 3148 perimposuit
651 3052 767 3149 frigus
791 3049 1030 3148 deprimendo
1056 3052 1184 3145 nuber,
1212 3071 1258 3125 ex
1285 3071 1360 3145 quo
1385 3049 1481 3126 iacta
1506 3057 1563 3126 est

389 3172 532 3267 pluvia3
558 3172 657 3248 unde
676 3172 781 3248 dicit:
799 3164 907 3245 sicu
925 3174 1040 3245 l'oire
1053 3192 1205 3265 premio,
1222 3170 1563 3265 scilicet-nubibus,

387 3296 419 3366 ui
449 3314 615 3370 mnoersc
646 3296 685 3367 io
717 3312 845 3385 ecquo,
874 3299 913 3368 et
946 3292 1039 3387 ideo,
1065 3294 1102 3365 la
1127 3294 1274 3385 peonio
1306 3293 1430 3383 eadric,
1460 3314 1479 3364 e
1510 3283 1564 3365 riri

387 3415 451 3486 cte
471 3415 510 3488 di
533 3417 589 3505 lei,
614 3414 718 3509 idest,
744 3414 920 3509 quidquid
945 3412 1042 3487 illius
1062 3412 1207 3508 pluvire,
1226 3414 1262 3485 la
1280 3418 1378 3486 terra
1399 3432 1470 3486 oon
1486 3416 1563 3507 sos-

385 3536 492 3627 serre,
508 3534 612 3629 idest,
628 3540 729 3610 turre
745 3535 854 3631 planu
871 3554 945 3609 non
961 3532 1169 3627 substinuit,
1185 3552 1258 3607 non
1284 3530 1436 3626 imbibit,
1456 3552 1565 3605 oenoe

389 3656 427 3727 ci
446 3659 585 3749 fouet,
614 3658 688 3729 eci
718 3647 839 3747 ruini,
864 3653 1011 3748 scilicet,
1037 3653 1127 3728 illud
1159 3659 1278 3728 totum
1313 3672 1421 3746 uque
1447 3652 1563 3747 llunit,

391 3770 452 3848 ver
475 3778 511 3849 lo
531 3778 637 3868 liuore
659 3779 770 3868 reule,
794 3774 898 3870 idest,
925 3774 1161 3868 Archianum,
1202 3780 1298 3847 unu
1325 3776 1449 3865 veloce,
1475 3792 1563 3848 cum

393 3915 529 4001 magno
552 3895 705 3991 impetu,
736 3896 797 3969 ote
820 3897 918 3969 nubo
943 3898 981 3968 lo
1004 3896 1152 3984 nenne,
1175 3892 1265 3967 illud
1292 3896 1408 3967 totum
1434 3913 1565 3989 super-

391 4010 508 4088 fluum
533 4036 654 4111 uqnae,
679 4035 777 4089 come
807 4018 846 4088 oi
868 4017 939 4088 ηὐἱ
961 4016 1094 4105 μναῖαι·
1116 4015 1149 4087 ri
1173 4034 1361 4105 eonomine,
1387 4014 1452 4108 qui
1479 4034 1565 4110 por-

391 4134 518 4210 tabant
541 4155 679 4229 equam
705 4134 741 4208 in
772 4134 1009 4209 brebianum.
1040 4133 1084 4207 Et
1115 4152 1204 4208 ecce
1235 4132 1428 4208 ellectum:
1460 4136 1566 4209 Μν-

390 4256 494 4327 cltioo
529 4257 681 4347 moero,
718 4254 821 4349 idest,
859 4255 1055 4329 robustum
1089 4260 1127 4329 ct
1161 4252 1255 4329 loric
1287 4252 1395 4328 tantis
1427 4254 1566 4329 viribus

325 4420 329 4429 ·
390 4386 577 4468 uquarum
603 4374 764 4470 veniens,
801 4370 903 4449 ῖνοοὸ
928 4377 963 4447 lo
992 4395 1100 4467 corpo
1131 4377 1215 4466 mio,
1242 4373 1343 4469 idest,
1370 4373 1443 4449 mei
1469 4374 1567 4449 Bon-

391 4494 519 4588 contis,
543 4498 673 4586 celato,
699 4501 821 4571 morto
845 4494 1015 4596 violenta,
1042 4494 1130 4590 quin
1156 4494 1192 4569 in
1225 4515 1271 4570 eo
1303 4515 1377 4570 non
1416 4514 1567 4571 remun-

391 4621 490 4689 serut
514 4615 675 4713 sanguis,
700 4626 738 4693 et
770 4636 870 4711 aqua
895 4614 1067 4710 violenta,
1086 4618 1124 4689 io
1148 4638 1190 4691 su
1216 4618 1253 4689 la
1275 4620 1365 4710 socc,
1399 4615 1511 4711 ipsius
1526 4606 1563 4707 (³)

378 4734 563 4849 fluminis,
588 4735 652 4811 ubi
677 4736 788 4813 intrat
812 4736 968 4831 Arnum,
988 4756 1009 4809 c
1032 4739 1190 4830 norpirue
1206 4737 1297 4829 quel,
1319 4735 1421 4831 idest,
1440 4742 1478 4811 ot
1495 4734 1567 4809 im·

392 4856 484 4951 pulit
507 4856 627 4952 ipsum
651 4876 798 4953 corpus,
823 4859 1018 4949 oell'Arno,
1043 4877 1064 4929 e
1085 4858 1208 4930 εοίοῖεθ
1242 4859 1281 4929 ol
1310 4858 1379 4929 mir
1406 4862 1499 4948 petto
1530 4858 1567 4930 lc

457 5124 486 5189 (¹)
504 5130 558 5186 117,
575 5125 669 5188 polluo.
795 5123 823 5187 (¹)
838 5124 865 5176 S.
880 5126 959 5176 Prnto
975 5131 1023 5177 cut.
1148 5122 1176 5188 (¹)
1192 5123 1223 5175 E.
1240 5124 1338 5176 collicet
1355 5124 1442 5187 lpclur.
