4542 6842
761 945 898 1002 caurus
924 944 1125 1001 vrussruus.
1456 929 1525 999 533

356 1101 412 1169 est
437 1092 525 1167 utile
545 1091 651 1186 scire,
668 1091 768 1185 quod
784 1091 968 1188 Philippus
993 1090 1126 1166 Pulcer
1152 1110 1219 1167 rex
1245 1089 1419 1184 Franciae,
1437 1108 1528 1164 con·-

354 1220 502 1310 ceperat
519 1212 803 1309 indignationem
818 1218 946 1288 contra
964 1210 1190 1313 Bonilacium
1205 1210 1292 1305 vlu,
1305 1211 1370 1304 qui
1388 1210 1527 1308 promi-

354 1338 453 1409 serat
477 1333 600 1407 iacere
625 1332 798 1407 Carolum
825 1332 871 1407 de
894 1331 1014 1406 Valois
1044 1330 1197 1405 fratrem
1228 1352 1340 1405 suum
1367 1331 1528 1427 impera-

355 1460 473 1528 torem
488 1472 741 1546 romanorum,
756 1452 903 1547 quando
917 1451 1017 1526 venit
1030 1472 1096 1545 pro
1110 1450 1270 1547 paciario
1284 1452 1320 1526 in
1338 1452 1526 1547 Tusciam;

354 1572 417 1649 sed
443 1572 530 1646 nibil
554 1576 778 1666 servaverat,
801 1570 889 1665 quia
908 1570 1042 1645 audisti
1061 1591 1176 1667 quam
1203 1573 1368 1648 valenter
1394 1593 1434 1647 se
1459 1575 1526 1647 ba·

355 1692 477 1767 buerit
500 1684 557 1785 (¹);
590 1691 705 1766 immo
731 1691 860 1766 eodem
890 1711 988 1766 anno
1019 1691 1303 1768 confirmaverat
1334 1692 1526 1767 Albertum

355 1811 490 1887 ducem
514 1810 681 1886 Austriae.
701 1810 785 1885 ideo
806 1810 989 1905 Philippus
1009 1809 1217 1908 indignatus
1240 1812 1400 1906 superbe
1425 1818 1529 1887 tene-

356 1931 420 2005 bat
436 1936 474 2006 et
490 1931 694 2006 honorabat
711 1930 938 2026 Stephanum
953 1930 1000 2005 de
1016 1930 1197 2006 Columna
1222 1930 1412 2006 inimicum
1437 1933 1529 2026 eiua,

357 2057 395 2127 et
419 2049 595 2125 beneficia
615 2050 827 2125 conterebat
851 2050 888 2125 in
913 2050 1067 2126 Francia
1087 2072 1156 2146 pro
1173 2057 1259 2126 voto
1276 2074 1356 2126 suo.
1375 2052 1529 2147 Propter

357 2169 457 2265 quod
474 2169 678 2245 Bonilacius
705 2170 962 2267 magnanimus
979 2177 1016 2245 et
1032 2169 1095 2245 alti
1116 2170 1236 2245 cordis
1253 2170 1370 2247 iactus
1388 2178 1443 2247 est
1465 2193 1529 2267 pa-

357 2290 431 2365 lam
456 2288 523 2364 sibi
548 2288 716 2383 infestus3
734 2295 772 2364 et
794 2290 841 2366 ad
860 2289 1131 2386 justificandam
1151 2310 1303 2366 causam
1321 2313 1428 2367 suam
1446 2293 1530 2367 iecit

356 2409 460 2486 citari
477 2410 646 2506 prelatos
663 2408 826 2484 Franciae
842 2411 889 2485 ad
905 2409 1102 2484 concilium
1121 2416 1159 2485 et
1176 2410 1379 2508 Philippum
1407 2412 1530 2506 probi-

357 2533 506 2607 bentem
532 2537 569 2608 el
593 2532 859 2607 contumaciter
887 2539 1117 2607 recusantem
1136 2550 1177 2606 se
1200 2532 1387 2607 subditum
1405 2532 1531 2607 Eccle-

358 2653 435 2747 siae,
472 2651 722 2746 temporaliter
755 2650 1099 2727 excommunicavit.
1138 2652 1323 2749 Philippus
1356 2652 1531 2728 abiiciens

357 2772 475 2846 multa
488 2771 641 2846 crimina
654 2770 849 2865 Bonilacio‚
862 2770 1007 2846 dicebat
1021 2771 1140 2867 ipsum
1159 2772 1239 2847 tore
1255 2772 1531 2867 deponendum

358 2892 410 2966 sic
437 2892 518 2966 binc
539 2890 622 2965 inde
639 2910 794 2965 accenso
811 2890 897 2986 igne
917 2890 1059 2965 irarum
1081 2897 1118 2967 et
1141 2892 1420 2986 discordiarum,
1436 2894 1531 2966 alter

360 3013 397 3087 in
414 3012 564 3088 alterius
581 3011 779 3108 perniciem
794 3010 1021 3086 coniurabat.
1035 3011 1241 3086 Boniiaeius
1258 3012 1423 3086 irritabat
1439 3012 1531 3085 llan-

359 3132 509 3207 drenses
534 3137 662 3205 contra
688 3150 827 3227 regem,
845 3136 882 3205 et
898 3130 1090 3205 Albertum
1115 3131 1276 3205 electum
1302 3122 1529 3224 invitabatl‘)

360 3251 398 3325 in
419 3250 570 3325 ltaliam.
589 3248 772 3346 Philippus
790 3250 914 3346 peiora
932 3248 1111 3325 meditans
1128 3250 1175 3324 de
1191 3250 1340 3325 consilio
1357 3250 1529 3345 Stepbani

359 3370 458 3447 misit
483 3369 682 3465 quemdam
708 3368 871 3465 legatum
898 3391 1007 3444 suum
1027 3368 1064 3444 in
1081 3369 1250 3445 ‘insciam
1272 3392 1357 3445 cum
1376 3372 1533 3445 llusatto

360 3490 553 3565 Francesio
581 3488 694 3563 milite
719 3489 921 3563 llorentino.
948 3487 1018 3577 Qui
1044 3489 1232 3564 venientes
1257 3489 1530 3566 incomitatum

360 3610 564 3703 Florentiae,
582 3608 629 3683 ad
646 3608 807 3705 Stagiam
821 3609 1012 3683 castellum
1029 3607 1114 3683 dicti
1131 3609 1289 3702 llusatti,
1311 3609 1533 3683 simulabant

361 3728 540 3827 sagaciter
566 3747 679 3824 agere
704 3728 751 3803 de
775 3728 873 3803 bono
898 3729 1016 3824 pacis3
1043 3735 1081 3805 et
1106 3729 1328 3805 clandestine
1345 3750 1431 3803 cum
1453 3750 1533 3803 ma-

361 3850 442 3945 gnis
467 3849 630 3945 pecuniis
655 3856 692 3925 et
714 3850 828 3942 donis,
846 3848 1027 3943 corruptis
1045 3848 1169 3923 multis
1189 3850 1404 3944 proceribus
1425 3849 1534 3923 Cam·

363 3970 479 4066 paniae
505 3976 541 4045 et
558 3970 744 4067 Anagniae,
761 3970 1027 4045 ordinaverunt
1044 3989 1179 4066 capere
1199 3968 1425 4045 Boniiacium
1439 3960 1477 4061 (³)
1497 3969 1535 4043 in

363 4090 496 4185 patria;
518 4090 580 4163 ubi
597 4098 696 4164 stans
713 4089 912 4185 intrepidus
934 4089 1020 4164 nibil
1040 4088 1113 4163 tale
1129 4090 1319 4165 sentiebat.
1337 4091 1418 4178 Quo
1439 4089 1535 4164 lacto

364 4208 509 4284 Sciarra
533 4210 579 4284 de
604 4209 784 4285 Columna
815 4230 901 4285 cum
931 4208 1103 4285 tercentis
1130 4208 1314 4304 equitibus
1344 4215 1381 4283 et
1412 4208 1536 4285 multis
1607 4300 1612 4309 Ι

364 4328 491 4405 amicis
516 4336 553 4404 et
583 4328 819 4404 mercenariis
852 4327 1041 4424 peditibus,
1076 4330 1147 4403 sub
1173 4329 1307 4403 vexillo
1337 4327 1434 4425 regis
1460 4349 1535 4403 uno

366 4468 475 4523 mane
500 4448 648 4522 intravit
672 4448 874 4545 Anagniam
902 4467 989 4523 cum
1014 4449 1195 4542 clamore;
1217 4454 1254 4522 et
1279 4448 1445 4545 ingratus
1470 4470 1544 4545 pus
1604 4428 1660 4582 ci.
1685 4427 1821 4525 ‚irrata
1836 4444 2007 4540 ,vitata

365 4568 473 4663 pulus
497 4574 647 4642 secutus
672 4574 727 4643 est
752 4568 854 4664 signa
881 4566 1028 4663 regalia,
1055 4574 1092 4643 et
1123 4567 1235 4644 cinxit
1253 4556 1290 4661 (⁸)
1317 4569 1446 4663 papale
1471 4590 1537 4665 pa·

366 4686 505 4761 latium.
531 4687 736 4763 Bonilacius
761 4688 886 4763 audito
912 4690 1088 4783 tumultu,
1114 4688 1282 4763 omnium
1308 4689 1445 4763 auxilio
1470 4690 1536 4764 de·
1668 4721 1672 4727 ’

365 4806 512 4919 stitutus
528 4798 577 4900 (⁵),
605 4813 793 4903 tamquam
821 4807 1078 4904 magnanimus
1103 4808 1194 4883 dixit
1219 4829 1365 4884 secum:
1384 4809 1438 4883 En
1460 4829 1536 4904 quo

428 4996 455 5059 (ί)
472 4996 497 5047 S.
514 4997 647 5048 babuerat
751 4996 778 5059 (¹)
796 5002 849 5060 ll'l,
866 4998 981 5049 vocabu.
1028 4997 1056 5063 (⁸)
1071 4997 1098 5049 S.
1113 4998 1276 5049 bonifacium
1292 5011 1384 5063 papam
1401 4997 1536 5061 lupatria.

429 5072 456 5136 (¹)
473 5072 503 5124 ll.
519 5078 547 5124 et
562 5074 641 5124 traxit
655 5074 696 5125 ad.
751 5074 778 5136 (¹)
795 5074 826 5125 B.
842 5074 988 5135 destitutus,
1004 5074 1068 5125 dixit
1083 5087 1182 5125 tecum.
