4542 6842
700 974 770 1039 290
1059 982 1264 1037 conunrun
1288 982 1511 1037 runcaronu

697 1149 911 1203 mencrcnm
936 1129 1010 1219 cpit
1043 1130 1105 1200 alti
1138 1129 1259 1219 prurit,
1287 1125 1425 1201 scilicet
1453 1127 1560 1221 primi
1592 1127 1731 1223 circuli,
1757 1148 1869 1222 quem

698 1243 860 1324 nondum
887 1250 1125 1341 intraverant,
1152 1248 1216 1322 sed
1247 1253 1383 1322 stantes
1416 1254 1521 1323 extra
1551 1249 1872 1325 consideraverant

698 1370 864 1445 historias
891 1368 1092 1464 praedictas.
1120 1368 1164 1441 lit
1188 1368 1345 1442 ostendit
1365 1369 1552 1461 quomodo
1577 1390 1617 1445 se
1642 1370 1796 1445 volverit
1817 1369 1872 1443 la·

699 1498 780 1565 ctus
805 1488 933 1564 avidus
959 1487 1005 1562 ad
1030 1488 1145 1562 uerba
1163 1486 1313 1583 Virgilii,
1331 1487 1474 1563 dicens:
1500 1492 1551 1580 pli
1574 1466 1669 1563 cccli
1689 1492 1779 1582 miei,
1800 1489 1871 1563 sci·

634 1624 637 1631 '
699 1611 784 1685 licet
809 1610 1083 1702 intellectuales,
1109 1611 1198 1681 cl'u
1229 1612 1345 1681 mirac
1374 1631 1463 1682 eran
1501 1614 1660 1704 contum,
1687 1610 1763 1686 illas
1788 1610 1871 1707 pul·

700 1751 782 1806 cras
807 1732 1032 1825 sculpturas:
1059 1729 1110 1803 sic
1140 1729 1226 1803 dicit
1251 1729 1422 1825 Virgilius
1447 1729 1494 1804 de
1518 1731 1636 1805 linea:
1661 1739 1695 1805 et
1716 1736 1871 1805 nmmum

695 1856 838 1945 pictura
859 1854 974 1944 pascit
996 1854 1104 1923 iacnt.
1133 1850 1203 1923 Ista
1228 1856 1355 1924 autern
1382 1857 1463 1925 erat
1489 1851 1630 1945 pictura
1653 1852 1766 1946 utilis3
1790 1854 1869 1925 uel·

700 1974 846 2063 pendosi
871 1992 931 2043 ver
956 1972 1047 2061 lore,
1074 1970 1220 2064 scilicet,
1242 1970 1419 2064 superbus
1449 1978 1524 2043 tam
1552 1972 1648 2046 lente
1673 1974 1871 2066 venientes,

700 2112 772 2163 nen
794 2095 856 2186 sor
880 2093 975 2181 tenti,
1002 2096 1039 2164 et
1064 2110 1151 2164 ecce
1176 2110 1340 2183 causam,
1361 2112 1427 2181 pcr
1456 2094 1561 2165 vader
1585 2094 1753 2183 mutan,
1777 2094 1868 2165 cade

699 2232 764 2285 son
790 2214 907 2302 capti,
933 2211 1035 2305 idest,
1062 2210 1170 2303 avidi,
1196 2210 1281 2304 quia
1310 2211 1479 2285 naturale
1503 2217 1559 2285 est
1575 2212 1669 2287 velle
1690 2212 1818 2287 audire
1834 2220 1872 2288 et

699 2332 824 2407 videre
849 2352 956 2425 nova,
977 2338 1018 2404 ut
1043 2332 1149 2426 plura
1167 2330 1336 2405 sciamus.
1351 2336 1491 2405 -Non
1510 2335 1576 2405 uc’.
1599 2333 1664 2407 liic
1680 2341 1785 2428 poeta
1807 2354 1872 2408 vo·

699 2455 778 2528 lens
802 2453 1011 2527 describere
1036 2472 1184 2546 poenam
1207 2450 1463 2547 gravissimam
1483 2454 1728 2547 superborum
1752 2454 1869 2549 primo

701 2576 936 2670 apostrophat
961 2573 1006 2646 ad
1032 2574 1207 2647 lectorem
1235 2592 1282 2646 ne
1308 2572 1421 2668 lugiet
1446 2573 1551 2647 istam
1579 2594 1745 2668 poenam3
1772 2573 1870 2647 unde

702 2696 748 2770 ad
765 2694 1034 2791 intelligendam
1055 2694 1160 2766 istam
1180 2692 1322 2767 literam
1343 2693 1425 2767 vulo
1443 2700 1479 2768 le
1500 2700 1639 2788 uetare,
1653 2694 1751 2788 quud
1765 2701 1871 2789 poeta

703 2822 828 2888 noster
853 2814 958 2888 aliter
984 2813 1088 2907 punit
1109 2813 1287 2907 superbos
1309 2819 1346 2887 et
1362 2820 1515 2887 caeteros
1532 2821 1741 2909 peccateres
1758 2815 1794 2887 in
1813 2814 1869 2886 in·

703 2936 818 3028 ternu,
850 2934 956 3009 aliter
985 2934 1022 3007 in
1057 2934 1281 3029 purgatorio.
1314 2933 1440 3007 Omnis
1471 2936 1569 3008 enim
1601 2955 1711 3030 poena
1741 2934 1868 3009 inlerni

703 3061 758 3129 est
783 3060 960 3149 perpetua
986 3060 1023 3128 el
1049 3060 1194 3146 cneum
1216 3053 1335 3127 omnis
1352 3073 1443 3128 vero
1463 3073 1571 3148 poena
1597 3054 1795 3150 purgatorii
1815 3060 1871 3129 est

703 3174 912 3269 temporalis
938 3180 975 3248 et
1000 3173 1206 3246 voluntaria
1215 3196 1225 3267 3
1246 3173 1329 3247 ideo
1354 3173 1473 3267 primo
1498 3175 1672 3248 admonet
1695 3175 1868 3249 lectorem

702 3314 749 3367 ne
775 3300 921 3367 recuset
946 3292 1044 3367 lerre
1071 3300 1200 3387 sponte
1225 3312 1371 3387 poenam
1398 3294 1519 3387 istam,
1544 3294 1629 3388 quia
1655 3294 1721 3367 etsi
1750 3294 1871 3390 gravis

700 3420 755 3487 est
781 3420 904 3493 larnen
932 3412 1079 3506 brevls3
1108 3413 1205 3486 unde
1232 3413 1363 3487 melius
1393 3421 1448 3487 est
1476 3414 1727 3509 temporaliter·
1750 3414 1871 3487 humi·

699 3533 791 3626 llari,
818 3555 930 3627 quarn
957 3533 994 3605 in
1022 3533 1147 3606 luturo
1173 3534 1395 3607 aeternalller
1415 3534 1583 3608 cruciari.
1606 3532 1697 3609 Dicit
1721 3554 1870 3629 ergozo

702 3656 815 3744 letter,
841 3652 904 3746 qui
929 3652 1085 3747 peccasti
1113 3672 1179 3746 per
1204 3652 1425 3746 superbiam,
1457 3674 1530 3725 nun
1561 3647 1711 3746 vc’perrl
1743 3656 1803 3727 cte
1837 3660 1872 3724 tu

702 3776 728 3846 ti
751 3774 900 3863 srncplri,
926 3771 1142 3845 disturberis
1157 3764 1195 3863 (⁴)
1221 3777 1258 3845 et
1284 3772 1521 3866 removearis,
1539 3776 1578 3846 di
1593 3774 1682 3845 tucn
1698 3776 1871 3865 proponi-

702 3900 829 3983 menn,
855 3892 1000 3987 scilicet,
1027 3892 1207 3988 purgandi
1234 3893 1457 3987 superbiam,
1477 3915 1544 3986 per
1568 3898 1669 3967 udae
1687 3914 1782 3966 cume
1802 3894 1871 3965 Dic

704 4015 815 4101 vuele,
842 4018 879 4086 et
898 4012 1009 4106 juste,
1036 4013 1095 4084 cle
1109 4015 1136 4085 'l
1162 4013 1274 4085 debito
1297 4015 1330 4085 si
1350 4015 1472 4105 pepli,
1502 4012 1594 4087 idest
1608 4006 1657 4105 (¹),
1680 4019 1869 4107 peccatum

703 4139 886 4227 purgetur
913 4131 1033 4206 debita
1059 4152 1188 4227 poena3
1214 4138 1252 4206 et
1283 4131 1377 4224 iden,
1412 4154 1483 4204 nen
1510 4136 1666 4206 claudar
1694 4135 1730 4206 lc
1751 4136 1871 4225 formu

703 4254 761 4325 del
793 4244 951 4343 martire,
988 4250 1090 4344 idest,
1126 4272 1198 4324 nen
1236 4250 1443 4325 consideres
1475 4252 1693 4347 gravitatem
1731 4270 1870 4345 poenae3

697 4392 812 4464 pansa
846 4375 882 4443 lu
916 4374 1122 4462 successies,
1164 4371 1300 4445 luturae
1332 4371 1470 4466 gloriae,
1504 4392 1588 4465 quae
1621 4376 1677 4446 est
1710 4377 1871 4462 aeterna3

699 4514 811 4585 parua
836 4496 895 4565 elle
916 4514 940 4564 u
961 4495 1089 4585 peppio
1114 4513 1186 4564 non
1209 4483 1281 4583 purl
1304 4495 1358 4564 irc
1382 4494 1532 4566 ultreia
1556 4512 1651 4582 prun
1676 4492 1872 4581 sentencia,-

702 4613 805 4705 quasi
833 4612 946 4687 dicat:
973 4632 1080 4705 poena
1109 4611 1310 4706 purgatorii
1342 4632 1426 4705 ques
1451 4611 1498 4684 ad
1529 4612 1610 4705 plus
1640 4607 1738 4704 quud
1763 4606 1873 4701 possit

702 4731 848 4806 extendi
882 4752 954 4805 non
987 4737 1105 4825 potest
1131 4729 1288 4806 transire
1315 4730 1410 4803 ultra
1440 4730 1536 4804 diem
1563 4728 1713 4824 judicii3
1743 4733 1780 4802 el
1804 4727 1872 4798 lruc

703 4858 758 4926 est
785 4872 915 4926 verum
943 4852 980 4923 in
1007 4851 1222 4946 purgatorio
1247 4848 1449 4942 essentiali3
1470 4849 1506 4921 in
1531 4847 1661 4921 morali
1688 4866 1775 4920 vero
1795 4846 1873 4918 vult

768 5117 796 5180 (¹)
813 5118 842 5169 Ε
859 5118 932 5179 idest,
949 5118 1107 5177 disturlruris,
1125 5119 1154 5167 cll
1168 5118 1243 5167 tucn.
1374 5113 1402 5177 Γ)
1417 5115 1449 5165 Ε.
1466 5114 1539 5175 illest,
1554 5111 1623 5176 quui
1640 5114 1782 5173 peccatum.
