<?xml version="1.0" encoding="UTF-8"?>
<!DOCTYPE html PUBLIC "-//W3C//DTD XHTML 1.0 Transitional//EN"
    "http://www.w3.org/TR/xhtml1/DTD/xhtml1-transitional.dtd">
<html xmlns="http://www.w3.org/1999/xhtml" xml:lang="en" lang="en">
 <head>
  <title>
</title>
<meta http-equiv="Content-Type" content="text/html;charset=utf-8" />
  <meta name='ocr-system' content='tesseract 3.04.00' />
  <meta name='ocr-capabilities' content='ocr_page ocr_carea ocr_par ocr_line ocrx_word'/>
</head>
<body>
  <div class='ocr_page' id='page_1' title='image "./comentumsuperda01unkngoog_0310.png"; bbox 0 0 4542 6842; ppageno 0'>
   <div class='ocr_carea' id='block_1_1' title="bbox 681 944 1491 1011">
    <p class='ocr_par' dir='ltr' id='par_1_1' title="bbox 681 944 1491 1011">
     <span class='ocr_line' id='line_1_1' title="bbox 681 944 1491 1011; baseline -0.007 0"><span class='ocrx_word' id='word_1_1' title='bbox 681 944 753 1011; x_wconf 75' lang='lat'><strong>266</strong></span> <span class='ocrx_word' id='word_1_2' title='bbox 1043 953 1247 1009; x_wconf 65' lang='lat' dir='ltr'><strong>commun</strong></span> <span class='ocrx_word' id='word_1_3' title='bbox 1270 951 1491 1007; x_wconf 78' lang='lat' dir='ltr'><strong>aunenronu</strong></span> 
     </span>
    </p>
   </div>
   <div class='ocr_carea' id='block_1_2' title="bbox 601 1095 1853 3236">
    <p class='ocr_par' dir='ltr' id='par_1_2' title="bbox 601 1095 1853 3236">
     <span class='ocr_line' id='line_1_2' title="bbox 674 1095 1852 1197; baseline -0.005 -20"><span class='ocrx_word' id='word_1_4' title='bbox 674 1096 738 1197; x_wconf 79' lang='lat' dir='ltr'><strong>pot</strong></span> <span class='ocrx_word' id='word_1_5' title='bbox 761 1102 821 1175; x_wconf 79' lang='lat' dir='ltr'><strong>cite</strong></span> <span class='ocrx_word' id='word_1_6' title='bbox 834 1120 953 1192; x_wconf 70' lang='lat' dir='ltr'><strong>poso,</strong></span> <span class='ocrx_word' id='word_1_7' title='bbox 971 1097 1073 1191; x_wconf 89' lang='lat' dir='ltr'><strong>idest,</strong></span> <span class='ocrx_word' id='word_1_8' title='bbox 1092 1099 1287 1193; x_wconf 81' lang='lat' dir='ltr'>plusquam</span> <span class='ocrx_word' id='word_1_9' title='bbox 1304 1099 1406 1173; x_wconf 85' lang='lat' dir='ltr'><strong>color</strong></span> <span class='ocrx_word' id='word_1_10' title='bbox 1422 1095 1651 1173; x_wconf 85' lang='lat' dir='ltr'><strong>semiiuscus.</strong></span> <span class='ocrx_word' id='word_1_11' title='bbox 1669 1097 1743 1171; x_wconf 88' lang='lat' dir='ltr'><strong>Iste</strong></span> <span class='ocrx_word' id='word_1_12' title='bbox 1762 1117 1852 1192; x_wconf 78' lang='lat' dir='ltr'><strong>gra·</strong></span> 
     </span>
     <span class='ocr_line' id='line_1_3' title="bbox 678 1215 1852 1313; baseline -0.005 -18"><span class='ocrx_word' id='word_1_13' title='bbox 678 1220 748 1297; x_wconf 89' lang='lat' dir='ltr'><strong>dus</strong></span> <span class='ocrx_word' id='word_1_14' title='bbox 771 1218 953 1295; x_wconf 86' lang='lat' dir='ltr'><strong>secundus</strong></span> <span class='ocrx_word' id='word_1_15' title='bbox 979 1217 1112 1313; x_wconf 82' lang='lat' dir='ltr'><strong>figurat</strong></span> <span class='ocrx_word' id='word_1_16' title='bbox 1137 1216 1520 1311; x_wconf 63' lang='lat' dir='ltr'><strong>confessionemque</strong></span> <span class='ocrx_word' id='word_1_17' title='bbox 1544 1216 1663 1311; x_wconf 69' lang='lat' dir='ltr'><strong>apert</strong></span> <span class='ocrx_word' id='word_1_18' title='bbox 1689 1215 1852 1313; x_wconf 79' lang='lat' dir='ltr'><strong>nigredi-</strong></span> 
     </span>
     <span class='ocr_line' id='line_1_4' title="bbox 679 1336 1852 1434; baseline -0.004 -19"><span class='ocrx_word' id='word_1_19' title='bbox 679 1360 765 1415; x_wconf 97' lang='lat' dir='ltr'><strong>nem</strong></span> <span class='ocrx_word' id='word_1_20' title='bbox 789 1338 908 1413; x_wconf 89' lang='lat' dir='ltr'><strong>cordis</strong></span> <span class='ocrx_word' id='word_1_21' title='bbox 935 1338 1046 1433; x_wconf 88' lang='lat' dir='ltr'><strong>tincti,</strong></span> <span class='ocrx_word' id='word_1_22' title='bbox 1070 1337 1149 1413; x_wconf 87' lang='lat' dir='ltr'><strong>sive</strong></span> <span class='ocrx_word' id='word_1_23' title='bbox 1174 1338 1278 1434; x_wconf 82' lang='lat' dir='ltr'><strong>tingit</strong></span> <span class='ocrx_word' id='word_1_24' title='bbox 1294 1358 1360 1413; x_wconf 85' lang='lat' dir='ltr'><strong>eor</strong></span> <span class='ocrx_word' id='word_1_25' title='bbox 1377 1337 1518 1433; x_wconf 86' lang='lat' dir='ltr'><strong>pudore</strong></span> <span class='ocrx_word' id='word_1_26' title='bbox 1538 1344 1576 1413; x_wconf 90' lang='lat' dir='ltr'><strong>et</strong></span> <span class='ocrx_word' id='word_1_27' title='bbox 1591 1338 1729 1413; x_wconf 83' lang='lat' dir='ltr'><strong>dolore.</strong></span> <span class='ocrx_word' id='word_1_28' title='bbox 1749 1336 1852 1411; x_wconf 88' lang='lat' dir='ltr'><strong>Unde</strong></span> 
     </span>
     <span class='ocr_line' id='line_1_5' title="bbox 678 1457 1851 1554; baseline -0.004 -18"><span class='ocrx_word' id='word_1_29' title='bbox 678 1460 788 1536; x_wconf 82' lang='lat' dir='ltr'><strong>dicit:</strong></span> <span class='ocrx_word' id='word_1_30' title='bbox 822 1458 1249 1553; x_wconf 58' lang='lat' dir='ltr'><strong>rumpotinetum</strong></span> <span class='ocrx_word' id='word_1_31' title='bbox 1281 1457 1402 1553; x_wconf 86' lang='lat' dir='ltr'><strong>speeie</strong></span> <span class='ocrx_word' id='word_1_32' title='bbox 1432 1464 1556 1554; x_wconf 73' lang='lat' dir='ltr'><strong>petru,</strong></span> <span class='ocrx_word' id='word_1_33' title='bbox 1586 1460 1715 1531; x_wconf 65' lang='lat' dir='ltr'><strong>moritu</strong></span> <span class='ocrx_word' id='word_1_34' title='bbox 1743 1478 1851 1531; x_wconf 81' lang='lat' dir='ltr'><strong>eur·</strong></span> 
     </span>
     <span class='ocr_line' id='line_1_6' title="bbox 678 1577 1847 1673; baseline -0.005 -18"><span class='ocrx_word' id='word_1_35' title='bbox 678 1582 796 1673; x_wconf 66' lang='lat' dir='ltr'><strong>noua,</strong></span> <span class='ocrx_word' id='word_1_36' title='bbox 832 1579 882 1654; x_wconf 90' lang='lat' dir='ltr'><strong>ita</strong></span> <span class='ocrx_word' id='word_1_37' title='bbox 917 1586 1058 1655; x_wconf 81' lang='lat' dir='ltr'><strong>cremat</strong></span> <span class='ocrx_word' id='word_1_38' title='bbox 1092 1579 1327 1655; x_wconf 89' lang='lat' dir='ltr'><strong>cordurum</strong></span> <span class='ocrx_word' id='word_1_39' title='bbox 1361 1577 1551 1671; x_wconf 80' lang='lat' dir='ltr'><strong>consessio,</strong></span> <span class='ocrx_word' id='word_1_40' title='bbox 1586 1583 1625 1652; x_wconf 89' lang='lat' dir='ltr'><strong>et</strong></span> <span class='ocrx_word' id='word_1_41' title='bbox 1657 1584 1847 1671; x_wconf 77' lang='lat' dir='ltr'><strong>tamquam</strong></span> 
     </span>
     <span class='ocr_line' id='line_1_7' title="bbox 601 1698 1849 1798; baseline -0.002 -23"><span class='ocrx_word' id='word_1_42' title='bbox 601 1710 603 1715; x_wconf 83' lang='lat'>&#39;</span> <span class='ocrx_word' id='word_1_43' title='bbox 679 1700 772 1798; x_wconf 86' lang='lat' dir='ltr'><strong>ignis</strong></span> <span class='ocrx_word' id='word_1_44' title='bbox 797 1700 966 1775; x_wconf 87' lang='lat' dir='ltr'><strong>salutaris</strong></span> <span class='ocrx_word' id='word_1_45' title='bbox 995 1706 1148 1797; x_wconf 82' lang='lat' dir='ltr'><strong>purgat3</strong></span> <span class='ocrx_word' id='word_1_46' title='bbox 1175 1699 1257 1775; x_wconf 89' lang='lat' dir='ltr'><strong>ideo</strong></span> <span class='ocrx_word' id='word_1_47' title='bbox 1282 1698 1392 1774; x_wconf 87' lang='lat' dir='ltr'><strong>dicit:</strong></span> <span class='ocrx_word' id='word_1_48' title='bbox 1417 1705 1561 1791; x_wconf 73' lang='lat' dir='ltr'><strong>crepam</strong></span> <span class='ocrx_word' id='word_1_49' title='bbox 1583 1719 1651 1790; x_wconf 83' lang='lat' dir='ltr'><strong>per</strong></span> <span class='ocrx_word' id='word_1_50' title='bbox 1679 1700 1714 1771; x_wconf 86' lang='lat' dir='ltr'><strong>lo</strong></span> <span class='ocrx_word' id='word_1_51' title='bbox 1743 1701 1849 1790; x_wconf 65' lang='lat' dir='ltr'><strong>tuneo</strong></span> 
     </span>
     <span class='ocr_line' id='line_1_8' title="bbox 680 1816 1851 1915; baseline -0.006 -19"><span class='ocrx_word' id='word_1_52' title='bbox 680 1844 699 1896; x_wconf 85' lang='lat' dir='ltr'><strong>e</strong></span> <span class='ocrx_word' id='word_1_53' title='bbox 719 1843 787 1914; x_wconf 81' lang='lat' dir='ltr'><strong>per</strong></span> <span class='ocrx_word' id='word_1_54' title='bbox 812 1828 970 1895; x_wconf 82' lang='lat' dir='ltr'><strong>traverso</strong></span> <span class='ocrx_word' id='word_1_55' title='bbox 980 1846 996 1915; x_wconf 89' lang='lat'><strong>‚·</strong></span> <span class='ocrx_word' id='word_1_56' title='bbox 1021 1820 1107 1915; x_wconf 90' lang='lat' dir='ltr'><strong>qnia</strong></span> <span class='ocrx_word' id='word_1_57' title='bbox 1133 1819 1311 1894; x_wconf 77' lang='lat' dir='ltr'><strong>consessio</strong></span> <span class='ocrx_word' id='word_1_58' title='bbox 1329 1818 1485 1893; x_wconf 83' lang='lat' dir='ltr'><strong>rimatur</strong></span> <span class='ocrx_word' id='word_1_59' title='bbox 1501 1816 1626 1891; x_wconf 87' lang='lat' dir='ltr'><strong>omnia</strong></span> <span class='ocrx_word' id='word_1_60' title='bbox 1642 1823 1795 1910; x_wconf 87' lang='lat' dir='ltr'><strong>secreta,</strong></span> <span class='ocrx_word' id='word_1_61' title='bbox 1812 1824 1851 1892; x_wconf 90' lang='lat' dir='ltr'><strong>et</strong></span> 
     </span>
     <span class='ocr_line' id='line_1_9' title="bbox 680 1936 1851 2035; baseline -0.003 -20"><span class='ocrx_word' id='word_1_62' title='bbox 680 1939 777 2015; x_wconf 84' lang='lat' dir='ltr'><strong>elicit</strong></span> <span class='ocrx_word' id='word_1_63' title='bbox 801 1940 885 2015; x_wconf 90' lang='lat' dir='ltr'><strong>iude</strong></span> <span class='ocrx_word' id='word_1_64' title='bbox 910 1939 1049 2015; x_wconf 87' lang='lat' dir='ltr'><strong>saniem</strong></span> <span class='ocrx_word' id='word_1_65' title='bbox 1075 1959 1122 2014; x_wconf 85' lang='lat' dir='ltr'><strong>er</strong></span> <span class='ocrx_word' id='word_1_66' title='bbox 1147 1940 1248 2014; x_wconf 91' lang='lat' dir='ltr'><strong>omni</strong></span> <span class='ocrx_word' id='word_1_67' title='bbox 1272 1945 1390 2035; x_wconf 87' lang='lat' dir='ltr'><strong>parte,</strong></span> <span class='ocrx_word' id='word_1_68' title='bbox 1415 1938 1509 2013; x_wconf 89' lang='lat' dir='ltr'><strong>sicut</strong></span> <span class='ocrx_word' id='word_1_69' title='bbox 1534 1937 1628 2034; x_wconf 88' lang='lat' dir='ltr'><strong>ignis</strong></span> <span class='ocrx_word' id='word_1_70' title='bbox 1653 1936 1737 2011; x_wconf 84' lang='lat' dir='ltr'><strong>iacit</strong></span> <span class='ocrx_word' id='word_1_71' title='bbox 1761 1956 1851 2011; x_wconf 82' lang='lat' dir='ltr'><strong>exa·</strong></span> 
     </span>
     <span class='ocr_line' id='line_1_10' title="bbox 680 2058 1850 2152; baseline -0.003 -17"><span class='ocrx_word' id='word_1_72' title='bbox 680 2062 758 2135; x_wconf 87' lang='lat' dir='ltr'><strong>lare</strong></span> <span class='ocrx_word' id='word_1_73' title='bbox 784 2061 923 2135; x_wconf 86' lang='lat' dir='ltr'><strong>malum</strong></span> <span class='ocrx_word' id='word_1_74' title='bbox 949 2061 1146 2134; x_wconf 90' lang='lat' dir='ltr'><strong>humorem</strong></span> <span class='ocrx_word' id='word_1_75' title='bbox 1172 2080 1219 2135; x_wconf 83' lang='lat' dir='ltr'><strong>ex</strong></span> <span class='ocrx_word' id='word_1_76' title='bbox 1247 2066 1345 2133; x_wconf 88' lang='lat' dir='ltr'><strong>terra</strong></span> <span class='ocrx_word' id='word_1_77' title='bbox 1370 2058 1566 2134; x_wconf 84' lang='lat' dir='ltr'><strong>scindendo</strong></span> <span class='ocrx_word' id='word_1_78' title='bbox 1587 2078 1685 2151; x_wconf 87' lang='lat' dir='ltr'><strong>eam,</strong></span> <span class='ocrx_word' id='word_1_79' title='bbox 1704 2062 1743 2133; x_wconf 92' lang='lat' dir='ltr'><strong>et</strong></span> <span class='ocrx_word' id='word_1_80' title='bbox 1761 2078 1850 2152; x_wconf 87' lang='lat' dir='ltr'><strong>ape·</strong></span> 
     </span>
     <span class='ocr_line' id='line_1_11' title="bbox 680 2162 1850 2275; baseline -0.003 -20"><span class='ocrx_word' id='word_1_81' title='bbox 680 2181 807 2257; x_wconf 91' lang='lat' dir='ltr'><strong>riendo</strong></span> <span class='ocrx_word' id='word_1_82' title='bbox 839 2202 947 2275; x_wconf 89' lang='lat' dir='ltr'><strong>poros</strong></span> <span class='ocrx_word' id='word_1_83' title='bbox 980 2180 1132 2255; x_wconf 88' lang='lat' dir='ltr'><strong>clausos.</strong></span> <span class='ocrx_word' id='word_1_84' title='bbox 1165 2179 1247 2254; x_wconf 86' lang='lat' dir='ltr'><strong>Scio</strong></span> <span class='ocrx_word' id='word_1_85' title='bbox 1279 2185 1405 2255; x_wconf 88' lang='lat' dir='ltr'><strong>tamen</strong></span> <span class='ocrx_word' id='word_1_86' title='bbox 1437 2162 1536 2273; x_wconf 82' lang='lat' dir='ltr'><strong>quod</strong></span> <span class='ocrx_word' id='word_1_87' title='bbox 1567 2178 1679 2274; x_wconf 81' lang='lat' dir='ltr'><strong>aliqui</strong></span> <span class='ocrx_word' id='word_1_88' title='bbox 1711 2177 1850 2272; x_wconf 81' lang='lat' dir='ltr'><strong>volunt,</strong></span> 
     </span>
     <span class='ocr_line' id='line_1_12' title="bbox 680 2290 1850 2396; baseline -0.004 -20"><span class='ocrx_word' id='word_1_89' title='bbox 680 2301 779 2395; x_wconf 87' lang='lat' dir='ltr'><strong>quod</strong></span> <span class='ocrx_word' id='word_1_90' title='bbox 805 2300 945 2396; x_wconf 89' lang='lat' dir='ltr'><strong>primus</strong></span> <span class='ocrx_word' id='word_1_91' title='bbox 968 2300 1106 2396; x_wconf 82' lang='lat' dir='ltr'><strong>gradus</strong></span> <span class='ocrx_word' id='word_1_92' title='bbox 1131 2290 1177 2373; x_wconf 89' lang='lat' dir='ltr'><strong>sit</strong></span> <span class='ocrx_word' id='word_1_93' title='bbox 1201 2299 1391 2393; x_wconf 77' lang='lat' dir='ltr'><strong>confessio,</strong></span> <span class='ocrx_word' id='word_1_94' title='bbox 1417 2306 1455 2374; x_wconf 88' lang='lat' dir='ltr'><strong>et</strong></span> <span class='ocrx_word' id='word_1_95' title='bbox 1483 2298 1667 2374; x_wconf 86' lang='lat' dir='ltr'><strong>secundus</strong></span> <span class='ocrx_word' id='word_1_96' title='bbox 1692 2298 1738 2372; x_wconf 93' lang='lat' dir='ltr'><strong>sit</strong></span> <span class='ocrx_word' id='word_1_97' title='bbox 1762 2318 1850 2373; x_wconf 86' lang='lat' dir='ltr'><strong>con-</strong></span> 
     </span>
     <span class='ocr_line' id='line_1_13' title="bbox 679 2419 1850 2515; baseline -0.001 -21"><span class='ocrx_word' id='word_1_98' title='bbox 679 2420 788 2513; x_wconf 87' lang='lat' dir='ltr'><strong>tritio,</strong></span> <span class='ocrx_word' id='word_1_99' title='bbox 807 2440 890 2514; x_wconf 87' lang='lat' dir='ltr'><strong>quae</strong></span> <span class='ocrx_word' id='word_1_100' title='bbox 916 2420 1000 2495; x_wconf 84' lang='lat' dir='ltr'><strong>iacit</strong></span> <span class='ocrx_word' id='word_1_101' title='bbox 1024 2439 1179 2515; x_wconf 88' lang='lat' dir='ltr'><strong>crepare</strong></span> <span class='ocrx_word' id='word_1_102' title='bbox 1202 2440 1268 2493; x_wconf 84' lang='lat' dir='ltr'><strong>eor</strong></span> <span class='ocrx_word' id='word_1_103' title='bbox 1288 2419 1425 2494; x_wconf 89' lang='lat' dir='ltr'><strong>durum</strong></span> <span class='ocrx_word' id='word_1_104' title='bbox 1443 2427 1480 2493; x_wconf 92' lang='lat' dir='ltr'><strong>et</strong></span> <span class='ocrx_word' id='word_1_105' title='bbox 1497 2419 1651 2493; x_wconf 84' lang='lat' dir='ltr'><strong>tinctum</strong></span> <span class='ocrx_word' id='word_1_106' title='bbox 1678 2424 1850 2513; x_wconf 80' lang='lat' dir='ltr'><strong>peecato3</strong></span> 
     </span>
     <span class='ocr_line' id='line_1_14' title="bbox 680 2516 1849 2635; baseline -0.003 -20"><span class='ocrx_word' id='word_1_107' title='bbox 680 2540 779 2635; x_wconf 90' lang='lat' dir='ltr'><strong>quod</strong></span> <span class='ocrx_word' id='word_1_108' title='bbox 805 2560 877 2613; x_wconf 89' lang='lat' dir='ltr'><strong>non</strong></span> <span class='ocrx_word' id='word_1_109' title='bbox 902 2539 1024 2632; x_wconf 83' lang='lat' dir='ltr'><strong>credo,</strong></span> <span class='ocrx_word' id='word_1_110' title='bbox 1043 2539 1130 2633; x_wconf 90' lang='lat' dir='ltr'><strong>quia</strong></span> <span class='ocrx_word' id='word_1_111' title='bbox 1154 2546 1242 2613; x_wconf 85' lang='lat' dir='ltr'><strong>tune</strong></span> <span class='ocrx_word' id='word_1_112' title='bbox 1259 2560 1332 2613; x_wconf 93' lang='lat' dir='ltr'><strong>non</strong></span> <span class='ocrx_word' id='word_1_113' title='bbox 1350 2516 1564 2613; x_wconf 77' lang='lat' dir='ltr'><strong>servaretur</strong></span> <span class='ocrx_word' id='word_1_114' title='bbox 1583 2538 1728 2613; x_wconf 87' lang='lat' dir='ltr'><strong>debitus</strong></span> <span class='ocrx_word' id='word_1_115' title='bbox 1747 2539 1849 2613; x_wconf 91' lang='lat' dir='ltr'><strong>ordo.</strong></span> 
     </span>
     <span class='ocr_line' id='line_1_15' title="bbox 681 2659 1852 2755; baseline 0 -20"><span class='ocrx_word' id='word_1_116' title='bbox 681 2662 725 2735; x_wconf 84' lang='lat' dir='ltr'><strong>Et</strong></span> <span class='ocrx_word' id='word_1_117' title='bbox 749 2659 919 2736; x_wconf 78' lang='lat' dir='ltr'><strong>describit</strong></span> <span class='ocrx_word' id='word_1_118' title='bbox 944 2660 1107 2754; x_wconf 83' lang='lat' dir='ltr'><strong>tertium,</strong></span> <span class='ocrx_word' id='word_1_119' title='bbox 1133 2667 1173 2736; x_wconf 86' lang='lat' dir='ltr'><strong>et</strong></span> <span class='ocrx_word' id='word_1_120' title='bbox 1196 2659 1292 2754; x_wconf 84' lang='lat' dir='ltr'><strong>dicit,</strong></span> <span class='ocrx_word' id='word_1_121' title='bbox 1318 2659 1416 2755; x_wconf 86' lang='lat' dir='ltr'><strong>quod</strong></span> <span class='ocrx_word' id='word_1_122' title='bbox 1442 2660 1500 2735; x_wconf 86' lang='lat' dir='ltr'><strong>hie</strong></span> <span class='ocrx_word' id='word_1_123' title='bbox 1524 2660 1662 2755; x_wconf 82' lang='lat' dir='ltr'><strong>gradus</strong></span> <span class='ocrx_word' id='word_1_124' title='bbox 1690 2666 1772 2735; x_wconf 89' lang='lat' dir='ltr'><strong>erat</strong></span> <span class='ocrx_word' id='word_1_125' title='bbox 1797 2661 1852 2735; x_wconf 83' lang='lat' dir='ltr'><strong>ia-</strong></span> 
     </span>
     <span class='ocr_line' id='line_1_16' title="bbox 683 2779 1853 2878; baseline -0.003 -22"><span class='ocrx_word' id='word_1_126' title='bbox 683 2788 765 2856; x_wconf 86' lang='lat' dir='ltr'><strong>etus</strong></span> <span class='ocrx_word' id='word_1_127' title='bbox 795 2800 842 2855; x_wconf 83' lang='lat' dir='ltr'><strong>ex</strong></span> <span class='ocrx_word' id='word_1_128' title='bbox 868 2779 985 2875; x_wconf 88' lang='lat' dir='ltr'><strong>lapide</strong></span> <span class='ocrx_word' id='word_1_129' title='bbox 1014 2779 1261 2877; x_wconf 85' lang='lat' dir='ltr'><strong>porphyritico</strong></span> <span class='ocrx_word' id='word_1_130' title='bbox 1290 2780 1427 2878; x_wconf 90' lang='lat' dir='ltr'><strong>rubeo;</strong></span> <span class='ocrx_word' id='word_1_131' title='bbox 1446 2780 1545 2855; x_wconf 90' lang='lat' dir='ltr'><strong>unde</strong></span> <span class='ocrx_word' id='word_1_132' title='bbox 1561 2779 1670 2855; x_wconf 85' lang='lat' dir='ltr'><strong>dicit:</strong></span> <span class='ocrx_word' id='word_1_133' title='bbox 1689 2784 1723 2855; x_wconf 84' lang='lat' dir='ltr'><strong>lo</strong></span> <span class='ocrx_word' id='word_1_134' title='bbox 1740 2789 1853 2871; x_wconf 80' lang='lat' dir='ltr'><strong>terzo,</strong></span> 
     </span>
     <span class='ocr_line' id='line_1_17' title="bbox 684 2899 1852 2998; baseline 0 -23"><span class='ocrx_word' id='word_1_135' title='bbox 684 2902 744 2975; x_wconf 81' lang='lat' dir='ltr'><strong>eie</strong></span> <span class='ocrx_word' id='word_1_136' title='bbox 768 2902 806 2973; x_wconf 83' lang='lat' dir='ltr'><strong>di</strong></span> <span class='ocrx_word' id='word_1_137' title='bbox 828 2921 939 2992; x_wconf 83' lang='lat' dir='ltr'><strong>supra</strong></span> <span class='ocrx_word' id='word_1_138' title='bbox 961 2902 991 2973; x_wconf 75' lang='grc' dir='ltr'><strong>ε’</strong></span> <span class='ocrx_word' id='word_1_139' title='bbox 1004 2903 1257 2993; x_wconf 70' lang='lat' dir='ltr'><strong>ammassutta,</strong></span> <span class='ocrx_word' id='word_1_140' title='bbox 1283 2899 1385 2993; x_wconf 84' lang='lat' dir='ltr'><strong>idest,</strong></span> <span class='ocrx_word' id='word_1_141' title='bbox 1408 2900 1472 2996; x_wconf 91' lang='lat' dir='ltr'><strong>qui</strong></span> <span class='ocrx_word' id='word_1_142' title='bbox 1496 2921 1693 2996; x_wconf 85' lang='lat' dir='ltr'><strong>supremus</strong></span> <span class='ocrx_word' id='word_1_143' title='bbox 1717 2921 1852 2998; x_wconf 82' lang='lat' dir='ltr'><strong>aggre-</strong></span> 
     </span>
     <span class='ocr_line' id='line_1_18' title="bbox 683 3020 1851 3117; baseline -0.001 -21"><span class='ocrx_word' id='word_1_144' title='bbox 683 3026 794 3117; x_wconf 82' lang='lat' dir='ltr'><strong>gatur</strong></span> <span class='ocrx_word' id='word_1_145' title='bbox 819 3040 930 3116; x_wconf 89' lang='lat' dir='ltr'><strong>supra</strong></span> <span class='ocrx_word' id='word_1_146' title='bbox 955 3020 1056 3115; x_wconf 87' lang='lat' dir='ltr'><strong>alios,</strong></span> <span class='ocrx_word' id='word_1_147' title='bbox 1078 3023 1220 3114; x_wconf 75' lang='lat' dir='ltr'><strong>perfido</strong></span> <span class='ocrx_word' id='word_1_148' title='bbox 1244 3024 1294 3094; x_wconf 81' lang='lat' dir='ltr'><strong>mi</strong></span> <span class='ocrx_word' id='word_1_149' title='bbox 1310 3042 1441 3113; x_wconf 80' lang='lat' dir='ltr'><strong>paren,</strong></span> <span class='ocrx_word' id='word_1_150' title='bbox 1459 3021 1561 3115; x_wconf 80' lang='lat' dir='ltr'><strong>idest,</strong></span> <span class='ocrx_word' id='word_1_151' title='bbox 1578 3021 1668 3117; x_wconf 86' lang='lat' dir='ltr'><strong>lapis</strong></span> <span class='ocrx_word' id='word_1_152' title='bbox 1693 3022 1851 3117; x_wconf 82' lang='lat' dir='ltr'><strong>rubeus3</strong></span> 
     </span>
     <span class='ocr_line' id='line_1_19' title="bbox 684 3133 1853 3236; baseline 0.002 -21"><span class='ocrx_word' id='word_1_153' title='bbox 684 3141 782 3215; x_wconf 89' lang='lat' dir='ltr'><strong>uude</strong></span> <span class='ocrx_word' id='word_1_154' title='bbox 807 3139 914 3217; x_wconf 83' lang='lat' dir='ltr'><strong>dicit:</strong></span> <span class='ocrx_word' id='word_1_155' title='bbox 939 3133 969 3214; x_wconf 81' lang='lat' dir='ltr'><strong>si</strong></span> <span class='ocrx_word' id='word_1_156' title='bbox 990 3143 1283 3234; x_wconf 71' lang='lat' dir='ltr'><strong>fiammeuoiante,</strong></span> <span class='ocrx_word' id='word_1_157' title='bbox 1307 3163 1331 3217; x_wconf 89' lang='lat' dir='ltr'><strong>a</strong></span> <span class='ocrx_word' id='word_1_158' title='bbox 1359 3142 1479 3236; x_wconf 82' lang='lat' dir='ltr'><strong>simili,</strong></span> <span class='ocrx_word' id='word_1_159' title='bbox 1505 3164 1601 3217; x_wconf 74' lang='lat' dir='ltr'><strong>conte</strong></span> <span class='ocrx_word' id='word_1_160' title='bbox 1630 3163 1764 3234; x_wconf 67' lang='lat' dir='ltr'><strong>sueque</strong></span> <span class='ocrx_word' id='word_1_161' title='bbox 1792 3145 1853 3217; x_wconf 80' lang='lat' dir='ltr'><strong>ote</strong></span> 
     </span>
    </p>
   </div>
   <div class='ocr_carea' id='block_1_3' title="bbox 539 3261 1854 3369">
    <p class='ocr_par' dir='ltr' id='par_1_3' title="bbox 539 3261 1854 3369">
     <span class='ocr_line' id='line_1_20' title="bbox 539 3261 1854 3369; baseline 0.002 -37"><span class='ocrx_word' id='word_1_162' title='bbox 539 3360 542 3369; x_wconf 68' lang='lat'>,</span> <span class='ocrx_word' id='word_1_163' title='bbox 680 3264 766 3355; x_wconf 78' lang='lat' dir='ltr'><strong>soor</strong></span> <span class='ocrx_word' id='word_1_164' title='bbox 789 3262 828 3333; x_wconf 83' lang='lat' dir='ltr'><strong>di</strong></span> <span class='ocrx_word' id='word_1_165' title='bbox 851 3282 940 3335; x_wconf 80' lang='lat' dir='ltr'><strong>veno</strong></span> <span class='ocrx_word' id='word_1_166' title='bbox 963 3264 1101 3353; x_wconf 71' lang='lat' dir='ltr'><strong>mucia.</strong></span> <span class='ocrx_word' id='word_1_167' title='bbox 1128 3261 1200 3336; x_wconf 88' lang='lat' dir='ltr'><strong>Per</strong></span> <span class='ocrx_word' id='word_1_168' title='bbox 1225 3263 1324 3337; x_wconf 84' lang='lat' dir='ltr'><strong>huno</strong></span> <span class='ocrx_word' id='word_1_169' title='bbox 1357 3262 1506 3337; x_wconf 90' lang='lat' dir='ltr'><strong>tertium</strong></span> <span class='ocrx_word' id='word_1_170' title='bbox 1532 3262 1691 3359; x_wconf 84' lang='lat' dir='ltr'><strong>gradum</strong></span> <span class='ocrx_word' id='word_1_171' title='bbox 1717 3261 1854 3358; x_wconf 80' lang='lat' dir='ltr'><strong>figurat</strong></span> 
     </span>
    </p>
   </div>
   <div class='ocr_carea' id='block_1_4' title="bbox 681 3379 1950 4923">
    <p class='ocr_par' dir='ltr' id='par_1_4' title="bbox 681 3379 1950 4923">
     <span class='ocr_line' id='line_1_21' title="bbox 681 3379 1852 3479; baseline 0.001 -22"><span class='ocrx_word' id='word_1_172' title='bbox 681 3379 976 3477; x_wconf 79' lang='lat' dir='ltr'><strong>satisfactionem,</strong></span> <span class='ocrx_word' id='word_1_173' title='bbox 997 3402 1081 3476; x_wconf 88' lang='lat' dir='ltr'><strong>quae</strong></span> <span class='ocrx_word' id='word_1_174' title='bbox 1098 3382 1207 3456; x_wconf 86' lang='lat' dir='ltr'><strong>debet</strong></span> <span class='ocrx_word' id='word_1_175' title='bbox 1231 3402 1312 3457; x_wconf 90' lang='lat' dir='ltr'><strong>esse</strong></span> <span class='ocrx_word' id='word_1_176' title='bbox 1336 3382 1383 3457; x_wconf 89' lang='lat' dir='ltr'><strong>de</strong></span> <span class='ocrx_word' id='word_1_177' title='bbox 1407 3383 1532 3457; x_wconf 85' lang='lat' dir='ltr'><strong>uotoro</strong></span> <span class='ocrx_word' id='word_1_178' title='bbox 1556 3381 1743 3479; x_wconf 84' lang='lat' dir='ltr'><strong>sanguinis</strong></span> <span class='ocrx_word' id='word_1_179' title='bbox 1767 3382 1852 3477; x_wconf 81' lang='lat' dir='ltr'><strong>vivi,</strong></span> 
     </span>
     <span class='ocr_line' id='line_1_22' title="bbox 682 3500 1850 3599; baseline 0.003 -24"><span class='ocrx_word' id='word_1_180' title='bbox 682 3500 771 3597; x_wconf 83' lang='lat' dir='ltr'><strong>quie</strong></span> <span class='ocrx_word' id='word_1_181' title='bbox 795 3501 842 3577; x_wconf 87' lang='lat' dir='ltr'><strong>de</strong></span> <span class='ocrx_word' id='word_1_182' title='bbox 866 3502 1038 3597; x_wconf 84' lang='lat' dir='ltr'><strong>operibus</strong></span> <span class='ocrx_word' id='word_1_183' title='bbox 1063 3501 1164 3577; x_wconf 87' lang='lat' dir='ltr'><strong>vivis.</strong></span> <span class='ocrx_word' id='word_1_184' title='bbox 1183 3503 1226 3576; x_wconf 84' lang='lat' dir='ltr'><strong>Et</strong></span> <span class='ocrx_word' id='word_1_185' title='bbox 1243 3502 1364 3577; x_wconf 86' lang='lat' dir='ltr'><strong>subdit</strong></span> <span class='ocrx_word' id='word_1_186' title='bbox 1385 3502 1513 3578; x_wconf 84' lang='lat' dir='ltr'><strong>ultimo</strong></span> <span class='ocrx_word' id='word_1_187' title='bbox 1530 3510 1640 3599; x_wconf 86' lang='lat' dir='ltr'><strong>poeta</strong></span> <span class='ocrx_word' id='word_1_188' title='bbox 1656 3503 1850 3580; x_wconf 86' lang='lat' dir='ltr'><strong>stationem</strong></span> 
     </span>
     <span class='ocr_line' id='line_1_23' title="bbox 682 3615 1852 3721; baseline 0 -22"><span class='ocrx_word' id='word_1_189' title='bbox 682 3624 804 3721; x_wconf 80' lang='lat' dir='ltr'><strong>angeli</strong></span> <span class='ocrx_word' id='word_1_190' title='bbox 830 3622 892 3716; x_wconf 91' lang='lat' dir='ltr'><strong>qui</strong></span> <span class='ocrx_word' id='word_1_191' title='bbox 917 3624 1065 3699; x_wconf 84' lang='lat' dir='ltr'><strong>tenebat</strong></span> <span class='ocrx_word' id='word_1_192' title='bbox 1089 3623 1200 3718; x_wconf 90' lang='lat' dir='ltr'><strong>pedes</strong></span> <span class='ocrx_word' id='word_1_193' title='bbox 1224 3644 1336 3719; x_wconf 86' lang='lat' dir='ltr'><strong>super</strong></span> <span class='ocrx_word' id='word_1_194' title='bbox 1350 3615 1386 3715; x_wconf 71' lang='lat'><strong>(¹)</strong></span> <span class='ocrx_word' id='word_1_195' title='bbox 1407 3623 1513 3699; x_wconf 87' lang='lat' dir='ltr'><strong>tertio</strong></span> <span class='ocrx_word' id='word_1_196' title='bbox 1536 3623 1667 3721; x_wconf 81' lang='lat' dir='ltr'><strong>gradu,</strong></span> <span class='ocrx_word' id='word_1_197' title='bbox 1684 3631 1723 3698; x_wconf 90' lang='lat' dir='ltr'><strong>et</strong></span> <span class='ocrx_word' id='word_1_198' title='bbox 1745 3623 1852 3699; x_wconf 86' lang='lat' dir='ltr'><strong>sede·</strong></span> 
     </span>
     <span class='ocr_line' id='line_1_24' title="bbox 686 3743 1853 3841; baseline 0 -22"><span class='ocrx_word' id='word_1_199' title='bbox 686 3744 748 3819; x_wconf 88' lang='lat' dir='ltr'><strong>bat</strong></span> <span class='ocrx_word' id='word_1_200' title='bbox 768 3747 884 3839; x_wconf 87' lang='lat' dir='ltr'><strong>&#39;super</strong></span> <span class='ocrx_word' id='word_1_201' title='bbox 909 3743 1027 3839; x_wconf 88' lang='lat' dir='ltr'><strong>lapide</strong></span> <span class='ocrx_word' id='word_1_202' title='bbox 1043 3744 1287 3820; x_wconf 84' lang='lat' dir='ltr'><strong>adamantino.</strong></span> <span class='ocrx_word' id='word_1_203' title='bbox 1310 3744 1401 3819; x_wconf 79' lang='lat' dir='ltr'><strong>nico</strong></span> <span class='ocrx_word' id='word_1_204' title='bbox 1418 3764 1527 3841; x_wconf 79' lang='lat' dir='ltr'><strong>ergo:</strong></span> <span class='ocrx_word' id='word_1_205' title='bbox 1546 3748 1689 3835; x_wconf 71' lang='lat' dir='ltr'><strong>innuet</strong></span> <span class='ocrx_word' id='word_1_206' title='bbox 1711 3747 1749 3819; x_wconf 72' lang='lat' dir='ltr'><strong>di</strong></span> <span class='ocrx_word' id='word_1_207' title='bbox 1769 3747 1853 3836; x_wconf 84' lang='lat' dir='ltr'><strong>Dio,</strong></span> 
     </span>
     <span class='ocr_line' id='line_1_25' title="bbox 681 3863 1850 3961; baseline -0.002 -22"><span class='ocrx_word' id='word_1_208' title='bbox 681 3864 786 3957; x_wconf 87' lang='lat' dir='ltr'><strong>idest,</strong></span> <span class='ocrx_word' id='word_1_209' title='bbox 813 3863 982 3939; x_wconf 85' lang='lat' dir='ltr'><strong>sacerdos</strong></span> <span class='ocrx_word' id='word_1_210' title='bbox 998 3864 1058 3939; x_wconf 90' lang='lat' dir='ltr'><strong>iile</strong></span> <span class='ocrx_word' id='word_1_211' title='bbox 1074 3864 1256 3961; x_wconf 79' lang='lat' dir='ltr'><strong>gloriosus</strong></span> <span class='ocrx_word' id='word_1_212' title='bbox 1277 3864 1442 3939; x_wconf 77' lang='lat' dir='ltr'><strong>minister</strong></span> <span class='ocrx_word' id='word_1_213' title='bbox 1467 3864 1546 3959; x_wconf 86' lang='lat' dir='ltr'><strong>Dei,</strong></span> <span class='ocrx_word' id='word_1_214' title='bbox 1565 3864 1724 3940; x_wconf 84' lang='lat' dir='ltr'><strong>vicarius</strong></span> <span class='ocrx_word' id='word_1_215' title='bbox 1741 3864 1850 3959; x_wconf 87' lang='lat' dir='ltr'><strong>Petri,</strong></span> 
     </span>
     <span class='ocr_line' id='line_1_26' title="bbox 682 3975 1851 4080; baseline 0.001 -23"><span class='ocrx_word' id='word_1_216' title='bbox 682 3986 834 4059; x_wconf 78' lang='lat' dir='ltr'><strong>sedendo</strong></span> <span class='ocrx_word' id='word_1_217' title='bbox 858 3987 896 4057; x_wconf 82' lang='lat' dir='ltr'><strong>io</strong></span> <span class='ocrx_word' id='word_1_218' title='bbox 919 4004 960 4058; x_wconf 83' lang='lat' dir='ltr'><strong>su</strong></span> <span class='ocrx_word' id='word_1_219' title='bbox 985 3986 1022 4057; x_wconf 86' lang='lat' dir='ltr'><strong>lu</strong></span> <span class='ocrx_word' id='word_1_220' title='bbox 1045 3987 1173 4076; x_wconf 69' lang='lat' dir='ltr'><strong>souitu,</strong></span> <span class='ocrx_word' id='word_1_221' title='bbox 1198 3984 1300 4077; x_wconf 87' lang='lat' dir='ltr'><strong>idest,</strong></span> <span class='ocrx_word' id='word_1_222' title='bbox 1326 3984 1485 4059; x_wconf 87' lang='lat' dir='ltr'><strong>sedendo</strong></span> <span class='ocrx_word' id='word_1_223' title='bbox 1500 3975 1536 4077; x_wconf 79' lang='lat'><strong>(¹)</strong></span> <span class='ocrx_word' id='word_1_224' title='bbox 1556 3985 1594 4057; x_wconf 93' lang='lat' dir='ltr'><strong>in</strong></span> <span class='ocrx_word' id='word_1_225' title='bbox 1612 3984 1738 4059; x_wconf 89' lang='lat' dir='ltr'><strong>limine</strong></span> <span class='ocrx_word' id='word_1_226' title='bbox 1758 3984 1851 4080; x_wconf 78' lang='lat' dir='ltr'><strong>ostii,</strong></span> 
     </span>
     <span class='ocr_line' id='line_1_27' title="bbox 683 4104 1853 4199; baseline 0.002 -22"><span class='ocrx_word' id='word_1_227' title='bbox 683 4106 745 4181; x_wconf 77' lang='lat' dir='ltr'><strong>cte</strong></span> <span class='ocrx_word' id='word_1_228' title='bbox 769 4107 818 4177; x_wconf 86' lang='lat' dir='ltr'><strong>mi</strong></span> <span class='ocrx_word' id='word_1_229' title='bbox 840 4105 1017 4177; x_wconf 76' lang='lat' dir='ltr'><strong>semtiuva</strong></span> <span class='ocrx_word' id='word_1_230' title='bbox 1036 4106 1156 4197; x_wconf 79' lang='lat' dir='ltr'><strong>pietro</strong></span> <span class='ocrx_word' id='word_1_231' title='bbox 1176 4106 1215 4177; x_wconf 79' lang='lat' dir='ltr'><strong>di</strong></span> <span class='ocrx_word' id='word_1_232' title='bbox 1234 4106 1424 4197; x_wconf 74' lang='lat' dir='ltr'><strong>diammue,</strong></span> <span class='ocrx_word' id='word_1_233' title='bbox 1445 4104 1531 4199; x_wconf 88' lang='lat' dir='ltr'><strong>quia</strong></span> <span class='ocrx_word' id='word_1_234' title='bbox 1550 4105 1720 4181; x_wconf 84' lang='lat' dir='ltr'><strong>sacerdos</strong></span> <span class='ocrx_word' id='word_1_235' title='bbox 1744 4104 1853 4181; x_wconf 88' lang='lat' dir='ltr'><strong>debet</strong></span> 
     </span>
     <span class='ocr_line' id='line_1_28' title="bbox 684 4223 1852 4320; baseline -0.003 -20"><span class='ocrx_word' id='word_1_236' title='bbox 684 4242 766 4300; x_wconf 88' lang='lat' dir='ltr'><strong>esse</strong></span> <span class='ocrx_word' id='word_1_237' title='bbox 791 4223 956 4297; x_wconf 85' lang='lat' dir='ltr'><strong>firmatus</strong></span> <span class='ocrx_word' id='word_1_238' title='bbox 982 4244 1093 4319; x_wconf 87' lang='lat' dir='ltr'><strong>super</strong></span> <span class='ocrx_word' id='word_1_239' title='bbox 1118 4223 1331 4318; x_wconf 82' lang='lat' dir='ltr'><strong>constantia,</strong></span> <span class='ocrx_word' id='word_1_240' title='bbox 1350 4230 1387 4299; x_wconf 85' lang='lat' dir='ltr'><strong>et</strong></span> <span class='ocrx_word' id='word_1_241' title='bbox 1403 4223 1511 4299; x_wconf 87' lang='lat' dir='ltr'><strong>debet</strong></span> <span class='ocrx_word' id='word_1_242' title='bbox 1534 4245 1614 4300; x_wconf 89' lang='lat' dir='ltr'><strong>esse</strong></span> <span class='ocrx_word' id='word_1_243' title='bbox 1638 4224 1852 4320; x_wconf 79' lang='lat' dir='ltr'><strong>inflexibilis,</strong></span> 
     </span>
     <span class='ocr_line' id='line_1_29' title="bbox 684 4334 1853 4439; baseline 0.002 -22"><span class='ocrx_word' id='word_1_244' title='bbox 684 4342 779 4417; x_wconf 85' lang='lat' dir='ltr'><strong>sicut</strong></span> <span class='ocrx_word' id='word_1_245' title='bbox 802 4342 953 4417; x_wconf 86' lang='lat' dir='ltr'><strong>adamas</strong></span> <span class='ocrx_word' id='word_1_246' title='bbox 978 4354 1033 4421; x_wconf 84' lang='lat' dir='ltr'><strong>est</strong></span> <span class='ocrx_word' id='word_1_247' title='bbox 1046 4334 1083 4435; x_wconf 82' lang='lat'><strong>(³)</strong></span> <span class='ocrx_word' id='word_1_248' title='bbox 1109 4342 1356 4439; x_wconf 82' lang='lat' dir='ltr'><strong>indomabilis3</strong></span> <span class='ocrx_word' id='word_1_249' title='bbox 1389 4343 1476 4439; x_wconf 86' lang='lat' dir='ltr'><strong>quia</strong></span> <span class='ocrx_word' id='word_1_250' title='bbox 1505 4345 1605 4419; x_wconf 87' lang='lat' dir='ltr'><strong>nulia</strong></span> <span class='ocrx_word' id='word_1_251' title='bbox 1632 4352 1725 4437; x_wconf 82' lang='lat' dir='ltr'><strong>arte,</strong></span> <span class='ocrx_word' id='word_1_252' title='bbox 1750 4345 1853 4419; x_wconf 90' lang='lat' dir='ltr'><strong>nullo</strong></span> 
     </span>
     <span class='ocr_line' id='line_1_30' title="bbox 682 4454 1852 4559; baseline 0.004 -22"><span class='ocrx_word' id='word_1_253' title='bbox 682 4461 840 4559; x_wconf 80' lang='lat' dir='ltr'><strong>ingenio,</strong></span> <span class='ocrx_word' id='word_1_254' title='bbox 866 4465 967 4538; x_wconf 88' lang='lat' dir='ltr'><strong>nullo</strong></span> <span class='ocrx_word' id='word_1_255' title='bbox 992 4485 1122 4539; x_wconf 90' lang='lat' dir='ltr'><strong>amore</strong></span> <span class='ocrx_word' id='word_1_256' title='bbox 1147 4465 1205 4541; x_wconf 87' lang='lat' dir='ltr'><strong>vel</strong></span> <span class='ocrx_word' id='word_1_257' title='bbox 1232 4465 1365 4541; x_wconf 85' lang='lat' dir='ltr'><strong>timore</strong></span> <span class='ocrx_word' id='word_1_258' title='bbox 1389 4465 1498 4541; x_wconf 85' lang='lat' dir='ltr'><strong>debet</strong></span> <span class='ocrx_word' id='word_1_259' title='bbox 1513 4454 1550 4558; x_wconf 69' lang='lat'><strong>(²)</strong></span> <span class='ocrx_word' id='word_1_260' title='bbox 1569 4466 1711 4541; x_wconf 87' lang='lat' dir='ltr'><strong>moveri</strong></span> <span class='ocrx_word' id='word_1_261' title='bbox 1726 4466 1774 4541; x_wconf 86' lang='lat' dir='ltr'><strong>ad</strong></span> <span class='ocrx_word' id='word_1_262' title='bbox 1792 4488 1852 4542; x_wconf 90' lang='lat' dir='ltr'><strong>re-</strong></span> 
     </span>
     <span class='ocr_line' id='line_1_31' title="bbox 683 4582 1912 4693; baseline 0.002 -36"><span class='ocrx_word' id='word_1_263' title='bbox 683 4582 875 4657; x_wconf 86' lang='lat' dir='ltr'><strong>velandam</strong></span> <span class='ocrx_word' id='word_1_264' title='bbox 901 4582 1166 4680; x_wconf 81' lang='lat' dir='ltr'><strong>poeniteutiam,</strong></span> <span class='ocrx_word' id='word_1_265' title='bbox 1191 4585 1303 4661; x_wconf 88' lang='lat' dir='ltr'><strong>etiam</strong></span> <span class='ocrx_word' id='word_1_266' title='bbox 1327 4585 1358 4659; x_wconf 92' lang='lat' dir='ltr'><strong>si</strong></span> <span class='ocrx_word' id='word_1_267' title='bbox 1383 4585 1547 4681; x_wconf 87' lang='lat' dir='ltr'><strong>proditor</strong></span> <span class='ocrx_word' id='word_1_268' title='bbox 1569 4586 1854 4661; x_wconf 74' lang='lat' dir='ltr'><strong>manifestaverit</strong></span> <span class='ocrx_word' id='word_1_269' title='bbox 1905 4680 1912 4693; x_wconf 23' lang='grc' dir='ltr'><strong>Δ</strong></span> 
     </span>
     <span class='ocr_line' id='line_1_32' title="bbox 684 4700 1950 4801; baseline 0.004 -24"><span class='ocrx_word' id='word_1_270' title='bbox 684 4702 749 4777; x_wconf 86' lang='lat' dir='ltr'><strong>sibi</strong></span> <span class='ocrx_word' id='word_1_271' title='bbox 775 4700 1015 4797; x_wconf 84' lang='lat' dir='ltr'><strong>proditionem</strong></span> <span class='ocrx_word' id='word_1_272' title='bbox 1042 4704 1192 4799; x_wconf 87' lang='lat' dir='ltr'><strong>patriae;</strong></span> <span class='ocrx_word' id='word_1_273' title='bbox 1217 4713 1315 4779; x_wconf 67' lang='lat' dir='ltr'><strong>mua</strong></span> <span class='ocrx_word' id='word_1_274' title='bbox 1347 4706 1451 4779; x_wconf 78' lang='lat' dir='ltr'><strong>ambo</strong></span> <span class='ocrx_word' id='word_1_275' title='bbox 1483 4710 1515 4780; x_wconf 80' lang='lat' dir='ltr'><strong>te</strong></span> <span class='ocrx_word' id='word_1_276' title='bbox 1543 4708 1675 4799; x_wconf 72' lang='lat' dir='ltr'><strong>ptam,</strong></span> <span class='ocrx_word' id='word_1_277' title='bbox 1705 4706 1854 4801; x_wconf 81' lang='lat' dir='ltr'><strong>scriicet,</strong></span> <span class='ocrx_word' id='word_1_278' title='bbox 1945 4726 1950 4735; x_wconf 79' lang='grc'>’</span> 
     </span>
     <span class='ocr_line' id='line_1_33' title="bbox 683 4821 1852 4923; baseline 0.001 -25"><span class='ocrx_word' id='word_1_279' title='bbox 683 4821 830 4918; x_wconf 89' lang='lat' dir='ltr'><strong>pedum,</strong></span> <span class='ocrx_word' id='word_1_280' title='bbox 860 4844 971 4915; x_wconf 83' lang='lat' dir='ltr'><strong>sopra</strong></span> <span class='ocrx_word' id='word_1_281' title='bbox 1001 4830 1131 4915; x_wconf 79' lang='lat' dir='ltr'><strong>questo,</strong></span> <span class='ocrx_word' id='word_1_282' title='bbox 1163 4824 1299 4900; x_wconf 83' lang='lat' dir='ltr'><strong>seilicet</strong></span> <span class='ocrx_word' id='word_1_283' title='bbox 1338 4824 1488 4901; x_wconf 91' lang='lat' dir='ltr'><strong>tertium</strong></span> <span class='ocrx_word' id='word_1_284' title='bbox 1526 4826 1694 4923; x_wconf 86' lang='lat' dir='ltr'><strong>gradum.</strong></span> <span class='ocrx_word' id='word_1_285' title='bbox 1707 4866 1758 4881; x_wconf 89' lang='lat'>-</span> <span class='ocrx_word' id='word_1_286' title='bbox 1771 4830 1852 4899; x_wconf 84' lang='lat' dir='ltr'><strong>Per.</strong></span> 
     </span>
    </p>
   </div>
   <div class='ocr_carea' id='block_1_5' title="bbox 658 5006 1789 5155">
    <p class='ocr_par' dir='ltr' id='par_1_5' title="bbox 658 5006 1789 5155">
     <span class='ocr_line' id='line_1_34' title="bbox 658 5006 1595 5075; baseline 0.004 -16"><span class='ocrx_word' id='word_1_287' title='bbox 658 5008 660 5013; x_wconf 87' lang='lat'>&#39;</span> <span class='ocrx_word' id='word_1_288' title='bbox 747 5006 775 5068; x_wconf 75' lang='lat'><strong>(¹)</strong></span> <span class='ocrx_word' id='word_1_289' title='bbox 791 5008 822 5058; x_wconf 82' lang='lat' dir='ltr'><strong>E.</strong></span> <span class='ocrx_word' id='word_1_290' title='bbox 838 5022 915 5072; x_wconf 79' lang='lat' dir='ltr'><strong>snper</strong></span> <span class='ocrx_word' id='word_1_291' title='bbox 933 5010 1038 5060; x_wconf 84' lang='lat' dir='ltr'><strong>tertium</strong></span> <span class='ocrx_word' id='word_1_292' title='bbox 1054 5011 1173 5075; x_wconf 72' lang='lat' dir='ltr'><strong>gradum</strong></span> <span class='ocrx_word' id='word_1_293' title='bbox 1361 5010 1390 5073; x_wconf 75' lang='lat'><strong>(¹)</strong></span> <span class='ocrx_word' id='word_1_294' title='bbox 1406 5014 1437 5064; x_wconf 86' lang='lat' dir='ltr'><strong>B.</strong></span> <span class='ocrx_word' id='word_1_295' title='bbox 1453 5013 1545 5065; x_wconf 72' lang='grc' dir='ltr'><strong>ιοάοω</strong></span> <span class='ocrx_word' id='word_1_296' title='bbox 1559 5013 1595 5063; x_wconf 86' lang='lat' dir='ltr'><strong>tn.</strong></span> 
     </span>
     <span class='ocr_line' id='line_1_35' title="bbox 748 5084 1789 5155; baseline -0.007 -8"><span class='ocrx_word' id='word_1_297' title='bbox 748 5084 776 5147; x_wconf 65' lang='grc' dir='ltr'><strong>Γ)</strong></span> <span class='ocrx_word' id='word_1_298' title='bbox 792 5084 822 5135; x_wconf 70' lang='lat' dir='ltr'>E</span> <span class='ocrx_word' id='word_1_299' title='bbox 838 5090 878 5137; x_wconf 69' lang='grc' dir='ltr'><strong>αἱ</strong></span> <span class='ocrx_word' id='word_1_300' title='bbox 894 5086 957 5151; x_wconf 75' lang='lat' dir='ltr'><strong>lapis</strong></span> <span class='ocrx_word' id='word_1_301' title='bbox 971 5086 1143 5139; x_wconf 74' lang='lat' dir='ltr'><strong>indomabilia.</strong></span> <span class='ocrx_word' id='word_1_302' title='bbox 1361 5091 1390 5155; x_wconf 65' lang='grc' dir='ltr'><strong>(Ἴ</strong></span> <span class='ocrx_word' id='word_1_303' title='bbox 1405 5092 1437 5142; x_wconf 80' lang='lat' dir='ltr'><strong>li.</strong></span> <span class='ocrx_word' id='word_1_304' title='bbox 1453 5091 1530 5144; x_wconf 77' lang='lat' dir='ltr'><strong>debet</strong></span> <span class='ocrx_word' id='word_1_305' title='bbox 1544 5090 1665 5143; x_wconf 73' lang='lat' dir='ltr'><strong>noerius</strong></span> <span class='ocrx_word' id='word_1_306' title='bbox 1680 5090 1789 5141; x_wconf 77' lang='lat' dir='ltr'><strong>morari.</strong></span> 
     </span>
    </p>
   </div>
   <div class='ocr_carea' id='block_1_6' title="bbox 0 0 2287 6836">
    <p class='ocr_par' dir='ltr' id='par_1_6' title="bbox 0 0 2287 6836">
     <span class='ocr_line' id='line_1_36' title="bbox 0 0 2287 6836; baseline 0 0"><span class='ocrx_word' id='word_1_307' title='bbox 0 0 2287 6836; x_wconf 95' lang='lat' dir='ltr'><strong> </strong></span> 
     </span>
    </p>
   </div>
  </div>
 </body>
</html>
