4542 6842
784 941 856 1012 tto
1140 959 1344 1016 romanu
1366 962 1588 1020 rumanonn

780 1097 832 1172 dit
856 1099 1042 1195 Parmam,
1067 1109 1105 1178 et
1130 1103 1215 1179 iedt
1239 1104 1288 1178 ibi
1312 1105 1486 1182 Bastitam
1518 1126 1693 1203 magnam
1722 1105 1759 1179 in
1789 1106 1951 1180 iormam

778 1217 943 1314 civitatis,
956 1241 1070 1314 quam
1086 1221 1283 1298 Victoriam
1299 1226 1505 1320 appellarit,
1513 1227 1646 1332 jurans
1662 1245 1868 1320 numquam
1884 1244 1951 1300 re·

778 1339 924 1435 eadere,
949 1343 1017 1416 nisi
1043 1345 1177 1421 Parma
1201 1352 1319 1441 orma,
1349 1367 1463 1440 quam
1495 1353 1715 1442 oonoeperat
1743 1348 1952 1437 destruere,

780 1465 818 1534 et
844 1462 1043 1538 transferre
1063 1463 1272 1540 Victoriam.
1298 1467 1414 1562 lgitm
1438 1466 1622 1542 Friderinn
1647 1467 1886 1562 impugnante
1911 1469 1951 1539 et

780 1581 934 1658 ecelesia
964 1582 1177 1660 defensante
1191 1579 1228 1676 (¹)
1253 1586 1428 1662 Parmam
1459 1607 1526 1683 per
1554 1587 1712 1682 spatium
1744 1607 1809 1661 ser
1840 1605 1952 1661 mm

781 1701 891 1795 dom,
908 1703 1047 1778 sevitia
1072 1705 1215 1801 hyemis
1237 1714 1405 1802 ungente,
1426 1707 1552 1782 militia
1567 1706 1757 1780 civitatum
1776 1705 1952 1797 utrinqne

780 1821 828 1898 ad
852 1823 1000 1918 propria
1026 1824 1214 1900 remearit.
1239 1823 1446 1902 Frideriens
1462 1848 1552 1903 vero
1572 1826 1748 1902 remansit
1771 1826 1808 1899 in
1825 1824 1953 1898 Victo-

782 1941 848 2036 ria,
873 1949 1069 2038 expectans
1095 1951 1242 2040 tempus
1264 1947 1412 2043 aestatis,
1428 1969 1494 2043 spe
1508 1945 1762 2043 expugnanda
1780 1944 1951 2036 civitatis,

780 2083 865 2156 quae
885 2063 1037 2157 penuria
1058 2065 1271 2140 victualium
1289 2089 1404 2160 parvo
1421 2075 1589 2162 tempore
1605 2075 1747 2162 poterat
1765 2066 1950 2141 resistere

780 2181 866 2258 Ideo
885 2182 1103 2278 briderium,
1121 2185 1385 2280 parvipendens
1409 2188 1587 2280 obsessos
1603 2186 1663 2262 die
1686 2186 1847 2280 quadam
1872 2183 1954 2258 ive-

780 2307 838 2376 rat
862 2308 969 2378 ertra
991 2302 1188 2380 Victoriam
1205 2305 1253 2379 ad
1269 2305 1477 2381 Faloonem.
1494 2307 1597 2381 Tune
1614 2325 1825 2402 parmenses
1840 2301 1950 2397 quasi

779 2419 959 2516 desperati
985 2421 1123 2500 furiose
1148 2431 1341 2520 exeuntes,
1361 2425 1578 2502 invaserunt
1601 2425 1809 2518 Victoriam,
1833 2442 1951 2517 quam

781 2547 925 2636 oapmm
951 2541 1052 2616 terro
1077 2548 1115 2618 et
1140 2543 1226 2640 igne
1249 2543 1524 2639 destruxerunt,
1544 2551 1583 2620 et
1597 2545 1719 2640 prada
1746 2563 1882 2639 magna
1897 2541 1955 2615 di-

782 2660 846 2735 tati
872 2667 968 2734 sunt.
986 2660 1193 2736 Friderieus
1218 2683 1308 2738 vero
1333 2664 1553 2740 Cremonam
1573 2664 1717 2761 fugiens
1735 2665 1796 2738 vir
1822 2661 1953 2752 erasit,

781 2780 923 2856 amissis
943 2781 1126 2877 jocalibus
1150 2781 1227 2858 suis
1255 2792 1293 2858 et
1317 2804 1466 2878 corona,
1491 2806 1604 2880 quam
1630 2786 1837 2860 babuerunt
1864 2803 1954 2877 par·

784 2919 939 2974 menses.
965 2901 1051 2976 llaee
1075 2907 1179 2996 gesta
1204 2910 1290 2976 sunt
1305 2902 1366 2978 die
1382 2904 1505 2978 llartis
1522 2904 1641 2999 prima
1660 2903 1832 2978 februarii
1850 2920 1953 2976 anno

782 3019 926 3094 Domini
947 3019 1191 3114 llOCXLVll13
1209 3027 1248 3096 et
1263 3043 1361 3096 anno
1377 3024 1544 3117 sequenti
1560 3024 1738 3099 llenrieus
1755 3022 1850 3096 filius
1868 3019 1951 3096 eius

781 3137 976 3214 bellioosus
1006 3148 1134 3236 eaptus
1168 3147 1225 3215 est
1256 3161 1280 3214 a
1308 3142 1592 3217 bononiensibus
1623 3143 1721 3237 apud
1749 3142 1952 3216 Mutinam:

781 3277 856 3352 qna
884 3257 1033 3333 victoria
1058 3257 1301 3334 bononienses
1325 3259 1411 3336 elati
1436 3268 1523 3335 sunt
1540 3261 1654 3337 valde.
1674 3261 1811 3336 Deinde
1832 3259 1955 3334 altero

780 3376 1095 3452 annoFriderieus
1110 3385 1280 3453 mortuus
1293 3387 1359 3474 est,
1374 3380 1461 3454 nibil
1473 3381 1520 3456 de
1532 3388 1631 3456 tanta
1649 3381 1808 3476 potentia
1821 3398 1952 3452 seeum

780 3497 941 3592 trabem,
968 3479 1033 3572 nisi
1059 3499 1511 3594 sarcinampeooatorum.
1532 3501 1644 3575 Nune.
1657 3498 1955 3574 descendendum

781 3616 909 3691 estad
940 3617 1096 3712 literam,
1129 3639 1243 3712 quam
1277 3619 1329 3694 sio
1358 3619 1554 3713 ordinabis,
1587 3622 1709 3694 satore
1738 3639 1759 3692 e
1789 3620 1953 3707 corteno,

782 3735 884 3833 idest,
903 3737 972 3812 viri
989 3739 1154 3814 ndentes
1170 3745 1208 3814 et
1231 3739 1410 3828 liberales,
1432 3741 1587 3812 tonaret
1598 3741 1695 3812 solen
1709 3739 1748 3810 io
1762 3739 1819 3810 sul
1835 3757 1954 3828 paese,

782 3855 931 3950 seilicet,
949 3857 986 3932 in
1003 3857 1162 3932 Marcbia
1183 3858 1368 3933 Tarvisina
1383 3849 1422 3950 (²)
1440 3865 1479 3933 et
1493 3857 1722 3950 lombardia,
1748 3860 1914 3948 ct'ada'ne
1936 3876 1956 3928 e

784 3979 836 4048 Po
862 3979 959 4068 rina,
983 3975 1074 4050 idest
1088 3967 1142 4070 (Β),
1159 3976 1327 4070 balneat;
1343 3977 1430 4072 quia
1447 3977 1589 4054 Athesis
1605 3977 1733 4052 nobilis
1749 3977 1884 4052 durius
1903 3977 1956 4050 la-

782 4093 883 4170 bitur
909 4115 975 4191 per
1001 4096 1200 4172 blarobiam
1227 4096 1464 4191 Tarvisium,
1484 4117 1551 4192 per
1571 4097 1755 4174 civitatem
1777 4098 1954 4188 Verone3
2051 4133 2055 4140 ·

782 4233 868 4308 qum
894 4213 997 4311 regio
1022 4215 1119 4292 dioto
1144 4222 1312 4310 tempore
1335 4215 1404 4288 luit
1428 4215 1625 4292 crudeliter
1641 4215 1774 4290 afflicta
1798 4236 1866 4309 per
1886 4215 1956 4288 lio·

781 4333 951 4408 cerinum
970 4333 1016 4408 de
1032 4334 1212 4428 Romano,
1230 4334 1521 4409 conloederatum
1538 4355 1624 4409 eum
1641 4334 1845 4428 Friderioo3
1862 4333 1956 4408 sieut

782 4451 920 4544 padua,
947 4453 1103 4547 Verona,
1131 4452 1305 4546 Vioentia,
1325 4451 1541 4527 Tarvisium.
1559 4453 1679 4528 Padus
1695 4473 1786 4527 vero
1806 4450 1955 4526 nobilis·

781 4570 900 4650 durus
926 4571 1059 4648 lluvius
1083 4571 1210 4648 dividit
1233 4571 1490 4648 lombardiam
1507 4591 1572 4666 per
1592 4571 1773 4666 medium;
1791 4591 1878 4664 qum
1894 4589 1955 4645 ro-

781 4689 842 4786 gio
869 4689 939 4764 suit
964 4691 1221 4766 miserabiliter
1245 4691 1406 4766 lanerata
1435 4710 1501 4784 per
1524 4689 1763 4783 Friderieum‚
1789 4695 1832 4763 ut
1856 4693 1955 4783 patet

782 4826 831 4882 ex
856 4807 970 4882 dietis.
997 4809 1041 4882 llt
1065 4809 1123 4882 bio
1154 4816 1252 4901 nota,
1278 4807 1378 4902 quod
1407 4807 1476 4882 iste
1504 4807 1646 4883 Marcus
1675 4809 1770 4883 bene
1802 4811 1955 4882 noverat

846 4991 874 5054 (¹)
892 4996 946 5052 tlt,
963 4992 1237 5052 arcesseremusne
1253 5005 1309 5056 per.
1348 5028 1352 5036 .
1494 4989 1523 5055 (¹)
1540 4991 1571 5043 E.
1586 4993 1725 5043 Trirlsrnr.

849 5064 876 5130 (¹)
892 5065 917 5118 s.
935 5067 1008 5130 idest,
1025 5067 1155 5120 balneant.
