4542 6842
743 995 882 1054 caurus
906 999 1064 1056 oscines
1089 1000 1252 1054 cunnus.
1509 986 1581 1054 357

408 1141 599 1217 mortalius
632 1141 769 1217 bomini
795 1142 969 1218 muliere:
1005 1144 1042 1218 in
1068 1144 1142 1220 fine
1172 1146 1435 1223 commendans
1465 1147 1582 1220 Pene-

408 1263 529 1358 lopem
562 1282 721 1338 uxorem
756 1263 892 1360 Ulynis,
926 1263 1026 1360 quod
1057 1271 1154 1340 esset
1186 1265 1321 1340 mulier
1354 1265 1516 1361 prudens
1534 1248 1583 1340 'et

408 1385 557 1481 pudica3
583 1391 621 1460 et
646 1384 750 1460 dicit:
777 1392 811 1459 et
833 1407 923 1460 anco
947 1408 1019 1460 non
1043 1391 1072 1460 ε’
1085 1391 1211 1479 afflue,
1237 1387 1324 1482 quia
1345 1385 1583 1463 transvolavit

398 1505 504 1581 sicut
521 1504 650 1601 prima.
664 1544 714 1560 -
731 1511 770 1580 0.
789 1504 854 1580 llic
871 1514 978 1601 poeta
995 1491 1166 1582 describit
1184 1508 1330 1582 tertiam
1349 1529 1478 1589 vocem
1499 1526 1583 1602 spe-

409 1624 539 1716 cialem
565 1625 611 1698 ad
629 1625 738 1718 idem,
757 1645 841 1719 quae
862 1625 985 1700 sonuit
1001 1626 1079 1721 ipso
1101 1634 1248 1721 petente
1264 1627 1311 1702 de
1332 1627 1483 1703 vocibus
1503 1627 1581 1700 illis.

410 1741 512 1818 Unde
537 1742 644 1818 dicit:
670 1745 753 1818 dass’
765 1747 815 1836 io,
840 1744 888 1819 illi
914 1745 1083 1842 Virgilio:
1115 1750 1295 1840 Opadre,
1328 1749 1389 1820 obe
1412 1750 1489 1820 uoci
1516 1767 1584 1818 son

411 1868 553 1954 queste?
582 1863 732 1956 etquid
758 1862 825 1937 sibi
857 1865 1014 1940 volunt?
1043 1888 1061 1938 e
1093 1868 1228 1939 com’io
1259 1869 1456 1957 dimandoi,
1480 1872 1586 1940 ante-

411 2003 524 2077 quam
551 1981 722 2078 Virgilius
748 1984 996 2079 responderet,
1019 2006 1098 2059 ecco
1130 1988 1167 2058 lo
1198 1994 1312 2077 tezo,
1337 1985 1473 2062 scilicet
1498 2005 1584 2078 vor,

411 2122 497 2195 quae
521 2103 609 2176 luit:
628 2111 744 2180 amate
760 2107 810 2178 dc
825 2108 881 2178 cad
905 2107 996 2179 mab
1019 2113 1143 2180 comte.
1164 2104 1242 2180 lloc
1262 2112 1486 2200 praeceptum
1510 2105 1584 2177 lio-

412 2223 500 2298 mini
525 2224 939 2328 inEvangelioinvitat
970 2247 1036 2300 nos
1053 2225 1114 2313 ad
1147 2245 1280 2300 verum
1309 2246 1490 2320 amorem,
1520 2224 1583 2319 qui

410 2350 466 2418 est
490 2343 642 2441 diligere
667 2345 776 2420 etiam
804 2345 1014 2440 inimicum;
1042 2345 1141 2440 quod
1166 2352 1223 2420 est
1239 2344 1466 2420 contrarium
1492 2345 1586 2419 inri-

412 2465 493 2560 diae,
520 2486 604 2561 quae
629 2465 705 2540 odit
730 2466 841 2540 etiam
866 2467 1040 2542 amicum.
1060 2467 1103 2540 lit
1120 2466 1180 2541 hic
1207 2473 1293 2540 nota
1310 2466 1409 2561 quod
1426 2467 1494 2541 ista
1511 2486 1583 2541 von

402 2587 520 2678 tertia
547 2586 752 2662 necessario
778 2587 946 2682 sequitur
970 2587 1017 2662 ad
1043 2586 1256 2680 secundam,
1275 2586 1361 2680 quia
1378 2587 1477 2662 illam
1498 2609 1587 2682 sup-

413 2709 487 2805 plet
512 2714 549 2782 et
573 2707 723 2803 perficit.
750 2706 902 2782 Videtur
927 2707 1025 2782 enim
1055 2707 1179 2782 dicere
1208 2707 1339 2782 tacite:
1365 2729 1440 2782 non
1464 2708 1585 2782 solum

413 2829 552 2906 debetis
568 2849 698 2904 amare
715 2827 999 2922 benefactorem,
1013 2828 1072 2902 cui
1086 2827 1226 2904 debetis
1243 2848 1410 2902 amorem
1428 2829 1475 2902 de
1486 2829 1587 2923 jnre,

415 2950 508 3025 sicut
533 2949 690 3041 Orestes,
718 2948 782 3042 qui
805 2948 944 3022 amarit
969 2955 1123 3044 patrem,
1144 2968 1313 3043 uxorem,
1334 2947 1508 3041 amicum,
1526 2968 1587 3021 so-

417 3090 561 3164 rorem3
590 3068 791 3144 sedetiam
819 3068 1008 3144 inimicum
1039 3069 1331 3144 malefacientem
1357 3069 1472 3164 vobis,
1499 3069 1587 3163 quia

416 3195 493 3267 baec
519 3198 575 3266 est
598 3190 759 3285 perlecta
785 3189 927 3264 caritas.
954 3190 1089 3265 Amare
1120 3189 1217 3264 enim
1246 3196 1433 3265 amantem
1460 3197 1499 3265 et
1521 3189 1589 3264 be-

416 3310 655 3388 nefacientem
682 3310 818 3384 iaciunt
844 3310 954 3388 etiam
980 3309 1099 3385 bruta.
1113 3313 1248 3384 -E'l
1271 3311 1372 3384 boort.
1396 3309 1461 3384 llic
1479 3316 1588 3405 poeta

415 3432 516 3528 ponit
542 3429 815 3526 responsionem
842 3428 978 3525 Virgilii
1004 3429 1051 3506 ad
1077 3451 1182 3504 suam
1203 3429 1424 3525 petitionem,
1441 3429 1506 3522 qui
1522 3428 1588 3505 de·

416 3553 530 3627 clarat
560 3571 677 3646 quare
702 3549 780 3624 istae
806 3569 915 3625 voces
944 3548 994 3623 ita
1029 3556 1201 3624 resonent
1232 3569 1345 3644 super
1376 3548 1462 3624 istos
1496 3546 1589 3622 invi·

416 3673 482 3748 dos
505 3672 551 3747 ad
577 3670 861 3746 admonitionem
889 3689 1033 3744 eorum.
1060 3670 1163 3744 Unde
1179 3669 1282 3745 dicit:
1301 3673 1369 3743 E’l
1383 3671 1475 3742 buon
1491 3689 1590 3742 moe-

416 3803 492 3868 stro
515 3815 540 3865 α
564 3813 631 3883 me,
657 3791 796 3886 supple,
823 3787 1025 3884 respondit:
1057 3792 1093 3863 lo
1118 3793 1220 3883 colpo
1245 3792 1338 3864 dello
1361 3793 1495 3865 inuidia
1519 3780 1591 3864 cosi
1627 3868 1629 3871 ,

418 3918 443 3990 li
466 3919 600 4010 sforza,
625 3912 728 4005 idest,
746 3911 795 3985 ita
814 3911 986 3987 verberat
1003 3917 1040 3985 et
1057 3910 1208 4007 corrigit
1227 3910 1324 4006 ipsos
1349 3911 1489 3986 invidos
1513 3910 1590 4003 hic;

419 4034 501 4110 ideo
525 4033 633 4109 dicit:
661 4025 790 4125 eperd
819 4034 850 4104 le
874 4033 982 4105 corde
1012 4033 1105 4106 della
1134 4037 1251 4126 ferro,
1273 4031 1376 4126 idest,
1411 4030 1591 4127 corrigiae,

420 4154 578 4246 scuticas,
605 4153 752 4244 scilicet,
770 4153 884 4227 verba
910 4151 1008 4226 vocis
1034 4157 1072 4226 et
1096 4151 1332 4226 correctionis
1352 4151 1591 4244 percutientia

419 4295 495 4368 eos,
521 4294 609 4347 sono
634 4279 737 4346 truite
761 4274 795 4344 d'
809 4291 926 4364 onwr,
947 4271 1095 4362 scilicet,
1116 4269 1287 4344 caritatis.
1311 4270 1397 4345 Vult
1422 4291 1512 4367 ergo
1537 4271 1593 4344 di·

420 4413 517 4486 cere,
552 4391 651 4486 quod
685 4391 750 4465 ista
786 4391 900 4465 verba
929 4395 1015 4465 suut
1049 4389 1294 4466 dissuadentia
1326 4389 1520 4484 invidiam3
1555 4397 1594 4466 et

421 4513 563 4596 subdit:
596 4515 630 4585 lo
652 4515 735 4605 fron
769 4514 851 4584 vuol
877 4532 972 4584 esser
1005 4512 1062 4584 dol
1090 4513 1272 4584 contrario
1301 4531 1423 4584 suono.
1455 4511 1540 4584 Vult
1555 4503 1591 4602 (¹)
1692 4589 1700 4606 .

420 4634 543 4710 dicere
556 4632 654 4726 quod
668 4630 780 4707 verba
795 4629 1026 4705 reiraenantia
1045 4630 1218 4705 invidiam
1231 4630 1366 4706 debent
1382 4651 1463 4705 esse
1479 4631 1594 4706 rerba

421 4753 642 4831 continentia
674 4771 805 4848 pravos
835 4750 987 4826 allectus
1012 4749 1169 4840 invidiae,
1195 4751 1245 4826 ita
1270 4750 1369 4844 quod
1395 4757 1480 4826 sunt
1504 4772 1594 4826 con·

424 4875 536 4954 traria
562 4873 648 4966 istis,
674 4893 758 4965 quae
783 4869 969 4944 continent
994 4869 1147 4946 effectus
1172 4870 1329 4964 amoris,
1353 4861 1441 4962 et(²)
1470 4876 1594 4946 tamen

487 5142 514 5205 (¹)
530 5145 584 5203 117,
602 5141 666 5191 Vult
680 5154 744 5205 erpo
760 5141 855 5192 dicere.
1043 5139 1070 5203 (¹)
1086 5139 1116 5190 E.
1133 5139 1169 5190 lta
1185 5145 1273 5190 tamen
1288 5139 1359 5204 quod
1374 5139 1431 5190 bac
1446 5144 1473 5190 et
1487 5137 1541 5189 illu.
