4542 6842
567 944 574 959 ·
704 924 774 991 1to
1065 934 1269 991 counuruu
1294 934 1513 989 runcnronu

701 1080 875 1176 Oriagum
903 1100 970 1175 per
992 1079 1067 1154 duo
1088 1080 1267 1174 milliaria,
1286 1081 1462 1171 quand'io
1484 1080 1535 1173 ρι’
1552 1080 1804 1169 soorappiocto
1822 1079 1874 1150 od

705 1202 853 1291 Orioyo,
879 1198 941 1272 ubi
967 1206 1073 1274 erant
1099 1199 1317 1293 insidiantes,
1338 1218 1451 1271 aanor
1472 1199 1568 1271 sarci
1591 1200 1628 1271 di
1653 1186 1702 1288 td,
1729 1200 1817 1271 done
1842 1198 1874 1267 si

700 1323 812 1413 spon,
837 1320 940 1415 idest,
965 1320 1003 1393 iu
1033 1319 1171 1394 mundo
1203 1319 1417 1393 viventium.
1448 1318 1491 1391 Et
1520 1319 1599 1393 vult
1629 1317 1790 1392 breviter
1820 1317 1875 1390 di-

702 1460 809 1515 ccre:
845 1439 875 1513 si
909 1460 979 1537 ego
1016 1440 1253 1535 arripuissem
1293 1439 1420 1535 lugam
1455 1458 1522 1533 per
1556 1438 1672 1533 ripam
1712 1436 1873 1511 lluminis

702 1560 1022 1653 Brentae,·directe
1046 1580 1176 1633 versus
1201 1559 1377 1653 Paduam,
1403 1557 1524 1632 adbuc
1549 1578 1667 1632 essem
1694 1557 1788 1632 inter
1817 1556 1872 1629 vi-

702 1702 779 1775 vos,
806 1681 892 1774 quia
917 1686 1082 1775 poteram
1111 1679 1261 1753 faciliter
1287 1678 1445 1753 evadere
1470 1698 1557 1751 cum
1584 1696 1681 1771 equo
1706 1677 1821 1751 veloci
1847 1697 1871 1751 a

702 1803 872 1877 manibus
905 1799 1051 1875 illorum
1085 1800 1260 1895 peditum,
1292 1799 1537 1894 perveniendo
1567 1798 1638 1873 cito
1672 1798 1717 1871 ad
1747 1798 1870 1871 locum

701 1921 948 2015 habitationis,
984 1922 1045 1994 ubi
1083 1921 1232 1996 fuissem
1269 1926 1386 2011 tutus,
1420 1919 1484 1993 sed
1518 1918 1743 1993 contrarium
1770 1916 1871 2011 lecit3

702 2042 801 2117 uude
822 2042 923 2117 dicit:
951 2045 1045 2114 corsi
1060 2044 1100 2113 cl
1111 2043 1256 2133 palude,
1278 2040 1401 2113 relicta
1418 2030 1454 2131 (⁴)
1475 2038 1532 2113 via
1552 2045 1651 2113 recta
1668 2057 1734 2132 per
1752 2043 1872 2110 trans-

701 2184 863 2257 versum,
889 2186 908 2235 c
932 2166 962 2235 te
987 2182 1159 2235 connucce
1183 2164 1243 2235 e'l
1271 2162 1397 2253 drapo,
1427 2160 1538 2255 ipsius
1568 2159 1682 2253 vallis,
1713 2162 1872 2251 m'impi·

699 2287 795 2375 ptiar
819 2276 859 2377 si,
877 2282 980 2377 idest,
999 2283 1046 2355 ita
1066 2303 1128 2357 me
1154 2281 1446 2376 implicaverunt,
1465 2283 1516 2353 cb’
1528 2284 1563 2353 io
1582 2282 1699 2371 ceddi,
1726 2279 1871 2375 scilicet,

700 2404 748 2478 ab
773 2424 883 2499 equo,
909 2403 972 2476 ubi
1006 2402 1161 2475 habilius
1191 2408 1227 2477 et
1259 2401 1374 2474 tutius
1402 2421 1462 2475 me
1494 2400 1723 2475 trucidarunt
1733 2424 1743 2494 ;
1774 2400 1873 2475 unde

701 2525 809 2599 dicit:
836 2516 898 2597 cli
923 2526 1040 2597 vtd'to
1065 2526 1152 2596 delle
1177 2524 1244 2595 mie
1269 2543 1353 2594 occe
1369 2524 1464 2615 sarsi
1487 2524 1525 2595 in
1550 2528 1648 2595 terra
1673 2525 1767 2613 lupo,
1786 2520 1872 2614 quia

701 2644 850 2741 sanguis
876 2664 982 2717 meus
1008 2648 1106 2717 totus
1131 2642 1274 2716 eliluxit
1298 2641 1358 2715 ibi.

661 2806 665 2812 ·
775 2766 842 2837 Pei
866 2766 957 2837 disse
980 2783 1029 2835 un
1054 2765 1158 2835 altro
1186 2762 1257 2835 lsta
1283 2768 1338 2835 est
1368 2767 1499 2855 quarta
1533 2767 1569 2837 et
1599 2761 1728 2834 ultima
1759 2760 1872 2855 parti-

702 2884 787 2959 cula
799 2874 851 2977 (²),
876 2882 914 2955 in
940 2903 1014 2975 qua
1043 2887 1150 2976 poeta
1180 2881 1350 2955 describit
1378 2880 1492 2956 alium
1523 2879 1691 2975 spiritum
1723 2880 1873 2955 moder-

703 3024 806 3097 num,
831 3002 896 3096 qui
925 3002 992 3075 luit
1021 3000 1127 3075 nimis
1157 3001 1277 3076 audax
1312 3002 1348 3075 iu
1377 3002 1519 3097 proelio,
1551 3002 1645 3076 sicut
1677 3002 1872 3097 praedictus

703 3123 770 3198 iuit
796 3122 901 3196 nimis
926 3122 1146 3197 temerarius
1172 3122 1209 3195 in
1234 3122 1364 3207 officio.
1392 3122 1483 3197 Dicit
1500 3143 1613 3217 ergo:
1633 3125 1699 3195 Pol
1717 3116 1873 3195 disse‘uu

703 3248 809 3336 ultro,
834 3244 936 3337 idest,
968 3243 1061 3317 alius
1092 3242 1240 3338 spiritus
1271 3250 1419 3337 captans
1449 3243 1754 3337 benevolentiam,
1780 3246 1872 3317 deit!

703 3365 807 3459 quasi
832 3363 948 3438 dicat:
975 3362 1153 3458 deprecor
1179 3371 1227 3457 te,
1260 3385 1298 3435 sc
1331 3366 1410 3461 quet
1432 3365 1521 3436 disto
1545 3366 1577 3435 si
1600 3366 1748 3455 comptu,
1770 3364 1873 3458 idest,

702 3484 732 3557 si
766 3483 855 3557 illud
888 3490 994 3557 tuum
1034 3481 1255 3558 desiderium
1285 3482 1528 3576 adimpleatur
1563 3482 1724 3576 lelicitor,
1757 3486 1817 3555 cltc
1851 3486 1877 3556 tt

703 3610 828 3695 trappe
853 3606 996 3676 altolto
1022 3610 1157 3694 montc,·
1183 3607 1220 3676 et
1244 3601 1295 3675 sic
1317 3601 1399 3675 vide
1419 3600 1517 3695 quod
1534 3600 1678 3675 adiurat
1704 3622 1791 3677 cum
1809 3623 1875 3697 per

704 3724 740 3799 id
764 3723 863 3818 quod
889 3723 1052 3797 maxime
1071 3724 1229 3817 optabat.
1256 3722 1367 3796 Poeta
1394 3721 1490 3797 onim
1518 3721 1623 3797 avide
1640 3712 1675 3815 (³)
1705 3723 1875 3797 tendebat
2004 3812 2006 3818 Ι

703 3846 750 3918 ad
776 3850 951 3937 montem,
978 3853 1020 3919 ut
1045 3849 1165 3937 posset
1191 3842 1384 3937 pervenire
1404 3842 1450 3916 ad
1468 3843 1605 3917 coelum
1624 3851 1661 3917 et
1678 3843 1803 3918 videre
1819 3842 1874 3917 di-

703 3966 826 4040 vinam
853 3962 1061 4058 essentiam,
1078 3962 1115 4034 in
1132 3984 1207 4056 qua
1225 3963 1301 4036 sola
1318 3962 1504 4055 quietatur
1521 3982 1632 4036 omne
1651 3962 1873 4037 desiderium

585 4078 592 4089 ’
703 4085 932 4177 humanum,
950 4085 1046 4156 aicta
1079 4084 1216 4172 iltuto,
1233 4082 1371 4188 ,supple
1404 4081 1637 4177 desiderium,
1667 4104 1733 4156 con
1758 4084 1875 4155 buono

697 4209 838 4297 pictum,
870 4203 974 4297 quasi
999 4202 1114 4277 dicat:
1140 4223 1227 4276 cum
1254 4222 1363 4296 aeque
1391 4202 1487 4276 bona
1519 4202 1672 4277 caritate
1709 4202 1874 4277 similiter

704 4346 795 4422 roga
820 4344 887 4419 pro
912 4345 974 4399 me
999 4324 1028 4398 si
1058 4344 1223 4417 unquam
1249 4323 1444 4417 contingat,
1473 4323 1570 4416 quod
1605 4329 1684 4417 post
1715 4323 1873 4397 reditum

704 4452 810 4519 tuum
837 4444 884 4518 ad
908 4443 1102 4538 mundum,
1124 4450 1163 4516 tu
1191 4442 1303 4517 vadas
1328 4442 1364 4518 in
1390 4442 1587 4516 Marcbiam
1613 4442 1659 4516 ad
1685 4442 1870 4517 civitatem

703 4564 840 4659 Urbini,
867 4564 952 4657 quia
979 4563 1030 4636 iui
1056 4563 1210 4638 nobilior
1236 4569 1271 4637 et
1298 4561 1476 4637 valentior
1494 4582 1606 4655 quam
1628 4561 1696 4637 iste
1713 4562 1768 4635 sit.
1788 4563 1872 4637 ldeo

703 4693 745 4761 ut
770 4684 896 4761 reddat
921 4692 1066 4779 poetam
1097 4684 1163 4759 sibi
1189 4683 1410 4757 benevolum
1437 4682 1557 4755 statim
1588 4682 1758 4756 describit
1783 4703 1871 4759 sea

703 4806 853 4881 nomine
878 4812 916 4880 et
940 4805 1169 4903 cognomine,
1196 4805 1341 4879 dicens:
1368 4806 1403 4875 to
1424 4806 1479 4897 sni
1503 4806 1541 4877 di
1564 4807 1793 4897 Montcscttro.
1820 4804 1874 4879 dd

746 5054 796 5119 ⁸(¹)
811 5054 837 5105 S.
854 5055 985 5106 derelicta.
1110 5053 1138 5119 (¹)
1154 5056 1186 5107 li.
1202 5068 1269 5119 pars,
1286 5055 1313 5105 in
1327 5069 1386 5119 qua.
1512 5054 1538 5119 (¹)
1555 5055 1586 5107 E.
1602 5056 1714 5106 maxime
1730 5056 1898 5109 tendcbutL
