<?xml version="1.0" encoding="UTF-8"?>
<!DOCTYPE html PUBLIC "-//W3C//DTD XHTML 1.0 Transitional//EN"
    "http://www.w3.org/TR/xhtml1/DTD/xhtml1-transitional.dtd">
<html xmlns="http://www.w3.org/1999/xhtml" xml:lang="en" lang="en">
 <head>
  <title>
</title>
<meta http-equiv="Content-Type" content="text/html;charset=utf-8" />
  <meta name='ocr-system' content='tesseract 3.04.00' />
  <meta name='ocr-capabilities' content='ocr_page ocr_carea ocr_par ocr_line ocrx_word'/>
</head>
<body>
  <div class='ocr_page' id='page_1' title='image "./comentumsuperda01unkngoog_0293.png"; bbox 0 0 4542 6842; ppageno 0'>
   <div class='ocr_carea' id='block_1_1' title="bbox 839 931 1568 999">
    <p class='ocr_par' dir='ltr' id='par_1_1' title="bbox 839 931 1568 999">
     <span class='ocr_line' id='line_1_1' title="bbox 839 931 1568 999; baseline 0.007 -5"><span class='ocrx_word' id='word_1_1' title='bbox 839 939 976 997; x_wconf 79' lang='lat' dir='ltr'><strong>caurus</strong></span> <span class='ocrx_word' id='word_1_2' title='bbox 1000 942 1129 999; x_wconf 79' lang='lat' dir='ltr'><strong>nouus.</strong></span> <span class='ocrx_word' id='word_1_3' title='bbox 1497 931 1568 999; x_wconf 74' lang='grc'><strong>249</strong></span> 
     </span>
    </p>
   </div>
   <div class='ocr_carea' id='block_1_2' title="bbox 293 1082 1631 4667">
    <p class='ocr_par' dir='ltr' id='par_1_2' title="bbox 293 1082 1631 4667">
     <span class='ocr_line' id='line_1_2' title="bbox 399 1082 1569 1184; baseline 0.008 -29"><span class='ocrx_word' id='word_1_4' title='bbox 399 1082 454 1174; x_wconf 92' lang='lat' dir='ltr'><strong>tis,</strong></span> <span class='ocrx_word' id='word_1_5' title='bbox 481 1084 530 1158; x_wconf 88' lang='lat' dir='ltr'><strong>ita</strong></span> <span class='ocrx_word' id='word_1_6' title='bbox 557 1102 654 1159; x_wconf 90' lang='lat' dir='ltr'><strong>nunc</strong></span> <span class='ocrx_word' id='word_1_7' title='bbox 680 1086 863 1161; x_wconf 79' lang='lat' dir='ltr'>succurrit</span> <span class='ocrx_word' id='word_1_8' title='bbox 878 1086 945 1159; x_wconf 91' lang='lat' dir='ltr'><strong>sihi</strong></span> <span class='ocrx_word' id='word_1_9' title='bbox 961 1087 1145 1162; x_wconf 91' lang='lat' dir='ltr'><strong>intraturo</strong></span> <span class='ocrx_word' id='word_1_10' title='bbox 1162 1089 1418 1184; x_wconf 81' lang='lat' dir='ltr'><strong>purgatorium</strong></span> <span class='ocrx_word' id='word_1_11' title='bbox 1439 1095 1569 1165; x_wconf 91' lang='lat' dir='ltr'><strong>contra</strong></span> 
     </span>
     <span class='ocr_line' id='line_1_3' title="bbox 397 1205 1569 1303; baseline 0.003 -26"><span class='ocrx_word' id='word_1_12' title='bbox 397 1211 626 1300; x_wconf 82' lang='lat' dir='ltr'><strong>serpentem3</strong></span> <span class='ocrx_word' id='word_1_13' title='bbox 653 1212 691 1279; x_wconf 93' lang='lat' dir='ltr'><strong>et</strong></span> <span class='ocrx_word' id='word_1_14' title='bbox 715 1205 802 1299; x_wconf 88' lang='lat' dir='ltr'><strong>quia</strong></span> <span class='ocrx_word' id='word_1_15' title='bbox 819 1228 887 1281; x_wconf 89' lang='lat' dir='ltr'><strong>sua</strong></span> <span class='ocrx_word' id='word_1_16' title='bbox 909 1205 1044 1284; x_wconf 86' lang='lat' dir='ltr'><strong>virtute</strong></span> <span class='ocrx_word' id='word_1_17' title='bbox 1065 1228 1139 1281; x_wconf 90' lang='lat' dir='ltr'><strong>non</strong></span> <span class='ocrx_word' id='word_1_18' title='bbox 1159 1214 1313 1303; x_wconf 89' lang='lat' dir='ltr'><strong>poterat,</strong></span> <span class='ocrx_word' id='word_1_19' title='bbox 1330 1208 1464 1284; x_wconf 77' lang='lat' dir='ltr'><strong>levavit</strong></span> <span class='ocrx_word' id='word_1_20' title='bbox 1480 1228 1569 1284; x_wconf 92' lang='lat' dir='ltr'><strong>eum</strong></span> 
     </span>
     <span class='ocr_line' id='line_1_4' title="bbox 398 1324 1570 1425; baseline 0.003 -26"><span class='ocrx_word' id='word_1_21' title='bbox 398 1324 435 1399; x_wconf 96' lang='lat' dir='ltr'><strong>iu</strong></span> <span class='ocrx_word' id='word_1_22' title='bbox 459 1326 587 1425; x_wconf 88' lang='lat' dir='ltr'><strong>altum,</strong></span> <span class='ocrx_word' id='word_1_23' title='bbox 613 1330 650 1399; x_wconf 91' lang='lat' dir='ltr'><strong>et</strong></span> <span class='ocrx_word' id='word_1_24' title='bbox 675 1325 909 1420; x_wconf 85' lang='lat' dir='ltr'><strong>praesentavit</strong></span> <span class='ocrx_word' id='word_1_25' title='bbox 935 1346 1059 1400; x_wconf 90' lang='lat' dir='ltr'><strong>coram</strong></span> <span class='ocrx_word' id='word_1_26' title='bbox 1094 1328 1226 1424; x_wconf 85' lang='lat' dir='ltr'><strong>angelo</strong></span> <span class='ocrx_word' id='word_1_27' title='bbox 1248 1328 1410 1403; x_wconf 84' lang='lat' dir='ltr'><strong>Domini:</strong></span> <span class='ocrx_word' id='word_1_28' title='bbox 1437 1330 1475 1405; x_wconf 83' lang='lat' dir='ltr'><strong>&#39;et</strong></span> <span class='ocrx_word' id='word_1_29' title='bbox 1500 1330 1570 1403; x_wconf 89' lang='lat' dir='ltr'><strong>hoc</strong></span> 
     </span>
     <span class='ocr_line' id='line_1_5' title="bbox 399 1442 1567 1545; baseline 0.003 -26"><span class='ocrx_word' id='word_1_30' title='bbox 399 1444 481 1520; x_wconf 88' lang='lat' dir='ltr'><strong>lecit</strong></span> <span class='ocrx_word' id='word_1_31' title='bbox 514 1445 611 1519; x_wconf 89' lang='lat' dir='ltr'><strong>circa</strong></span> <span class='ocrx_word' id='word_1_32' title='bbox 646 1466 823 1519; x_wconf 90' lang='lat' dir='ltr'><strong>auroram</strong></span> <span class='ocrx_word' id='word_1_33' title='bbox 854 1446 936 1540; x_wconf 93' lang='lat' dir='ltr'><strong>diei,</strong></span> <span class='ocrx_word' id='word_1_34' title='bbox 967 1467 1078 1540; x_wconf 90' lang='lat' dir='ltr'><strong>quam</strong></span> <span class='ocrx_word' id='word_1_35' title='bbox 1110 1448 1281 1523; x_wconf 80' lang='lat' dir='ltr'><strong>describit</strong></span> <span class='ocrx_word' id='word_1_36' title='bbox 1312 1442 1386 1542; x_wconf 76' lang='lat' dir='ltr'><strong>a(&#39;,l</strong></span> <span class='ocrx_word' id='word_1_37' title='bbox 1420 1452 1567 1545; x_wconf 89' lang='lat' dir='ltr'><strong>planctu</strong></span> 
     </span>
     <span class='ocr_line' id='line_1_6' title="bbox 398 1562 1568 1663; baseline 0.003 -24"><span class='ocrx_word' id='word_1_38' title='bbox 398 1562 623 1660; x_wconf 80' lang='lat' dir='ltr'><strong>hirundinis3</strong></span> <span class='ocrx_word' id='word_1_39' title='bbox 648 1565 748 1641; x_wconf 91' lang='lat' dir='ltr'><strong>unde</strong></span> <span class='ocrx_word' id='word_1_40' title='bbox 772 1566 879 1641; x_wconf 89' lang='lat' dir='ltr'><strong>dicit:</strong></span> <span class='ocrx_word' id='word_1_41' title='bbox 906 1570 1074 1660; x_wconf 70' lang='lat' dir='ltr'><strong>settara,</strong></span> <span class='ocrx_word' id='word_1_42' title='bbox 1101 1568 1246 1662; x_wconf 86' lang='lat' dir='ltr'><strong>scilicet,</strong></span> <span class='ocrx_word' id='word_1_43' title='bbox 1273 1570 1504 1663; x_wconf 89' lang='lat' dir='ltr'><strong>postmodum</strong></span> <span class='ocrx_word' id='word_1_44' title='bbox 1530 1570 1568 1643; x_wconf 92' lang='lat' dir='ltr'><strong>in</strong></span> 
     </span>
     <span class='ocr_line' id='line_1_7' title="bbox 399 1684 1567 1783; baseline 0.002 -24"><span class='ocrx_word' id='word_1_45' title='bbox 399 1684 477 1759; x_wconf 85' lang='lat' dir='ltr'><strong>line&#39;</strong></span> <span class='ocrx_word' id='word_1_46' title='bbox 501 1686 627 1780; x_wconf 89' lang='lat' dir='ltr'><strong>noctis,</strong></span> <span class='ocrx_word' id='word_1_47' title='bbox 653 1686 714 1757; x_wconf 84' lang='lat' dir='ltr'><strong>che</strong></span> <span class='ocrx_word' id='word_1_48' title='bbox 742 1688 779 1758; x_wconf 85' lang='lat' dir='ltr'><strong>to</strong></span> <span class='ocrx_word' id='word_1_49' title='bbox 807 1687 1006 1759; x_wconf 73' lang='lat' dir='ltr'><strong>condioclto</strong></span> <span class='ocrx_word' id='word_1_50' title='bbox 1036 1691 1206 1761; x_wconf 73' lang='lat' dir='ltr'><strong>comiado</strong></span> <span class='ocrx_word' id='word_1_51' title='bbox 1237 1692 1252 1762; x_wconf 86' lang='lat' dir='ltr'><strong>i</strong></span> <span class='ocrx_word' id='word_1_52' title='bbox 1282 1692 1372 1763; x_wconf 68' lang='lat' dir='ltr'><strong>trosti</strong></span> <span class='ocrx_word' id='word_1_53' title='bbox 1395 1692 1469 1783; x_wconf 77' lang='lat' dir='ltr'><strong>toi,-</strong></span> <span class='ocrx_word' id='word_1_54' title='bbox 1494 1710 1567 1765; x_wconf 83' lang='lat' dir='ltr'><strong>vox</strong></span> 
     </span>
     <span class='ocr_line' id='line_1_8' title="bbox 398 1804 1569 1901; baseline 0.003 -22"><span class='ocrx_word' id='word_1_55' title='bbox 398 1810 453 1879; x_wconf 87' lang='lat' dir='ltr'><strong>est</strong></span> <span class='ocrx_word' id='word_1_56' title='bbox 478 1804 692 1879; x_wconf 89' lang='lat' dir='ltr'><strong>naturaliter</strong></span> <span class='ocrx_word' id='word_1_57' title='bbox 717 1804 934 1901; x_wconf 86' lang='lat' dir='ltr'><strong>significans,</strong></span> <span class='ocrx_word' id='word_1_58' title='bbox 960 1806 1066 1899; x_wconf 86' lang='lat' dir='ltr'>quasi</span> <span class='ocrx_word' id='word_1_59' title='bbox 1090 1807 1205 1883; x_wconf 84' lang='lat' dir='ltr'><strong>dicat:</strong></span> <span class='ocrx_word' id='word_1_60' title='bbox 1232 1809 1353 1883; x_wconf 78' lang='lat' dir='ltr'><strong>tristes</strong></span> <span class='ocrx_word' id='word_1_61' title='bbox 1376 1829 1506 1883; x_wconf 82' lang='lat' dir='ltr'><strong>versus</strong></span> <span class='ocrx_word' id='word_1_62' title='bbox 1531 1815 1569 1883; x_wconf 90' lang='lat' dir='ltr'><strong>et</strong></span> 
     </span>
     <span class='ocr_line' id='line_1_9' title="bbox 293 1923 1569 2025; baseline 0.005 -27"><span class='ocrx_word' id='word_1_63' title='bbox 293 1942 296 1955; x_wconf 90' lang='lat'><em>·</em></span> <span class='ocrx_word' id='word_1_64' title='bbox 398 1923 686 2019; x_wconf 87' lang='lat' dir='ltr'><strong>lamentationes,</strong></span> <span class='ocrx_word' id='word_1_65' title='bbox 708 1946 834 2018; x_wconf 85' lang='lat' dir='ltr'><strong>presso</strong></span> <span class='ocrx_word' id='word_1_66' title='bbox 859 1930 933 2000; x_wconf 87' lang='lat' dir='ltr'><strong>olla</strong></span> <span class='ocrx_word' id='word_1_67' title='bbox 958 1931 1116 2019; x_wconf 79' lang='lat' dir='ltr'><strong>metlino,</strong></span> <span class='ocrx_word' id='word_1_68' title='bbox 1142 1949 1256 2025; x_wconf 81' lang='lat' dir='ltr'>prope</span> <span class='ocrx_word' id='word_1_69' title='bbox 1279 1930 1504 2024; x_wconf 92' lang='lat' dir='ltr'><strong>diluculum;</strong></span> <span class='ocrx_word' id='word_1_70' title='bbox 1531 1938 1569 2006; x_wconf 88' lang='lat' dir='ltr'><strong>et</strong></span> 
     </span>
     <span class='ocr_line' id='line_1_10' title="bbox 398 2044 1565 2145; baseline 0.005 -28"><span class='ocrx_word' id='word_1_71' title='bbox 398 2044 501 2119; x_wconf 88' lang='lat' dir='ltr'><strong>dicit:</strong></span> <span class='ocrx_word' id='word_1_72' title='bbox 525 2048 623 2138; x_wconf 82' lang='lat' dir='ltr'><strong>forsa</strong></span> <span class='ocrx_word' id='word_1_73' title='bbox 647 2066 671 2116; x_wconf 90' lang='lat' dir='ltr'><strong>o</strong></span> <span class='ocrx_word' id='word_1_74' title='bbox 696 2049 866 2117; x_wconf 81' lang='lat' dir='ltr'><strong>memorio</strong></span> <span class='ocrx_word' id='word_1_75' title='bbox 891 2050 944 2120; x_wconf 83' lang='lat' dir='ltr'><strong>dc&#39;</strong></span> <span class='ocrx_word' id='word_1_76' title='bbox 957 2051 1034 2121; x_wconf 83' lang='lat' dir='ltr'><strong>suoi</strong></span> <span class='ocrx_word' id='word_1_77' title='bbox 1046 2052 1157 2141; x_wconf 64' lang='lat' dir='ltr'><strong>pram</strong></span> <span class='ocrx_word' id='word_1_78' title='bbox 1172 2053 1270 2141; x_wconf 77' lang='lat' dir='ltr'><strong>poci,</strong></span> <span class='ocrx_word' id='word_1_79' title='bbox 1288 2050 1390 2144; x_wconf 89' lang='lat' dir='ltr'><strong>idest,</strong></span> <span class='ocrx_word' id='word_1_80' title='bbox 1408 2069 1565 2145; x_wconf 88' lang='lat' dir='ltr'><strong>suorum</strong></span> 
     </span>
     <span class='ocr_line' id='line_1_11' title="bbox 396 2164 1568 2267; baseline 0.007 -30"><span class='ocrx_word' id='word_1_81' title='bbox 396 2164 633 2257; x_wconf 89' lang='lat' dir='ltr'><strong>antiquorum</strong></span> <span class='ocrx_word' id='word_1_82' title='bbox 660 2164 841 2238; x_wconf 90' lang='lat' dir='ltr'><strong>dolorum.</strong></span> <span class='ocrx_word' id='word_1_83' title='bbox 859 2166 914 2240; x_wconf 80' lang='lat' dir='ltr'><strong>hd</strong></span> <span class='ocrx_word' id='word_1_84' title='bbox 934 2166 1044 2241; x_wconf 92' lang='lat' dir='ltr'><strong>huius</strong></span> <span class='ocrx_word' id='word_1_85' title='bbox 1061 2168 1177 2243; x_wconf 82' lang='lat' dir='ltr'><strong>literae</strong></span> <span class='ocrx_word' id='word_1_86' title='bbox 1195 2169 1470 2267; x_wconf 75' lang='lat' dir='ltr'><strong>intelligentiam</strong></span> <span class='ocrx_word' id='word_1_87' title='bbox 1490 2172 1568 2266; x_wconf 89' lang='lat' dir='ltr'><strong>ple-</strong></span> 
     </span>
     <span class='ocr_line' id='line_1_12' title="bbox 397 2284 1631 2384; baseline 0.01 -26"><span class='ocrx_word' id='word_1_88' title='bbox 397 2304 483 2358; x_wconf 90' lang='lat' dir='ltr'><strong>nam</strong></span> <span class='ocrx_word' id='word_1_89' title='bbox 509 2290 653 2381; x_wconf 87' lang='lat' dir='ltr'><strong>oportet</strong></span> <span class='ocrx_word' id='word_1_90' title='bbox 678 2284 772 2359; x_wconf 90' lang='lat' dir='ltr'><strong>scire</strong></span> <span class='ocrx_word' id='word_1_91' title='bbox 797 2286 944 2383; x_wconf 85' lang='lat' dir='ltr'><strong>longam</strong></span> <span class='ocrx_word' id='word_1_92' title='bbox 971 2289 1146 2383; x_wconf 81' lang='lat' dir='ltr'><strong>inbutam,</strong></span> <span class='ocrx_word' id='word_1_93' title='bbox 1163 2310 1276 2384; x_wconf 87' lang='lat' dir='ltr'><strong>quam</strong></span> <span class='ocrx_word' id='word_1_94' title='bbox 1302 2290 1451 2366; x_wconf 85' lang='lat' dir='ltr'><strong>Ovidius</strong></span> <span class='ocrx_word' id='word_1_95' title='bbox 1476 2291 1568 2366; x_wconf 87' lang='lat' dir='ltr'><strong>scri·</strong></span> <span class='ocrx_word' id='word_1_96' title='bbox 1626 2361 1631 2370; x_wconf 92' lang='lat'><strong>.</strong></span> 
     </span>
     <span class='ocr_line' id='line_1_13' title="bbox 396 2403 1568 2503; baseline 0.006 -25"><span class='ocrx_word' id='word_1_97' title='bbox 396 2404 447 2478; x_wconf 91' lang='lat' dir='ltr'><strong>bit</strong></span> <span class='ocrx_word' id='word_1_98' title='bbox 472 2404 577 2479; x_wconf 88' lang='lat' dir='ltr'><strong>valde</strong></span> <span class='ocrx_word' id='word_1_99' title='bbox 603 2403 733 2479; x_wconf 93' lang='lat' dir='ltr'><strong>dilluse</strong></span> <span class='ocrx_word' id='word_1_100' title='bbox 759 2406 804 2479; x_wconf 85' lang='lat' dir='ltr'><strong>vl</strong></span> <span class='ocrx_word' id='word_1_101' title='bbox 829 2407 886 2479; x_wconf 94' lang='lat' dir='ltr'><strong>sui</strong></span> <span class='ocrx_word' id='word_1_102' title='bbox 912 2408 1072 2503; x_wconf 88' lang='lat' dir='ltr'><strong>maioris,</strong></span> <span class='ocrx_word' id='word_1_103' title='bbox 1093 2410 1200 2483; x_wconf 93' lang='lat' dir='ltr'><strong>cuius</strong></span> <span class='ocrx_word' id='word_1_104' title='bbox 1220 2410 1383 2485; x_wconf 89' lang='lat' dir='ltr'><strong>breviter</strong></span> <span class='ocrx_word' id='word_1_105' title='bbox 1408 2411 1486 2485; x_wconf 86' lang='lat' dir='ltr'><strong>haec</strong></span> <span class='ocrx_word' id='word_1_106' title='bbox 1511 2417 1568 2485; x_wconf 91' lang='lat' dir='ltr'><strong>est</strong></span> 
     </span>
     <span class='ocr_line' id='line_1_14' title="bbox 395 2526 1565 2625; baseline 0.003 -26"><span class='ocrx_word' id='word_1_107' title='bbox 395 2545 565 2599; x_wconf 88' lang='lat' dir='ltr'><strong>summa:</strong></span> <span class='ocrx_word' id='word_1_108' title='bbox 592 2526 733 2600; x_wconf 90' lang='lat' dir='ltr'><strong>Tereus</strong></span> <span class='ocrx_word' id='word_1_109' title='bbox 756 2546 823 2601; x_wconf 83' lang='lat' dir='ltr'><strong>rex</strong></span> <span class='ocrx_word' id='word_1_110' title='bbox 855 2528 1004 2601; x_wconf 88' lang='lat' dir='ltr'><strong>thraciae</strong></span> <span class='ocrx_word' id='word_1_111' title='bbox 1036 2528 1195 2624; x_wconf 86' lang='lat' dir='ltr'><strong>regionis</strong></span> <span class='ocrx_word' id='word_1_112' title='bbox 1224 2530 1362 2605; x_wconf 90' lang='lat' dir='ltr'><strong>hahens</strong></span> <span class='ocrx_word' id='word_1_113' title='bbox 1396 2550 1565 2625; x_wconf 70' lang='lat' dir='ltr'><strong>cruorem,</strong></span> 
     </span>
     <span class='ocr_line' id='line_1_15' title="bbox 396 2644 1567 2745; baseline 0.004 -26"><span class='ocrx_word' id='word_1_114' title='bbox 396 2644 545 2719; x_wconf 91' lang='lat' dir='ltr'><strong>nomine</strong></span> <span class='ocrx_word' id='word_1_115' title='bbox 561 2646 718 2741; x_wconf 81' lang='lat' dir='ltr'><strong>Progne,</strong></span> <span class='ocrx_word' id='word_1_116' title='bbox 737 2644 848 2719; x_wconf 88' lang='lat' dir='ltr'><strong>liliam</strong></span> <span class='ocrx_word' id='word_1_117' title='bbox 865 2646 1057 2721; x_wconf 90' lang='lat' dir='ltr'><strong>Pandionis</strong></span> <span class='ocrx_word' id='word_1_118' title='bbox 1078 2648 1174 2744; x_wconf 87' lang='lat' dir='ltr'><strong>regis</strong></span> <span class='ocrx_word' id='word_1_119' title='bbox 1191 2648 1432 2743; x_wconf 74' lang='lat' dir='ltr'><strong>Athenarum,</strong></span> <span class='ocrx_word' id='word_1_120' title='bbox 1445 2649 1567 2745; x_wconf 86' lang='lat' dir='ltr'><strong>preci-</strong></span> 
     </span>
     <span class='ocr_line' id='line_1_16' title="bbox 396 2765 1565 2864; baseline 0.004 -25"><span class='ocrx_word' id='word_1_121' title='bbox 396 2765 465 2839; x_wconf 92' lang='lat' dir='ltr'><strong>bus</strong></span> <span class='ocrx_word' id='word_1_122' title='bbox 492 2766 616 2840; x_wconf 86' lang='lat' dir='ltr'><strong>uxoris</strong></span> <span class='ocrx_word' id='word_1_123' title='bbox 642 2786 718 2839; x_wconf 87' lang='lat' dir='ltr'><strong>suae</strong></span> <span class='ocrx_word' id='word_1_124' title='bbox 745 2767 929 2861; x_wconf 89' lang='lat' dir='ltr'><strong>proiectus</strong></span> <span class='ocrx_word' id='word_1_125' title='bbox 958 2767 1116 2843; x_wconf 80' lang='lat' dir='ltr'><strong>Athenas</strong></span> <span class='ocrx_word' id='word_1_126' title='bbox 1150 2768 1296 2864; x_wconf 90' lang='lat' dir='ltr'><strong>petebat</strong></span> <span class='ocrx_word' id='word_1_127' title='bbox 1324 2790 1348 2843; x_wconf 87' lang='lat' dir='ltr'><strong>a</strong></span> <span class='ocrx_word' id='word_1_128' title='bbox 1380 2770 1565 2845; x_wconf 88' lang='lat' dir='ltr'><strong>Pandione</strong></span> 
     </span>
     <span class='ocr_line' id='line_1_17' title="bbox 395 2885 1564 2984; baseline 0.003 -25"><span class='ocrx_word' id='word_1_129' title='bbox 395 2905 534 2980; x_wconf 87' lang='lat' dir='ltr'><strong>socero,</strong></span> <span class='ocrx_word' id='word_1_130' title='bbox 550 2892 590 2959; x_wconf 95' lang='lat' dir='ltr'><strong>ut</strong></span> <span class='ocrx_word' id='word_1_131' title='bbox 607 2885 711 2960; x_wconf 89' lang='lat' dir='ltr'><strong>daret</strong></span> <span class='ocrx_word' id='word_1_132' title='bbox 727 2886 793 2959; x_wconf 90' lang='lat' dir='ltr'><strong>sibi</strong></span> <span class='ocrx_word' id='word_1_133' title='bbox 811 2886 920 2961; x_wconf 85' lang='lat' dir='ltr'><strong>liliam</strong></span> <span class='ocrx_word' id='word_1_134' title='bbox 941 2888 1119 2984; x_wconf 83' lang='lat' dir='ltr'><strong>virginem</strong></span> <span class='ocrx_word' id='word_1_135' title='bbox 1146 2889 1295 2963; x_wconf 89' lang='lat' dir='ltr'><strong>nomine</strong></span> <span class='ocrx_word' id='word_1_136' title='bbox 1310 2890 1564 2983; x_wconf 86' lang='lat' dir='ltr'><strong>Philomelam,</strong></span> 
     </span>
     <span class='ocr_line' id='line_1_18' title="bbox 294 3006 1564 3102; baseline 0.006 -24"><span class='ocrx_word' id='word_1_137' title='bbox 294 3006 297 3013; x_wconf 86' lang='lat'>&#39;</span> <span class='ocrx_word' id='word_1_138' title='bbox 396 3006 482 3100; x_wconf 88' lang='lat' dir='ltr'><strong>quia</strong></span> <span class='ocrx_word' id='word_1_139' title='bbox 510 3026 605 3079; x_wconf 87' lang='lat' dir='ltr'><strong>uxor</strong></span> <span class='ocrx_word' id='word_1_140' title='bbox 631 3027 697 3081; x_wconf 89' lang='lat' dir='ltr'><strong>sua</strong></span> <span class='ocrx_word' id='word_1_141' title='bbox 724 3028 871 3081; x_wconf 89' lang='lat' dir='ltr'><strong>summe</strong></span> <span class='ocrx_word' id='word_1_142' title='bbox 895 3008 1043 3102; x_wconf 87' lang='lat' dir='ltr'><strong>optabat</strong></span> <span class='ocrx_word' id='word_1_143' title='bbox 1068 3008 1194 3083; x_wconf 87' lang='lat' dir='ltr'><strong>videre</strong></span> <span class='ocrx_word' id='word_1_144' title='bbox 1218 3029 1396 3097; x_wconf 76' lang='lat' dir='ltr'><strong>sororem,</strong></span> <span class='ocrx_word' id='word_1_145' title='bbox 1414 3011 1459 3084; x_wconf 87' lang='lat' dir='ltr'><strong>Et</strong></span> <span class='ocrx_word' id='word_1_146' title='bbox 1475 3029 1564 3085; x_wconf 90' lang='lat' dir='ltr'><strong>ecce</strong></span> 
     </span>
     <span class='ocr_line' id='line_1_19' title="bbox 394 3126 1560 3224; baseline 0.004 -23"><span class='ocrx_word' id='word_1_147' title='bbox 394 3126 537 3201; x_wconf 90' lang='lat' dir='ltr'><strong>interim</strong></span> <span class='ocrx_word' id='word_1_148' title='bbox 564 3128 774 3221; x_wconf 88' lang='lat' dir='ltr'><strong>supervenit</strong></span> <span class='ocrx_word' id='word_1_149' title='bbox 799 3127 998 3203; x_wconf 85' lang='lat' dir='ltr'><strong>Philomela</strong></span> <span class='ocrx_word' id='word_1_150' title='bbox 1025 3128 1246 3224; x_wconf 88' lang='lat' dir='ltr'><strong>pulcerrima</strong></span> <span class='ocrx_word' id='word_1_151' title='bbox 1271 3130 1373 3204; x_wconf 87' lang='lat' dir='ltr'><strong>velut</strong></span> <span class='ocrx_word' id='word_1_152' title='bbox 1398 3130 1467 3205; x_wconf 88' lang='lat' dir='ltr'><strong>dea</strong></span> <span class='ocrx_word' id='word_1_153' title='bbox 1484 3138 1560 3206; x_wconf 91' lang='lat' dir='ltr'><strong>tam</strong></span> 
     </span>
     <span class='ocr_line' id='line_1_20' title="bbox 392 3246 1563 3343; baseline 0.005 -24"><span class='ocrx_word' id='word_1_154' title='bbox 392 3246 513 3322; x_wconf 83' lang='lat' dir='ltr'><strong>torma</strong></span> <span class='ocrx_word' id='word_1_155' title='bbox 539 3247 708 3340; x_wconf 89' lang='lat' dir='ltr'><strong>naturali,</strong></span> <span class='ocrx_word' id='word_1_156' title='bbox 734 3268 847 3340; x_wconf 87' lang='lat' dir='ltr'><strong>quam</strong></span> <span class='ocrx_word' id='word_1_157' title='bbox 878 3249 979 3321; x_wconf 89' lang='lat' dir='ltr'><strong>cultu</strong></span> <span class='ocrx_word' id='word_1_158' title='bbox 1010 3248 1206 3343; x_wconf 79' lang='lat' dir='ltr'><strong>artificiali3</strong></span> <span class='ocrx_word' id='word_1_159' title='bbox 1231 3270 1305 3343; x_wconf 88' lang='lat' dir='ltr'><strong>qua</strong></span> <span class='ocrx_word' id='word_1_160' title='bbox 1332 3250 1408 3324; x_wconf 86' lang='lat' dir='ltr'><strong>visa</strong></span> <span class='ocrx_word' id='word_1_161' title='bbox 1440 3250 1563 3326; x_wconf 80' lang='lat' dir='ltr'><strong>infelix</strong></span> 
     </span>
     <span class='ocr_line' id='line_1_21' title="bbox 392 3363 1563 3464; baseline 0.004 -24"><span class='ocrx_word' id='word_1_162' title='bbox 392 3367 531 3442; x_wconf 88' lang='lat' dir='ltr'><strong>Tereus</strong></span> <span class='ocrx_word' id='word_1_163' title='bbox 556 3367 780 3462; x_wconf 84' lang='lat' dir='ltr'><strong>stupetactus</strong></span> <span class='ocrx_word' id='word_1_164' title='bbox 798 3366 909 3440; x_wconf 94' lang='lat' dir='ltr'><strong>nimia</strong></span> <span class='ocrx_word' id='word_1_165' title='bbox 927 3366 1172 3462; x_wconf 87' lang='lat' dir='ltr'><strong>pulcritudine</strong></span> <span class='ocrx_word' id='word_1_166' title='bbox 1196 3368 1247 3441; x_wconf 91' lang='lat' dir='ltr'><strong>ita</strong></span> <span class='ocrx_word' id='word_1_167' title='bbox 1272 3370 1410 3444; x_wconf 80' lang='lat' dir='ltr'><strong>exarsit</strong></span> <span class='ocrx_word' id='word_1_168' title='bbox 1434 3363 1563 3464; x_wconf 73' lang='lat' dir='ltr'><strong>eiusl¹l</strong></span> 
     </span>
     <span class='ocr_line' id='line_1_22' title="bbox 390 3486 1560 3583; baseline 0.003 -20"><span class='ocrx_word' id='word_1_169' title='bbox 390 3508 532 3581; x_wconf 89' lang='lat' dir='ltr'><strong>amore,</strong></span> <span class='ocrx_word' id='word_1_170' title='bbox 550 3488 643 3561; x_wconf 90' lang='lat' dir='ltr'><strong>sicut</strong></span> <span class='ocrx_word' id='word_1_171' title='bbox 660 3487 790 3582; x_wconf 91' lang='lat' dir='ltr'><strong>stipula</strong></span> <span class='ocrx_word' id='word_1_172' title='bbox 815 3486 935 3561; x_wconf 90' lang='lat' dir='ltr'><strong>subito</strong></span> <span class='ocrx_word' id='word_1_173' title='bbox 953 3487 1174 3562; x_wconf 84' lang='lat' dir='ltr'><strong>accenditur</strong></span> <span class='ocrx_word' id='word_1_174' title='bbox 1195 3488 1298 3583; x_wconf 74' lang='lat' dir='ltr'><strong>igne,</strong></span> <span class='ocrx_word' id='word_1_175' title='bbox 1316 3496 1354 3564; x_wconf 90' lang='lat' dir='ltr'><strong>et</strong></span> <span class='ocrx_word' id='word_1_176' title='bbox 1378 3490 1560 3566; x_wconf 85' lang='lat' dir='ltr'><strong>fluctuans</strong></span> 
     </span>
     <span class='ocr_line' id='line_1_23' title="bbox 391 3607 1563 3702; baseline 0.003 -18"><span class='ocrx_word' id='word_1_177' title='bbox 391 3610 516 3684; x_wconf 93' lang='lat' dir='ltr'><strong>animo</strong></span> <span class='ocrx_word' id='word_1_178' title='bbox 541 3607 693 3681; x_wconf 88' lang='lat' dir='ltr'><strong>interius</strong></span> <span class='ocrx_word' id='word_1_179' title='bbox 719 3609 922 3701; x_wconf 83' lang='lat' dir='ltr'><strong>vexabatur</strong></span> <span class='ocrx_word' id='word_1_180' title='bbox 947 3607 1057 3681; x_wconf 84' lang='lat' dir='ltr'><strong>variis</strong></span> <span class='ocrx_word' id='word_1_181' title='bbox 1083 3607 1194 3702; x_wconf 92' lang='lat' dir='ltr'><strong>curis,</strong></span> <span class='ocrx_word' id='word_1_182' title='bbox 1212 3608 1305 3684; x_wconf 89' lang='lat' dir='ltr'><strong>sicut</strong></span> <span class='ocrx_word' id='word_1_183' title='bbox 1322 3616 1378 3684; x_wconf 91' lang='lat' dir='ltr'><strong>est</strong></span> <span class='ocrx_word' id='word_1_184' title='bbox 1394 3610 1440 3685; x_wconf 93' lang='lat' dir='ltr'><strong>de</strong></span> <span class='ocrx_word' id='word_1_185' title='bbox 1457 3632 1563 3689; x_wconf 90' lang='lat' dir='ltr'><strong>more</strong></span> 
     </span>
     <span class='ocr_line' id='line_1_24' title="bbox 389 3727 1563 3822; baseline 0.005 -19"><span class='ocrx_word' id='word_1_186' title='bbox 389 3728 615 3822; x_wconf 72' lang='lat' dir='ltr'><strong>amantium,</strong></span> <span class='ocrx_word' id='word_1_187' title='bbox 635 3727 781 3802; x_wconf 88' lang='lat' dir='ltr'><strong>tandem</strong></span> <span class='ocrx_word' id='word_1_188' title='bbox 808 3728 877 3802; x_wconf 90' lang='lat' dir='ltr'><strong>sub</strong></span> <span class='ocrx_word' id='word_1_189' title='bbox 902 3729 1054 3802; x_wconf 90' lang='lat' dir='ltr'><strong>honesto</strong></span> <span class='ocrx_word' id='word_1_190' title='bbox 1080 3730 1205 3803; x_wconf 90' lang='lat' dir='ltr'><strong>colore</strong></span> <span class='ocrx_word' id='word_1_191' title='bbox 1229 3730 1386 3804; x_wconf 87' lang='lat' dir='ltr'><strong>obtinuit</strong></span> <span class='ocrx_word' id='word_1_192' title='bbox 1407 3730 1563 3809; x_wconf 87' lang='lat' dir='ltr'><strong>liliama</strong></span> 
     </span>
     <span class='ocr_line' id='line_1_25' title="bbox 391 3847 1562 3944; baseline 0.004 -21"><span class='ocrx_word' id='word_1_193' title='bbox 391 3856 506 3944; x_wconf 89' lang='lat' dir='ltr'><strong>patre,</strong></span> <span class='ocrx_word' id='word_1_194' title='bbox 533 3848 595 3942; x_wconf 88' lang='lat' dir='ltr'><strong>qui</strong></span> <span class='ocrx_word' id='word_1_195' title='bbox 623 3847 876 3923; x_wconf 89' lang='lat' dir='ltr'><strong>molestissime</strong></span> <span class='ocrx_word' id='word_1_196' title='bbox 907 3848 988 3921; x_wconf 92' lang='lat' dir='ltr'><strong>tulit</strong></span> <span class='ocrx_word' id='word_1_197' title='bbox 1010 3847 1098 3923; x_wconf 85' lang='lat' dir='ltr'><strong>eius</strong></span> <span class='ocrx_word' id='word_1_198' title='bbox 1132 3868 1333 3943; x_wconf 73' lang='lat' dir='ltr'><strong>recessum,</strong></span> <span class='ocrx_word' id='word_1_199' title='bbox 1364 3851 1451 3944; x_wconf 87' lang='lat' dir='ltr'><strong>quia</strong></span> <span class='ocrx_word' id='word_1_200' title='bbox 1480 3860 1562 3928; x_wconf 88' lang='lat' dir='ltr'><strong>erat</strong></span> 
     </span>
     <span class='ocr_line' id='line_1_26' title="bbox 317 3968 1562 4067; baseline 0.002 -22"><span class='ocrx_word' id='word_1_201' title='bbox 317 4028 320 4033; x_wconf 85' lang='lat'><em>.</em></span> <span class='ocrx_word' id='word_1_202' title='bbox 390 3969 559 4045; x_wconf 90' lang='lat' dir='ltr'><strong>solatium</strong></span> <span class='ocrx_word' id='word_1_203' title='bbox 595 3968 791 4044; x_wconf 88' lang='lat' dir='ltr'><strong>senectutis</strong></span> <span class='ocrx_word' id='word_1_204' title='bbox 824 3988 912 4042; x_wconf 88' lang='lat' dir='ltr'><strong>suae.</strong></span> <span class='ocrx_word' id='word_1_205' title='bbox 938 3969 1055 4067; x_wconf 83' lang='lat' dir='ltr'><strong>Igitur</strong></span> <span class='ocrx_word' id='word_1_206' title='bbox 1088 3969 1228 4043; x_wconf 87' lang='lat' dir='ltr'><strong>Tereus</strong></span> <span class='ocrx_word' id='word_1_207' title='bbox 1261 3978 1411 4065; x_wconf 88' lang='lat' dir='ltr'><strong>accepta</strong></span> <span class='ocrx_word' id='word_1_208' title='bbox 1440 3973 1562 4049; x_wconf 92' lang='lat' dir='ltr'><strong>Philo-</strong></span> 
     </span>
     <span class='ocr_line' id='line_1_27' title="bbox 391 4088 1563 4187; baseline 0.003 -24"><span class='ocrx_word' id='word_1_209' title='bbox 391 4092 488 4165; x_wconf 91' lang='lat' dir='ltr'><strong>mela</strong></span> <span class='ocrx_word' id='word_1_210' title='bbox 514 4089 551 4161; x_wconf 92' lang='lat' dir='ltr'><strong>in</strong></span> <span class='ocrx_word' id='word_1_211' title='bbox 577 4088 673 4182; x_wconf 89' lang='lat' dir='ltr'><strong>navi,</strong></span> <span class='ocrx_word' id='word_1_212' title='bbox 698 4108 874 4185; x_wconf 89' lang='lat' dir='ltr'><strong>prospere</strong></span> <span class='ocrx_word' id='word_1_213' title='bbox 898 4089 1085 4185; x_wconf 84' lang='lat' dir='ltr'><strong>navigans,</strong></span> <span class='ocrx_word' id='word_1_214' title='bbox 1104 4110 1191 4163; x_wconf 90' lang='lat' dir='ltr'><strong>cum</strong></span> <span class='ocrx_word' id='word_1_215' title='bbox 1212 4089 1372 4185; x_wconf 85' lang='lat' dir='ltr'><strong>primum</strong></span> <span class='ocrx_word' id='word_1_216' title='bbox 1390 4092 1563 4187; x_wconf 86' lang='lat' dir='ltr'><strong>applicuit</strong></span> 
     </span>
     <span class='ocr_line' id='line_1_28' title="bbox 390 4207 1563 4306; baseline 0.003 -22"><span class='ocrx_word' id='word_1_217' title='bbox 390 4209 437 4284; x_wconf 94' lang='lat' dir='ltr'><strong>ad</strong></span> <span class='ocrx_word' id='word_1_218' title='bbox 462 4208 547 4283; x_wconf 91' lang='lat' dir='ltr'><strong>litus</strong></span> <span class='ocrx_word' id='word_1_219' title='bbox 568 4207 670 4303; x_wconf 85' lang='lat' dir='ltr'><strong>regni</strong></span> <span class='ocrx_word' id='word_1_220' title='bbox 688 4208 758 4301; x_wconf 96' lang='lat' dir='ltr'><strong>sui,</strong></span> <span class='ocrx_word' id='word_1_221' title='bbox 772 4208 879 4281; x_wconf 83' lang='lat' dir='ltr'><strong>laetus</strong></span> <span class='ocrx_word' id='word_1_222' title='bbox 897 4210 997 4283; x_wconf 89' lang='lat' dir='ltr'><strong>velut</strong></span> <span class='ocrx_word' id='word_1_223' title='bbox 1014 4208 1148 4303; x_wconf 88' lang='lat' dir='ltr'><strong>aquila,</strong></span> <span class='ocrx_word' id='word_1_224' title='bbox 1169 4215 1272 4305; x_wconf 89' lang='lat' dir='ltr'><strong>rapto</strong></span> <span class='ocrx_word' id='word_1_225' title='bbox 1292 4210 1429 4306; x_wconf 89' lang='lat' dir='ltr'><strong>lepore,</strong></span> <span class='ocrx_word' id='word_1_226' title='bbox 1450 4212 1563 4289; x_wconf 83' lang='lat' dir='ltr'><strong>traxit</strong></span> 
     </span>
     <span class='ocr_line' id='line_1_29' title="bbox 390 4328 1561 4427; baseline 0.004 -24"><span class='ocrx_word' id='word_1_227' title='bbox 390 4328 628 4403; x_wconf 90' lang='lat' dir='ltr'><strong>Philomelam</strong></span> <span class='ocrx_word' id='word_1_228' title='bbox 665 4336 858 4424; x_wconf 81' lang='lat' dir='ltr'><strong>cognatam</strong></span> <span class='ocrx_word' id='word_1_229' title='bbox 893 4350 999 4403; x_wconf 89' lang='lat' dir='ltr'><strong>suam</strong></span> <span class='ocrx_word' id='word_1_230' title='bbox 1034 4329 1071 4403; x_wconf 95' lang='lat' dir='ltr'><strong>in</strong></span> <span class='ocrx_word' id='word_1_231' title='bbox 1106 4330 1307 4423; x_wconf 88' lang='lat' dir='ltr'><strong>quamdam</strong></span> <span class='ocrx_word' id='word_1_232' title='bbox 1343 4332 1484 4427; x_wconf 85' lang='lat' dir='ltr'><strong>sylvam</strong></span> <span class='ocrx_word' id='word_1_233' title='bbox 1524 4334 1561 4408; x_wconf 95' lang='lat' dir='ltr'><strong>in</strong></span> 
     </span>
     <span class='ocr_line' id='line_1_30' title="bbox 389 4447 1562 4548; baseline 0.005 -24"><span class='ocrx_word' id='word_1_234' title='bbox 389 4449 541 4524; x_wconf 91' lang='lat' dir='ltr'><strong>domum</strong></span> <span class='ocrx_word' id='word_1_235' title='bbox 577 4447 768 4523; x_wconf 91' lang='lat' dir='ltr'><strong>cuiusdam</strong></span> <span class='ocrx_word' id='word_1_236' title='bbox 795 4449 960 4543; x_wconf 90' lang='lat' dir='ltr'><strong>pastoris,</strong></span> <span class='ocrx_word' id='word_1_237' title='bbox 991 4456 1029 4523; x_wconf 94' lang='lat' dir='ltr'><strong>et</strong></span> <span class='ocrx_word' id='word_1_238' title='bbox 1062 4449 1161 4525; x_wconf 90' lang='lat' dir='ltr'><strong>illam</strong></span> <span class='ocrx_word' id='word_1_239' title='bbox 1197 4458 1429 4548; x_wconf 88' lang='lat' dir='ltr'><strong>trementem,</strong></span> <span class='ocrx_word' id='word_1_240' title='bbox 1461 4455 1562 4529; x_wconf 84' lang='lat' dir='ltr'><strong>velut</strong></span> 
     </span>
     <span class='ocr_line' id='line_1_31' title="bbox 387 4561 1598 4667; baseline 0.006 -25"><span class='ocrx_word' id='word_1_241' title='bbox 387 4588 484 4665; x_wconf 85' lang='lat' dir='ltr'><strong>agna</strong></span> <span class='ocrx_word' id='word_1_242' title='bbox 510 4574 615 4663; x_wconf 89' lang='lat' dir='ltr'><strong>capta</strong></span> <span class='ocrx_word' id='word_1_243' title='bbox 639 4590 662 4642; x_wconf 92' lang='lat' dir='ltr'><strong>a</strong></span> <span class='ocrx_word' id='word_1_244' title='bbox 687 4567 786 4664; x_wconf 95' lang='lat' dir='ltr'><strong>lupo,</strong></span> <span class='ocrx_word' id='word_1_245' title='bbox 812 4575 877 4641; x_wconf 90' lang='lat' dir='ltr'><strong>aut</strong></span> <span class='ocrx_word' id='word_1_246' title='bbox 902 4568 1074 4644; x_wconf 91' lang='lat' dir='ltr'><strong>columba</strong></span> <span class='ocrx_word' id='word_1_247' title='bbox 1100 4578 1205 4665; x_wconf 90' lang='lat' dir='ltr'><strong>rapta</strong></span> <span class='ocrx_word' id='word_1_248' title='bbox 1222 4561 1258 4663; x_wconf 85' lang='lat'><strong>(³)</strong></span> <span class='ocrx_word' id='word_1_249' title='bbox 1286 4572 1333 4646; x_wconf 95' lang='lat' dir='ltr'><strong>ab</strong></span> <span class='ocrx_word' id='word_1_250' title='bbox 1357 4581 1497 4667; x_wconf 87' lang='lat' dir='ltr'><strong>astare,</strong></span> <span class='ocrx_word' id='word_1_251' title='bbox 1524 4582 1561 4650; x_wconf 86' lang='lat' dir='ltr'><strong>et</strong></span> <span class='ocrx_word' id='word_1_252' title='bbox 1594 4652 1598 4661; x_wconf 70' lang='grc'><strong>,</strong></span> 
     </span>
    </p>
   </div>
   <div class='ocr_carea' id='block_1_3' title="bbox 386 4686 1680 4786">
    <p class='ocr_par' dir='ltr' id='par_1_3' title="bbox 386 4686 1680 4786">
     <span class='ocr_line' id='line_1_32' title="bbox 386 4686 1680 4786; baseline 0.005 -27"><span class='ocrx_word' id='word_1_253' title='bbox 386 4686 523 4761; x_wconf 90' lang='lat' dir='ltr'><strong>irustra</strong></span> <span class='ocrx_word' id='word_1_254' title='bbox 551 4688 824 4782; x_wconf 90' lang='lat' dir='ltr'><strong>reclamantem,</strong></span> <span class='ocrx_word' id='word_1_255' title='bbox 849 4688 1040 4763; x_wconf 80' lang='lat' dir='ltr'><strong>defloravit</strong></span> <span class='ocrx_word' id='word_1_256' title='bbox 1058 4688 1267 4786; x_wconf 84' lang='lat' dir='ltr'><strong>virginitate</strong></span> <span class='ocrx_word' id='word_1_257' title='bbox 1285 4712 1364 4765; x_wconf 85' lang='lat' dir='ltr'><strong>sua.</strong></span> <span class='ocrx_word' id='word_1_258' title='bbox 1383 4692 1453 4767; x_wconf 86' lang='lat' dir='ltr'><strong>Se&#39;d</strong></span> <span class='ocrx_word' id='word_1_259' title='bbox 1475 4694 1560 4767; x_wconf 86' lang='lat' dir='ltr'><strong>Phi·</strong></span> <span class='ocrx_word' id='word_1_260' title='bbox 1675 4742 1680 4749; x_wconf 85' lang='lat'>-</span> 
     </span>
    </p>
   </div>
   <div class='ocr_carea' id='block_1_4' title="bbox 388 4805 1561 4911">
    <p class='ocr_par' dir='ltr' id='par_1_4' title="bbox 388 4805 1561 4911">
     <span class='ocr_line' id='line_1_33' title="bbox 388 4805 1561 4911; baseline 0.011 -31"><span class='ocrx_word' id='word_1_261' title='bbox 388 4805 524 4881; x_wconf 88' lang='lat' dir='ltr'><strong>lomcla</strong></span> <span class='ocrx_word' id='word_1_262' title='bbox 559 4808 676 4903; x_wconf 83' lang='lat' dir='ltr'><strong>magis</strong></span> <span class='ocrx_word' id='word_1_263' title='bbox 713 4830 866 4884; x_wconf 88' lang='lat' dir='ltr'><strong>accensa</strong></span> <span class='ocrx_word' id='word_1_264' title='bbox 906 4809 990 4905; x_wconf 86' lang='lat' dir='ltr'><strong>igne</strong></span> <span class='ocrx_word' id='word_1_265' title='bbox 1030 4809 1113 4904; x_wconf 69' lang='lat' dir='ltr'><strong>irae,</strong></span> <span class='ocrx_word' id='word_1_266' title='bbox 1149 4831 1262 4904; x_wconf 87' lang='lat' dir='ltr'><strong>quam</strong></span> <span class='ocrx_word' id='word_1_267' title='bbox 1305 4812 1443 4887; x_wconf 87' lang='lat' dir='ltr'><strong>Tereus</strong></span> <span class='ocrx_word' id='word_1_268' title='bbox 1476 4814 1561 4911; x_wconf 82' lang='lat' dir='ltr'><strong>igue</strong></span> 
     </span>
    </p>
   </div>
   <div class='ocr_carea' id='block_1_5' title="bbox 1452 4990 1560 5002">
    <p class='ocr_par' dir='ltr' id='par_1_5' title="bbox 1452 4990 1560 5002">
     <span class='ocr_line' id='line_1_34' title="bbox 1452 4990 1560 5002; baseline 0.009 -1"><span class='ocrx_word' id='word_1_269' title='bbox 1452 4990 1560 5002; x_wconf 73' lang='lat'><strong>-——</strong></span> 
     </span>
    </p>
   </div>
   <div class='ocr_carea' id='block_1_6' title="bbox 450 5064 1433 5135">
    <p class='ocr_par' dir='ltr' id='par_1_6' title="bbox 450 5064 1433 5135">
     <span class='ocr_line' id='line_1_35' title="bbox 450 5064 1433 5135; baseline 0.008 -21"><span class='ocrx_word' id='word_1_270' title='bbox 450 5064 476 5127; x_wconf 82' lang='lat'><strong>(¹)</strong></span> <span class='ocrx_word' id='word_1_271' title='bbox 495 5068 550 5123; x_wconf 81' lang='lat' dir='ltr'><strong>tlt,</strong></span> <span class='ocrx_word' id='word_1_272' title='bbox 567 5078 581 5115; x_wconf 81' lang='grc' dir='ltr'>ι</span> <span class='ocrx_word' id='word_1_273' title='bbox 598 5070 683 5117; x_wconf 87' lang='lat' dir='ltr'><strong>cantu.</strong></span> <span class='ocrx_word' id='word_1_274' title='bbox 807 5064 835 5127; x_wconf 81' lang='lat'><strong>(¹)</strong></span> <span class='ocrx_word' id='word_1_275' title='bbox 851 5068 876 5117; x_wconf 90' lang='lat' dir='ltr'><strong>S.</strong></span> <span class='ocrx_word' id='word_1_276' title='bbox 894 5068 920 5117; x_wconf 89' lang='lat' dir='ltr'><strong>in</strong></span> <span class='ocrx_word' id='word_1_277' title='bbox 936 5068 992 5119; x_wconf 81' lang='lat' dir='ltr'><strong>eius</strong></span> <span class='ocrx_word' id='word_1_278' title='bbox 1008 5082 1134 5121; x_wconf 78' lang='lat' dir='ltr'><strong>amorem.</strong></span> <span class='ocrx_word' id='word_1_279' title='bbox 1259 5069 1288 5133; x_wconf 78' lang='lat'><strong>(⁸)</strong></span> <span class='ocrx_word' id='word_1_280' title='bbox 1304 5070 1335 5121; x_wconf 82' lang='lat' dir='ltr'><strong>E.</strong></span> <span class='ocrx_word' id='word_1_281' title='bbox 1351 5076 1433 5135; x_wconf 76' lang='lat' dir='ltr'><strong>capta.</strong></span> 
     </span>
    </p>
   </div>
   <div class='ocr_carea' id='block_1_7' title="bbox 0 0 2276 6841">
    <p class='ocr_par' dir='ltr' id='par_1_7' title="bbox 0 0 2276 6841">
     <span class='ocr_line' id='line_1_36' title="bbox 0 0 2276 6841; baseline 0 0"><span class='ocrx_word' id='word_1_282' title='bbox 0 0 2276 6841; x_wconf 95' lang='lat' dir='ltr'><strong> </strong></span> 
     </span>
    </p>
   </div>
  </div>
 </body>
</html>
