4542 6842
699 929 770 997 398
1056 941 1261 998 counnruu
1284 943 1508 998 runnxronu

701 1083 780 1158 liori
807 1085 866 1161 via
882 1087 911 1162 si
930 1085 1054 1161 luisset
1070 1085 1277 1180 expediens.
1299 1086 1344 1160 Et
1359 1085 1476 1182 tangit
1493 1106 1704 1181 processum
1723 1106 1868 1180 eornm,

696 1210 734 1278 et
753 1205 910 1300 primam
929 1227 1059 1282 vocem
1078 1226 1193 1300 quam
1210 1205 1434 1282 audiverunt
1451 1206 1488 1280 in
1505 1205 1574 1281 isto
1590 1206 1722 1282 itinere
1740 1212 1869 1282 oontra

697 1323 881 1422 invidiam,
906 1327 1051 1402 dicens:
1075 1329 1139 1419 poi
1159 1330 1294 1420 summo
1315 1329 1397 1422 fatti
1419 1329 1487 1400 soli
1510 1328 1733 1419 procedendo
1740 1353 1756 1420 ;
1781 1327 1869 1420 quia

700 1444 760 1519 ubi
787 1447 907 1542 primo
932 1447 1208 1542 praemonebam
1233 1447 1271 1520 in
1295 1446 1478 1540 oolloquio
1502 1464 1590 1520 oum
1622 1446 1690 1519 illis
1722 1445 1869 1522 duobus

697 1565 881 1660 spiritibus
897 1566 944 1642 de
960 1567 1212 1660 Romandiola,
1229 1587 1328 1641 nnnc
1346 1566 1450 1640 ibant
1472 1565 1552 1640 sine
1575 1585 1748 1640 sermone
1766 1566 1813 1641 ad
1828 1559 1867 1658 (¹)

697 1684 795 1760 viam
828 1707 947 1762 suam.
982 1687 1027 1760 Et
1060 1707 1146 1762 eone
1180 1707 1293 1760 unam
1327 1706 1457 1760 vocem
1492 1705 1580 1760 cum
1614 1685 1753 1781 impetu
1787 1705 1869 1760 ma·

696 1826 771 1902 gno
795 1808 916 1882 subito
942 1807 1064 1882 sonuit
1088 1808 1126 1882 in
1150 1827 1249 1902 aere,
1271 1813 1309 1882 et
1333 1808 1412 1882 haec
1437 1812 1519 1882 orat
1542 1827 1616 1882 vox
1640 1827 1754 1900 quam
1780 1808 1868 1881 olim

697 1926 787 2001 dixit
811 1927 909 2003 Cain.
944 1929 989 2002 Et
1021 1926 1066 2002 ad
1099 1928 1208 2001 huius
1242 1927 1357 2002 litorae
1390 1927 1678 2023 intelligentiam,
1704 1947 1790 2022 quae
1814 1927 1870 2002 vi·

695 2045 804 2122 detur
830 2047 930 2122 lortis
956 2055 993 2123 et
1025 2069 1048 2123 a
1082 2049 1207 2122 multis
1239 2050 1337 2124 malo
1366 2047 1560 2142 intellecta,
1585 2053 1642 2122 est
1667 2048 1868 2122 notandum

697 2166 795 2262 quod
821 2174 926 2262 poeta
955 2174 1078 2243 nostor
1104 2169 1174 2242 sub
1198 2168 1267 2242 ista
1293 2167 1439 2243 liotione
1464 2168 1544 2242 vult
1571 2166 1695 2243 dicere
1723 2173 1871 2243 senten-

695 2286 827 2361 tialiter
853 2287 890 2361 in
916 2288 1061 2382 ellectu,
1089 2287 1188 2381 quod
1214 2290 1326 2362 homo
1352 2289 1479 2362 volens
1504 2288 1662 2363 lraenare
1686 2288 1724 2362 in
1750 2309 1791 2363 se
1815 2288 1872 2362 vi·
1910 2383 1914 2391 Ἴ

695 2407 788 2480 tium
809 2407 964 2502 invidie,
982 2408 1092 2484 debet
1107 2409 1154 2482 ad
1173 2413 1336 2484 mentem
1355 2427 1533 2483 revocare
1549 2407 1724 2484 ellectum
1741 2408 1870 2504 primae

697 2525 840 2602 invidiae
868 2548 951 2622 qnae
977 2527 1044 2601 luit
1070 2527 1105 2600 in
1131 2527 1251 2602 terris.
1277 2528 1370 2601 Nam
1396 2528 1539 2623 primus
1563 2529 1675 2603 homo
1701 2536 1810 2604 natus
1834 2529 1872 2604 in

698 2647 849 2741 mundo,
876 2648 953 2722 sola
978 2647 1110 2722 invidia
1129 2647 1269 2722 'diaboli
1294 2667 1369 2742 qua
1395 2647 1482 2722 mali
1507 2648 1669 2722 invident
1691 2649 1808 2743 bonis,
1829 2655 1872 2723 ut

698 2767 749 2842 ait
773 2767 1011 2863 Augustinus,
1037 2767 1218 2842 interiecit
1242 2767 1396 2843 tratrem
1428 2787 1540 2842 sunm
1566 2767 1755 2863 juniorem
1781 2767 1872 2844 Abel

694 2889 838 2984 Justum
856 2894 893 2962 et
909 2887 1162 2982 innocentem3
1180 2894 1330 2983 propter
1346 2888 1446 2982 quod
1462 2888 1560 2963 Deus
1580 2888 1767 2964 maledixit
1783 2909 1871 2964 eum

700 3027 819 3101 usque
845 3007 881 3080 in
902 3006 1094 3102 septimam
1112 3008 1402 3103 generationem,
1420 3006 1484 3101 qui
1501 3013 1627 3102 postea
1647 3007 1733 3083 iecit
1747 3009 1872 3084 omnia

699 3126 838 3201 seelera
864 3146 1011 3221 magna,
1038 3132 1076 3201 et
1104 3147 1192 3200 suos
1221 3127 1385 3201 invitavit
1415 3126 1462 3201 ad
1492 3126 1682 3202 latrocinia
1712 3134 1750 3202 et
1775 3128 1873 3223 rapi·

699 3269 764 3324 nas
789 3254 857 3323 eto.
885 3247 990 3322 Modo
1014 3246 1061 3322 ad
1087 3247 1314 3342 propositum
1345 3253 1453 3342 poeta
1487 3254 1610 3324 nostor
1640 3247 1743 3345 fingit
1772 3248 1873 3343 quod

699 3389 772 3445 vox
798 3369 886 3444 Cain
912 3367 1072 3442 insonuit
1095 3367 1250 3442 auribus
1276 3367 1408 3443 mentis
1431 3368 1521 3444 eius.
1540 3369 1632 3442 uicit
1657 3390 1773 3465 ergo:
1791 3391 1874 3443 voce

699 3491 759 3564 ote
781 3492 903 3579 mense
928 3491 966 3562 di
989 3495 1126 3578 condo,
1153 3487 1304 3562 veniens
1329 3487 1434 3563 nobis
1452 3487 1491 3562 in
1509 3508 1709 3564 oocnrsnm
1734 3490 1781 3565 ad
1806 3489 1873 3564 ad-

699 3607 937 3682 monitionem
956 3613 1132 3700 nostram,
1153 3609 1321 3682 ditendo:
1341 3611 1595 3682 mddmnmnri
1609 3613 1807 3702 punitoque
1826 3613 1875 3682 mi

612 3787 615 3795 .
697 3731 841 3822 prende.
868 3728 939 3802 lsla
964 3727 1116 3802 luerunt
1136 3727 1251 3801 verba
1267 3727 1379 3802 Cain:
1399 3747 1484 3802 nam
1502 3747 1590 3802 oum
1607 3727 1785 3803 Dominus
1810 3748 1874 3823 pe·

700 3853 797 3922 teret
820 3847 868 3922 ab
894 3867 939 3922 eo
966 3847 1028 3921 ubi
1053 3852 1150 3922 esset
1175 3847 1288 3920 irater
1318 3867 1410 3920 suus
1440 3845 1542 3941 Abel,
1568 3846 1646 3943 ipse
1677 3847 1873 3943 respondit,

701 3967 799 4063 quod
825 3988 899 4042 non
925 3973 1005 4042 erat
1029 3972 1153 4041 eustos
1178 3967 1300 4040 iratris
1325 3967 1394 4040 sui.
1424 3967 1471 4041 Et
1498 3987 1585 4042 cum
1615 3969 1793 4045 Dominus
1818 3968 1874 4043 di·

700 4093 803 4163 ceret
817 4079 866 4182 (¹),
892 4087 992 4182 quod
1025 4086 1102 4183 ipse
1133 4086 1318 4162 occiderat
1350 4107 1460 4182 eum3
1489 4087 1688 4184 desperans
1718 4089 1810 4164 dixit
1834 4110 1874 4166 se

700 4206 940 4284 occidendum
957 4198 994 4302 (³)
1020 4209 1067 4284 ab
1091 4208 1264 4283 omnibus
1284 4208 1388 4283 ieris:
1405 4215 1444 4284 et
1467 4215 1593 4285 tamen
1614 4216 1740 4306 postea
1757 4213 1872 4287 inter-

700 4329 816 4404 iectus
841 4335 897 4404 est
920 4329 958 4402 in
987 4329 1089 4425 sylva
1120 4349 1206 4404 cum
1238 4329 1378 4426 sagipta
1402 4317 1479 4423 αθ)
1508 4337 1642 4426 nepote
1670 4353 1751 4406 suo.
1783 4332 1875 4408 llicit

700 4469 810 4546 ergo:
834 4471 947 4542 parve
968 4451 1109 4544 soluere
1126 4452 1269 4542 mondo
1292 4453 1407 4524 l'aire
1419 4453 1537 4545 (mdo,
1555 4451 1642 4545 quia
1662 4453 1783 4526 subito
1800 4453 1873 4526 lul-

700 4568 848 4665 guravit
873 4570 910 4644 in
943 4571 1070 4645 oeulos
1101 4569 1235 4644 mentis
1268 4568 1360 4664 eius,
1390 4576 1428 4646 et
1461 4570 1512 4644 ita
1544 4571 1665 4646 subito
1695 4571 1871 4647 transivit.

701 4688 803 4765 Unde
827 4690 930 4764 dicit:
956 4682 1119 4785 efirppto
1143 4711 1240 4764 nonve
1265 4676 1373 4784 tuoo}
1393 4691 1480 4784 quia
1494 4682 1532 4784 (¹⁵)
1561 4691 1628 4766 luit
1649 4693 1819 4768 terribilis
1836 4699 1875 4768 et

764 4909 792 4973 (¹)
809 4913 863 4971 117,
879 4911 957 4962 ambo
973 4911 1006 4961 nd
1022 4912 1089 4963 vlam
1105 4923 1188 4962 mam.
1455 4910 1485 4976 ρ)
1501 4917 1556 4974 117,
1572 4914 1644 4966 argiv,

765 4987 791 5048 (¹)
807 4986 838 5038 E.
855 4989 1024 5039 occidendum
1040 4989 1074 5040 ob
1090 4989 1142 5040 hoo
1157 4989 1189 5039 ab
1205 4989 1332 5040 omnibus.
1458 4987 1486 5053 (¹)
1503 4995 1557 5052 ll'l,
1574 4991 1607 5042 alr
1622 5005 1676 5044 nuo
1691 4997 1784 5056 nepote
1800 5006 1857 5044 mo.

764 5064 792 5128 l't
808 5064 839 5115 li.
855 5077 870 5114 a
888 5067 941 5125 117,
958 5066 1017 5130 quit
1034 5081 1085 5118 vox
1099 5066 1159 5118 luit.
1666 5096 1669 5105 .
