4542 6842
707 980 777 1048 132
1064 988 1269 1043 eouenruu
1294 988 1513 1044 runonromr

705 1136 852 1233 Virgilii,
879 1134 942 1229 qui
967 1133 1095 1229 pulcre
1120 1132 1292 1228 exprimit
1317 1142 1489 1209 naturam
1512 1134 1677 1229 virtutis3
1701 1133 1799 1209 unde
1823 1131 1879 1205 di·

705 1258 777 1333 cit:
807 1265 841 1330 et
870 1257 939 1347 apli
972 1276 998 1327 o
1026 1276 1101 1327 mc:
1132 1261 1252 1346 mesto
1282 1263 1476 1347 morlupuo
1505 1250 1526 1329 c*
1552 1258 1632 1346 ute,
1663 1254 1766 1350 idest,
1798 1254 1880 1328 talis

706 1384 848 1452 uaturae
874 1381 910 1451 et
939 1373 1182 1469 proprietatis,
1205 1378 1265 1447 cle
1289 1396 1425 1468 snupre
1449 1378 1489 1448 ul
1511 1378 1704 1448 comincinr
1728 1378 1766 1449 di
1790 1380 1879 1447 sotto

705 1492 726 1571 e*
747 1518 871 1589 mune,
897 1494 992 1569 sicut
1012 1495 1091 1590 jam
1118 1500 1293 1590 expertus
1319 1495 1452 1589 luerat,
1475 1503 1642 1587 equanto
1654 1491 1719 1588 piri
1736 1516 1782 1569 ou
1797 1514 1839 1567 su
1860 1514 1880 1567 e

705 1640 784 1691 nucu
805 1620 848 1711 fn
872 1619 976 1707 mule,
1009 1614 1097 1709 quia
1129 1616 1252 1690 minus
1283 1622 1425 1711 gravat.
1459 1614 1502 1689 Et
1535 1615 1593 1689 hic
1623 1621 1720 1709 nota,
1750 1616 1877 1707 lector,

706 1736 805 1832 quod
819 1744 926 1832 poeta
940 1736 999 1809 hic
1015 1735 1286 1833 elegantissime
1299 1734 1470 1810 describit
1482 1734 1657 1811 virtutem
1671 1734 1742 1809 sub
1758 1734 1877 1831 ligura

707 1857 851 1950 montis,
870 1856 933 1951 qui
959 1856 1006 1931 ad
1031 1856 1171 1931 radices
1188 1862 1243 1931 est
1260 1854 1497 1951 asperrimus,
1515 1856 1579 1931 sed
1603 1856 1639 1929 in
1665 1854 1879 1930 summitate

707 1985 762 2054 est
786 1976 1068 2052 amoenissimus.
1091 1977 1161 2050 Per
1182 1977 1251 2050 hoc
1267 1976 1366 2050 enim
1387 1975 1554 2070 ostendit,
1573 1975 1672 2070 quod
1690 1974 1807 2049 virtus
1823 1980 1880 2047 est

706 2098 753 2173 de
786 2097 891 2191 lucili,
926 2103 1016 2170 eta
1056 2095 1230 2190 principio
1267 2094 1413 2170 videtur
1435 2095 1543 2190 dura,
1578 2096 1641 2171 sed
1675 2096 1713 2169 in
1744 2094 1817 2169 fine
1840 2084 1876 2185 (⁴)

708 2225 762 2293 est
787 2216 1013 2291 suavissima.
1044 2218 1150 2305 Quod
1180 2223 1304 2290 autern
1342 2216 1458 2289 virtus
1489 2216 1535 2291 sit
1564 2216 1612 2291 de
1640 2216 1734 2291 incili
1767 2221 1878 2311 patet,

707 2338 792 2432 quia
809 2328 845 2429 ξ’)
872 2336 1052 2410 difficilius
1078 2343 1134 2409 est
1158 2334 1340 2431 attingere
1367 2336 1544 2430 medium,
1566 2357 1679 2430 quam
1698 2342 1880 2429 extrema,
1952 2426 1954 2433 Ι

708 2465 750 2532 ut
775 2457 907 2553 probat
930 2457 1165 2552 philosophus
1192 2456 1312 2550 primo
1337 2456 1568 2551 Ethicorum3
1589 2456 1676 2531 item
1696 2456 1880 2531 difficilius

707 2585 762 2653 ert
787 2579 1002 2653 naturaliter
1028 2577 1228 2652 ascendere
1260 2598 1372 2671 quam
1405 2577 1644 2672 descendere;
1671 2577 1770 2653 unde
1797 2576 1879 2673 plus

707 2698 817 2772 trahit
843 2719 940 2771 unus
965 2697 1152 2791 deorsum,
1173 2718 1287 2791 quam
1305 2697 1432 2772 decem
1460 2719 1630 2792 sursum,
1651 2718 1785 2793 corpus
1808 2717 1878 2770 au·

707 2827 781 2893 tem
809 2818 1045 2913 corruptibile
1069 2826 1248 2915 aggravat
1274 2818 1435 2893 animam
1469 2822 1616 2893 trahens
1644 2818 1743 2893 illam
1769 2817 1879 2893 deor·

707 2962 792 3014 sum
818 2939 1042 3032 admnlum,
1061 2945 1098 3012 et
1115 2960 1190 3013 non
1210 2939 1356 3034 erigens
1372 2958 1520 3012 sursum
1541 2940 1587 3013 ad
1607 2933 1764 3033 bonum}
1783 2956 1879 3033 prae-

708 3068 809 3137 terea
828 3059 967 3133 bonum
994 3057 1033 3131 tit
1054 3064 1196 3132 tantum
1216 3060 1437 3155 simpliciter,
1456 3060 1591 3136 scilicet
1608 3055 1702 3135 bene
1722 3057 1877 3156 agendo,

708 3181 847 3255 malum
874 3200 964 3255 vero
990 3178 1248 3275 multipliciter,
1274 3180 1409 3255 scilicet
1443 3181 1539 3256 male
1568 3182 1710 3279 agendo
1736 3188 1774 3257 et
1798 3200 1879 3256 ces-

669 3337 672 3344 *
707 3301 819 3375 sando
844 3323 867 3375 a
892 3302 1000 3375 bono.
1026 3300 1154 3375 Adhuc
1180 3301 1269 3375 illud
1294 3300 1393 3394 quod
1421 3309 1545 3377 movet
1575 3324 1643 3377 nos
1667 3303 1713 3377 ad
1738 3302 1878 3377 bonum

707 3428 763 3497 ert
787 3427 893 3495 extra
919 3441 996 3515 nos,
1022 3428 1060 3495 et
1089 3428 1145 3496 est
1176 3421 1358 3515 laturum,
1384 3422 1521 3496 scilicet
1546 3429 1685 3497 aeternn
1710 3422 1878 3516 felicitas3

707 3542 797 3618 illud
822 3562 911 3617 vero
937 3541 1037 3635 quod
1062 3563 1129 3616 nos
1155 3549 1281 3616 moret
1305 3542 1352 3616 ad
1378 3542 1517 3617 malum
1550 3551 1607 3617 est
1631 3542 1727 3617 intra
1754 3563 1818 3617 nos
1843 3549 1880 3617 et

708 3669 762 3737 est
788 3682 968 3758 praesens3
995 3661 1106 3758 igitur
1125 3661 1339 3737 delectabile
1355 3664 1627 3759 apprehensum
1647 3684 1713 3759 per
1729 3682 1878 3739 sensum

706 3804 774 3859 seu
807 3781 1104 3878 imaginationem
1137 3783 1184 3857 de
1215 3782 1431 3857 necessitate
1463 3789 1588 3858 movet
1620 3784 1880 3879 concupiscen-

706 3906 808 4000 tiam,
834 3904 897 3979 sed
924 3909 1049 3977 tamen
1074 3903 1210 3978 iatine
1236 3904 1354 3977 virtus
1379 3910 1434 3979 est
1455 3904 1616 3979 maxime
1631 3896 1669 3997 (³)
1686 3902 1880 3980 delectabi-

706 4025 762 4120 lis,
780 4024 916 4099 seilicet
941 4023 1088 4117 quando
1113 4030 1169 4097 est
1190 4024 1284 4098 bene
1303 4024 1502 4098 habitante.
1527 4025 1627 4099 Unde
1644 4024 1879 4120 philosophus

708 4146 826 4242 primo
856 4143 1088 4219 Ethicorum:
1114 4148 1252 4235 dunum
1275 4148 1435 4234 perurat·
1458 4146 1593 4218 luditur
1617 4153 1669 4219 cst
1690 4148 1877 4219 delectatio.

709 4266 832 4339 Virtus
856 4264 968 4359 euim,
994 4263 1088 4337 sicut
1113 4271 1151 4338 et
1176 4264 1325 4339 scientia
1355 4271 1411 4340 est
1439 4262 1553 4339 arbor
1577 4266 1750 4340 altissima
1774 4266 1880 4341 cuius

709 4385 849 4461 radices
879 4390 965 4458 sunt
996 4384 1247 4478 amarissimae,
1273 4384 1417 4459 fructus
1443 4406 1532 4461 rero
1560 4385 1767 4461 dulcissimi.
1794 4386 1880 4460 ldeo

708 4505 804 4580 bene
828 4504 1010 4579 concludit
1035 4504 1229 4602 Virgilius:
1252 4497 1343 4597 perd
1368 4508 1590 4597 puund'elln,
1613 4505 1748 4581 scilicet
1773 4525 1881 4580 mon-

709 4632 828 4719 tanea,
855 4628 882 4697 o·
901 4615 1021 4718 pomi
1043 4646 1163 4716 suune,
1190 4625 1292 4718 idest,
1311 4624 1437 4720 facilis,
1455 4634 1550 4699 muto
1566 4629 1674 4700 cte'n
1696 4648 1738 4700 su
1763 4630 1882 4700 undar

710 4749 809 4840 tilio
834 4746 1000 4836 leupiero,
1018 4746 1153 4820 scilicet
1179 4744 1257 4820 siue
1282 4746 1425 4859 lnltore3
1449 4746 1548 4841 quod
1572 4746 1735 4821 declarat
1752 4746 1879 4843 pulcra

709 4867 936 4961 metaphora,
963 4886 1059 4939 come
1084 4888 1108 4937 o
1131 4868 1283 4940 secondo
1308 4862 1368 4959 piri
1394 4870 1547 4942 laudor
1575 4890 1642 4961 per
1670 4890 1774 4960 nuce,
1792 4890 1879 4964 sup-

771 5056 800 5120 (¹)
815 5057 846 5108 B.
862 5056 913 5106 dne
928 5056 1014 5105 rueris
1028 5060 1076 5105 ert.

770 5130 799 5193 (¹)
814 5132 847 5183 B.
862 5132 922 5195 qui·
936 5130 1047 5183 dlllleilir
1060 5136 1108 5193 est,
1124 5136 1152 5182 ct
1167 5128 1304 5182 difficilior.
1490 5130 1517 5194 (¹)
1533 5130 1559 5183 S.
1576 5132 1666 5197 magis
