4542 6842
708 965 778 1031 112
1064 975 1269 1031 couuuruu
1295 976 1516 1031 ruaurronn

704 1142 791 1197 rum
817 1122 1132 1217 superbissimum.
1147 1122 1200 1195 Ex
1218 1122 1274 1195 bis
1292 1142 1383 1218 ergo
1401 1121 1483 1197 ride
1500 1121 1600 1215 quod
1618 1130 1725 1217 poeta
1743 1128 1881 1219 noster,

704 1240 742 1314 in
759 1241 826 1317 ista
844 1242 998 1317 materia
1025 1243 1060 1316 in
1087 1264 1161 1337 qua
1188 1248 1320 1317 tractat
1345 1242 1392 1317 de
1419 1241 1616 1317 rebellibus
1639 1242 1815 1337 ecclesiae,
1836 1243 1882 1318 de

703 1360 882 1437 industria
908 1364 1018 1459 elegit
1035 1363 1101 1438 sibi
1120 1365 1214 1438 banc
1232 1363 1397 1457 domum,
1415 1383 1490 1456 qua
1507 1363 1607 1437 nulla
1625 1384 1791 1458 unquam
1811 1364 1880 1439 luit

702 1479 866 1555 infestior
891 1483 1073 1578 ecclesiae3
1099 1484 1147 1559 de
1177 1502 1252 1580 qua
1282 1482 1394 1557 domo
1424 1489 1543 1579 potest
1572 1483 1641 1557 dioi
1668 1484 1757 1558 illud
1783 1485 1882 1579 quod

705 1600 791 1675 dicit
807 1604 979 1677 Lucanus
995 1604 1042 1678 de
1058 1604 1170 1678 domo
1189 1603 1432 1700 pompeiana:
1455 1609 1485 1678 0
1509 1606 1714 1677 manando
1735 1606 1881 1678 morus!

704 1724 749 1797 ut
774 1724 894 1798 subdit
919 1725 1127 1800 llanlredus
1146 1724 1344 1820 quodlicet
1362 1725 1412 1800 sic
1429 1723 1573 1819 dixerit,
1591 1725 1637 1800 de
1654 1725 1764 1822 longo
1784 1730 1880 1799 tem-

703 1863 795 1939 pore
821 1844 1052 1941 relegationis
1080 1850 1200 1941 potest
1233 1844 1392 1921 breviari
1422 1845 1592 1941 precibus
1619 1844 1749 1941 J'ustis3
1782 1844 1879 1920 unde

703 1962 811 2038 dicit:
838 1968 937 2039 rotro
961 1988 999 2038 se
1031 1968 1084 2039 tal
1105 1968 1256 2056 demota,
1282 1964 1385 2061 idest,
1406 1965 1588 2061 judicium
1613 1965 1691 2059 Dei,
1717 1984 1790 2039 ooo
1822 1966 1879 2038 di·

704 2092 806 2157 vcota
817 2080 880 2177 piri
897 2092 995 2158 corto
1007 2106 1076 2178 per
1093 2086 1184 2158 buon
1204 2088 1353 2178 oriendi.
1376 2086 1419 2159 ut
1436 2086 1567 2159 ultimo
1592 2084 1776 2159 concludit
1793 2104 1878 2158 ora-

703 2202 840 2279 tionem
859 2226 976 2300 suam,
994 2206 1142 2280 dicens:
1169 2208 1248 2279 cedi
1264 2208 1407 2279 oramot
1429 2226 1467 2279 se
1483 2214 1518 2279 to
1535 2208 1583 2279 mi
1604 2208 1690 2298 poci
1710 2208 1774 2300 sor
1800 2208 1879 2279 licto

700 2327 890 2399 revelando
916 2329 990 2399 allo
1023 2329 1095 2399 mio
1124 2327 1241 2399 doooo
1269 2329 1461 2419 Gostooza,
1489 2324 1634 2419 scilicet,
1671 2324 1753 2399 filiae
1788 2345 1879 2419 suae,

700 2466 785 2541 quae
811 2445 956 2522 vivebat
981 2448 1112 2542 adbuc,
1139 2454 1176 2522 et
1202 2447 1239 2521 in
1264 2467 1340 2540 qua
1365 2447 1442 2520 sola
1468 2446 1637 2540 sperabat
1663 2444 1699 2519 in
1726 2444 1877 2539 mundo,

700 2587 785 2660 quae
815 2567 883 2641 luit
914 2568 1196 2651 clementissima
1228 2566 1388 2662 domina,
1418 2565 1464 2642 de
1495 2588 1569 2661 qua
1604 2587 1700 2661 saepe
1734 2566 1878 2640 dicetur

699 2688 821 2762 adbuc
847 2688 884 2761 in
910 2688 978 2763 isto
999 2688 1102 2763 libro.
1120 2690 1166 2762 ut
1183 2689 1316 2765 merito
1335 2695 1442 2763 vocat
1459 2687 1707 2763 Constantiam
1726 2687 1874 2781 bonam,

701 2830 786 2904 quae
811 2810 929 2883 noluit
959 2810 1053 2884 mori
1086 2811 1122 2883 in
1156 2810 1404 2906 indignatione
1435 2809 1609 2904 ecclesie,
1644 2808 1738 2883 sicut
1770 2813 1877 2903 pater

701 2950 792 3003 suus
816 2930 1034 3003 Mantredus.
1061 2930 1164 3005 Unde
1193 2930 1292 3006 venit
1324 2931 1480 3004 Romam
1512 2949 1597 3004 cum
1626 2946 1714 3024 rege
1740 2926 1876 3001 Iacobo

701 3050 774 3125 lilio
789 3071 869 3145 suo,
884 3057 921 3126 et
938 3051 1252 3127 recommunioata
1267 3057 1322 3126 est
1339 3050 1511 3144 ecclesie,
1530 3070 1626 3123 corre
1641 3052 1757 3123 m'lrui
1773 3052 1874 3140 asro,

701 3170 803 3265 idest,
835 3171 992 3265 qualiter
1024 3169 1143 3245 vidisti
1168 3192 1230 3246 me
1260 3172 1416 3265 salvum,
1441 3178 1475 3243 et
1505 3172 1614 3243 ooclrc
1638 3176 1709 3243 esto
1734 3172 1874 3261 moun,

699 3290 845 3386 scilicet,
860 3290 1017 3386 qualiter
1034 3297 1140 3366 vetor
1160 3292 1299 3366 intrare
1318 3290 1588 3387 purgatorium,
1606 3292 1666 3362 obe
1682 3292 1753 3382 qut,
1770 3288 1874 3383 idest,

699 3410 738 3483 in
770 3411 839 3485 isto
874 3413 966 3506 loco,
993 3414 1099 3485 orolto
1123 3414 1307 3486 s'aooozn
1333 3434 1401 3505 per
1426 3415 1504 3504 quoi
1534 3412 1572 3484 di
1600 3400 1649 3502 ld,
1675 3408 1777 3504 idest,
1804 3429 1872 3505 per

698 3528 862 3607 virentes
888 3533 925 3605 in
949 3532 1085 3607 saeculo
1111 3539 1234 3607 vestro
1258 3532 1304 3607 ad
1330 3532 1428 3628 qnod
1455 3531 1641 3606 rediturus
1667 3551 1716 3605 es.
