4542 6842
716 979 855 1040 esurus
880 978 1039 1035 uncruus
1063 978 1192 1035 nouus
1464 967 1535 1041 tet

360 1130 529 1223 [ommino
554 1128 678 1219 bulbo,·
704 1126 772 1199 boe
791 1123 936 1221 respicit
952 1124 1145 1199 avaritiam
1164 1142 1257 1217 quew
1273 1144 1348 1198 non
1373 1124 1536 1219 loquitur

363 1249 462 1323 clare
492 1254 528 1323 et
557 1252 695 1341 aperte,
730 1244 794 1320 sed
824 1245 997 1341 implicite
1026 1251 1064 1319 et
1097 1244 1241 1319 doloso:
1275 1245 1416 1341 gulam,
1449 1246 1538 1340 quia

363 1367 522 1443 ebrietas
548 1366 631 1441 lacit
656 1365 819 1461 linguam
845 1384 1025 1462 grossam,
1052 1364 1101 1439 ita
1128 1370 1170 1437 ut
1198 1383 1273 1438 non
1303 1366 1415 1460 possit
1446 1365 1538 1441 arti-

364 1488 485 1563 culate
519 1485 642 1581 loqui:
677 1484 879 1577 luxuriam,
914 1504 999 1579 quae
1034 1484 1118 1559 iacit
1157 1484 1345 1559 bominem
1381 1485 1535 1580 adulari,

365 1607 505 1703 lingere
530 1612 567 1681 et
592 1604 706 1679 multa
734 1604 875 1700 lingere
901 1604 1013 1699 lals03
1039 1606 1132 1695 nepti
1157 1606 1253 1677 oculi
1278 1607 1447 1696 puerulo:
1465 1606 1536 1683 boc

364 1726 448 1803 iacit
473 1725 638 1820 avaritie,
663 1723 750 1818 qnia
775 1744 912 1799 avarus
937 1744 1011 1799 non
1036 1723 1135 1799 videt
1162 1731 1275 1819 recte,
1297 1724 1409 1799 nimio
1434 1726 1538 1821 cupi-

364 1847 477 1925 ditate
501 1864 623 1921 cecus
653 1852 727 1919 tam
767 1844 935 1939 habendi,
961 1864 1075 1939 quarn
1110 1843 1314 1936 retinendl;
1347 1846 1419 1920 boc
1451 1846 1537 1923 lucit

364 1967 465 2065 pola,
495 1986 580 2061 quae
617 1964 734 2041 reddit
762 1965 890 2039 oculos
921 1964 1110 2059 lippientes
1142 1970 1180 2037 ot
1212 1963 1334 2037 visum
1363 1964 1538 2061 destruit3

365 2086 514 2163 luxuria
540 2086 658 2165 multo
684 2084 930 2179 fortiuscule
951 2082 1106 2159 olluscat
1127 2084 1256 2157 oculos
1273 2084 1482 2178 corporales
1502 2093 1541 2161 et

365 2206 640 2299 intellectuales,
666 2210 703 2280 et
728 2204 816 2299 quid
840 2204 969 2279 deceat
994 2224 1068 2279 non
1093 2204 1192 2279 videt
1223 2203 1318 2277 ullus
1342 2224 1494 2280 amaus:
1520 2228 1541 2279 e

364 2348 475 2421 sopra
490 2324 576 2420 ipie‘
589 2329 751 2415 distorto,
768 2324 849 2399 talis
866 2330 920 2399 est
937 2324 1089 2399 avaritia
1103 2345 1189 2419 quae
1209 2345 1416 2419 numquam
1437 2334 1538 2403 recte
1573 2398 1577 2404 ,

365 2448 510 2543 incedit,
529 2468 597 2523 nec
609 2447 750 2543 judicat
767 2452 868 2521 reeta
880 2436 917 2537 (⁴)
932 2446 1050 2541 lance3
1069 2446 1158 2541 gula
1174 2446 1291 2541 peius,
1309 2447 1396 2541 quia
1413 2449 1539 2525 ebrius

366 2574 515 2666 praestat
541 2569 655 2643 risum
683 2566 888 2642 videntibus
911 2565 1031 2661 ipsum
1052 2565 1246 2640 ambulare
1270 2573 1455 2643 tortuose:
1478 2570 1539 2643 lu-

367 2689 475 2764 xuria
502 2688 658 2784 pessime
683 2686 782 2761 vadit
808 2706 873 2779 per
898 2684 996 2759 viam
1023 2690 1175 2779 rectam,
1193 2706 1260 2759 coo
1280 2689 1311 2760 le
1335 2708 1419 2761 mou
1436 2709 1539 2764 mon·

366 2812 439 2901 cto,
466 2808 562 2883 istud
582 2813 682 2904 patet
707 2807 744 2881 iu
770 2826 896 2901 avaro,
917 2805 981 2899 qui
996 2796 1032 2897 (¹)
1053 2805 1140 2880 nibil
1164 2806 1237 2899 dat,
1256 2806 1306 2881 nil
1327 2816 1429 2885 recte
1454 2811 1540 2885 iacit

368 2930 436 3005 nisi
461 2952 549 3006 curn
576 2929 754 3023 moritnr;
780 2927 879 3002 unde
903 2928 1014 3023 paulo
1038 2926 1131 3001 inira
1157 2928 1285 3003 audies
1310 2931 1410 3024 quod
1435 2934 1539 3009 everi

368 3056 465 3125 stant
489 3049 660 3123 manibus
685 3054 723 3123 et
747 3046 899 3144 pedibus
924 3046 1043 3142 ligati3
1060 3048 1213 3142 gulosus
1235 3049 1322 3123 nihil
1348 3052 1428 3126 vult
1452 3074 1542 3149 ope·

369 3169 455 3263 rari,
481 3168 694 3243 luxuriosus
728 3168 861 3261 minus,
887 3166 963 3241 imo
988 3166 1136 3241 luxuria
1163 3167 1308 3243 iuretur
1338 3169 1469 3247 inertia
1501 3179 1539 3248 et

367 3288 516 3383 accidia,
534 3310 553 3363 e
574 3292 611 3363 dt
633 3291 749 3363 colore
773 3287 924 3361 souitu:
941 3286 1011 3361 boo
1036 3285 1249 3361 verificatur
1267 3287 1306 3361 in
1325 3310 1451 3384 avaro,
1469 3314 1542 3389 gu·
1581 3316 1591 3339 ·

368 3412 446 3487 loso
478 3416 515 3487 et
530 3466 533 3473 .
551 3409 742 3483 luxurioso
775 3405 838 3501 qui
876 3407 1014 3483 babent
1048 3406 1146 3481 bona
1179 3414 1323 3481 tantum
1358 3409 1540 3515 simulata.
1621 3494 1630 3511 ,

367 3531 504 3607 Omnes
529 3530 587 3605 isti
612 3526 860 3604 communiter
884 3527 1021 3602 babent
1047 3526 1177 3602 taciem
1204 3528 1373 3621 pallidam
1400 3536 1438 3604 et
1463 3531 1549 3607 sino·

368 3650 512 3745 colore3
540 3649 631 3743 talis,
651 3649 815 3743 inquam,
842 3646 988 3741 mulier,
1005 3648 1055 3719 mi
1071 3665 1180 3719 oenoe
1202 3650 1241 3719 in
1265 3667 1390 3741 coquo,
1416 3642 1538 3744 boc(⁸)

369 3777 424 3846 est
448 3777 597 3867 propter
622 3768 905 3844 abstractionem
935 3766 1067 3843 mentis
1097 3766 1197 3841 dedit
1226 3786 1267 3843 se
1297 3768 1344 3843 ad
1377 3771 1543 3847 conside-

370 3891 525 3967 randum
553 3890 641 3985 quid
667 3895 764 3965 esset
789 3888 864 3983 ipse
890 3888 1069 3983 voluptas,
1093 3893 1130 3963 et
1156 3887 1244 3963 vidit
1269 3888 1369 3982 quod
1395 3892 1544 3969 realiter

370 4016 452 4087 erat
475 4010 555 4085 talis
580 4009 610 4085 si
635 4010 730 4085 bene
755 3995 1003 4103 inspiciturl‘).
1018 4011 1132 4081 -lo.
1152 4007 1218 4082 llic
1235 4013 1342 4102 poeta
1363 4009 1543 4107 descripta

371 4137 504 4207 natura
529 4150 619 4205 vern
644 4130 756 4225 ipsius
782 4128 987 4224 voluptatis,
1017 4128 1188 4204 describit
1215 4128 1330 4223 ipsam
1360 4150 1544 4226 apparen-

371 4252 460 4328 tiom
486 4250 627 4327 betam:
656 4257 694 4327 et
719 4249 822 4347 lingit
846 4249 1026 4325 subtiliter
1050 4249 1152 4344 quod
1176 4249 1400 4344 inspectione
1411 4242 1447 4346 (ἢ
1475 4272 1544 4331 sua

371 4371 432 4447 ille
457 4372 532 4447 visu
559 4377 615 4447 est
640 4376 716 4445 tota
742 4369 949 4463 reformari,
974 4390 1041 4464 per
1065 4369 1165 4463 quod
1190 4370 1251 4445 dat
1276 4369 1427 4469 intelligi
1445 4372 1545 4467 quod

372 4488 564 4567 infirmitas
590 4488 740 4565 humani
768 4487 867 4563 visus
893 4488 978 4563 lacit
1002 4488 1100 4563 illum
1128 4488 1242 4565 videri
1265 4487 1431 4585 pulcram
1459 4512 1545 4587 que

372 4630 446 4687 non
471 4618 535 4687 est.
562 4610 664 4687 Unde
690 4609 852 4704 loquitur
877 4608 1036 4708 proprie,
1058 4615 1096 4685 et
1124 4610 1228 4685 dicit:
1253 4615 1296 4685 lo
1326 4614 1364 4686 to
1388 4615 1544 4707 muana,

370 4730 474 4827 idest
499 4752 585 4806 cum
611 4730 854 4807 admiratione
879 4728 1134 4826 roepiciebam3
1161 4737 1199 4809 et
1229 4731 1282 4807 sic
1314 4734 1430 4831 tangit
1456 4736 1544 4830 quid

434 4954 461 5018 (¹)
478 4957 532 5013 117,
549 4967 623 5018 equa
639 4954 722 5005 lance.
910 4950 940 5017 Γ)
956 4953 987 5005 lt.
1003 4954 1064 5018 qula
1080 4954 1154 5005 nturi.

434 5028 461 5093 ω
478 5032 532 5091 117,
549 5030 600 5081 boc
615 5033 655 5081 est
670 5030 740 5095 quod
757 5044 804 5094 per
819 5029 1028 5082 abstractionem.

434 5104 462 5168 (¹)
479 5108 533 5166 117,
549 5105 708 5169 inspiciatur.
913 5104 942 5167 (⁸)
955 5106 986 5158 11.
1003 5118 1019 5155 e
1035 5106 1061 5157 S.
1078 5120 1110 5158 ex
1125 5107 1292 5172 lmpectlons
