4542 6842
818 949 959 1007 murus
982 952 1128 1007 suxros
1491 942 1560 1009 167

388 1104 427 1173 et
441 1098 502 1174 aiii
526 1098 574 1173 ad
598 1097 793 1193 sinistram,
810 1104 848 1173 et
873 1104 1005 1195 rogant
1029 1098 1161 1195 singuli
1182 1119 1282 1194 eum,
1303 1106 1346 1173 ut
1362 1099 1424 1175 det
1444 1099 1496 1174 eis
1513 1099 1560 1175 de

389 1218 594 1311 evictioue3
632 1218 710 1313 ipse
728 1209 766 1310 (¹)
803 1225 930 1293 autem
968 1238 1043 1293 nou
1081 1225 1303 1313 remoratur,
1343 1219 1406 1295 sed
1444 1219 1562 1297 conti·

388 1358 464 1414 nuo
489 1338 613 1413 eundo
639 1336 793 1435 porrigit
824 1358 977 1413 manum
1015 1338 1071 1411 isti
1109 1344 1148 1413 et
1181 1338 1242 1432 illi,
1276 1346 1315 1415 et
1348 1339 1396 1414 ita
1431 1340 1562 1435 paula-
1641 1382 1642 1387 κ

385 1459 452 1533 tim
478 1466 657 1535 exonerat
682 1478 723 1535 se
751 1480 775 1533 a
799 1478 993 1554 pressum3
1025 1459 1075 1534 ita
1106 1478 1205 1535 nunc
1240 1466 1346 1555 poeta
1373 1468 1498 1536 noster
1520 1460 1558 1535 in

386 1580 455 1656 ista
479 1580 590 1655 turba
605 1571 643 1672 (¹)
668 1579 831 1653 maxima
851 1579 968 1654 victor
985 1578 1158 1656 vitiorum
1177 1580 1312 1655 ditatus
1329 1580 1450 1657 divina
1470 1602 1560 1678 gra·

388 1700 448 1795 tia,
474 1722 550 1796 qua
573 1700 631 1774 isti
657 1699 877 1795 indigebant,
895 1699 1129 1795 promittebat
1147 1700 1211 1774 uni
1233 1700 1325 1775 dare
1347 1720 1488 1795 preces,
1504 1702 1559 1775 ai·

386 1821 456 1897 teri
481 1820 753 1915 eleemosinam,
777 1820 884 1895 atteri
909 1820 1173 1896 commendare
1198 1820 1317 1917 ipsum
1344 1822 1431 1917 suis,
1452 1822 1558 1897 alteri

386 1960 427 2017 se
452 1941 574 2017 iacere
598 1940 822 2016 mentionem
848 1940 895 2015 de
920 1960 976 2035 eo,
996 1947 1034 2017 et
1058 1940 1233 2016 continuo
1251 1942 1337 2037 ibat,
1355 1962 1403 2019 ne
1420 1962 1566 2042 erpen-¹

385 2060 491 2137 deret
515 2067 661 2157 tempus
691 2061 728 2135 in
759 2060 848 2155 istis,
874 2060 1079 2135 secundum
1105 2062 1205 2156 quod
1236 2069 1460 2159 preceperat
1492 2062 1559 2137 sibi

386 2179 567 2278 Virgilius,
593 2182 679 2277 quia
705 2180 813 2256 nimis
838 2181 1024 2257 habuisset
1048 2181 1171 2258 iacere
1196 2183 1225 2257 si
1255 2183 1430 2259 voluisset
1455 2184 1560 2259 satis-

385 2302 507 2377 facere
531 2302 705 2377 omnibus
721 2302 798 2377 istis
815 2302 971 2377 mortuis
988 2302 1268 2399 impiorantibus
1285 2304 1460 2402 suffragia
1480 2304 1561 2380 ani·

386 2441 532 2496 marum
559 2423 619 2497 vel
644 2422 780 2497 samam
806 2422 855 2497 ab
880 2442 950 2515 eo;
972 2422 1054 2497 ideo
1079 2423 1245 2498 nominat
1269 2425 1388 2498 solum
1415 2424 1559 2519 aliquos

384 2562 532 2637 paucos.
562 2544 617 2617 Ad
650 2544 794 2618 literam
819 2563 934 2640 ergo:
960 2542 1045 2617 dicit
1074 2551 1206 2639 poeta:
1241 2547 1339 2619 colui
1366 2547 1426 2618 cde
1450 2547 1559 2639 perde

237 2740 241 2747 ,
384 2682 422 2735 rc
444 2663 565 2737 riman
588 2666 735 2755 mooe,
760 2663 847 2759 quia
876 2662 1046 2757 exposuit
1077 2684 1189 2738 suum
1223 2663 1390 2759 iortunae,
1417 2668 1559 2763 quoodo

384 2785 541 2875 sipara
563 2786 591 2857 ii
612 2781 736 2874 piarem
760 2785 853 2857 della
878 2803 986 2872 zora,
1008 2790 1046 2857 et
1070 2782 1175 2858 dicit:
1195 2786 1375 2876 adpetendo
1401 2786 1431 2858 lc
1456 2788 1558 2877 volte,

385 2924 405 2974 e
429 2904 529 2975 tirio
552 2905 717 2995 impcro;
743 2900 773 2976 si
799 2906 925 2976 tamen
949 2902 1091 2978 discere
1115 2909 1233 2998 potest
1252 2903 1389 2999 aliquid
1406 2903 1443 2979 iu
1457 2896 1494 2998 (Β)
1514 2926 1557 2981 ea

384 3027 479 3117 arte,
491 3021 528 3095 in
541 3043 615 3118 qua
635 3021 760 3123 magni
772 3022 937 3119 magistri
949 3029 1035 3097 sunt
1047 3042 1193 3118 semper
1207 3022 1380 3098 mendici:
1395 3045 1512 3119 quare
1520 3012 1558 3119 (⁸)

386 3142 444 3218 hic
468 3163 542 3218 non
568 3142 716 3219 intendo
740 3142 830 3217 dare
855 3142 1058 3218 doctrinam
1092 3144 1203 3217 huius
1234 3143 1334 3237 artis,
1365 3149 1444 3218 tum
1472 3144 1557 3239 quia

385 3285 468 3338 sum
495 3262 640 3359 penitus
665 3264 817 3359 ignarus
836 3262 928 3357 eius,
946 3270 1027 3337 tum
1046 3264 1133 3359 quia
1150 3264 1251 3338 nuiia
1275 3263 1384 3359 pestis
1401 3272 1456 3339 est
1473 3285 1559 3359 per-

386 3384 553 3460 niciosior
573 3383 610 3458 in
629 3384 779 3458 mundo.
794 3384 943 3458 Nulium
961 3390 1018 3459 est
1034 3385 1133 3460 enim
1151 3404 1305 3461 enorme
1323 3384 1557 3479 maleficium,
1707 3410 1709 3417 J

384 3505 484 3602 quod
509 3508 610 3581 lusor
626 3504 779 3581 faciliter
796 3525 870 3580 non
889 3505 1006 3598 iaciat,
1024 3506 1119 3580 sicut
1138 3506 1291 3600 iortum,
1311 3504 1557 3599 mendacium,

384 3627 601 3723 periurium,
628 3625 870 3722 proditionem
895 3632 990 3720 eto.;
1016 3626 1085 3701 hoc
1111 3633 1153 3700 ut
1177 3626 1214 3699 iu
1239 3625 1406 3721 pluribus
1424 3624 1557 3699 intelli-

384 3768 460 3845 gas.
481 3747 561 3822 Non
581 3746 680 3821 enim
700 3746 833 3839 loquor
853 3767 952 3821 nunc
968 3746 1014 3820 de
1037 3746 1215 3843 Augusto,
1234 3746 1294 3821 vel
1313 3744 1476 3839 Claudio,
1498 3744 1556 3819 vei

384 3868 508 3961 aliquo
533 3866 682 3942 domino
707 3865 829 3960 divite,
855 3866 939 3941 iicet
953 3856 990 3957 (⁶)
1015 3865 1127 3939 etiam
1158 3866 1250 3940 tales
1283 3862 1398 3939 muita
1429 3865 1557 3960 culpa·

385 3987 470 4063 bilia
496 3985 648 4061 iecerint
673 3991 822 4081 propter
846 3984 988 4060 ludum.
1014 3985 1058 4057 lit
1083 3985 1198 4082 tangit
1232 3985 1382 4060 modum
1398 3975 1434 4077 (⁸)
1463 3986 1557 4059 aite-

385 4106 463 4182 rius
487 4106 612 4202 partis,
637 4106 783 4180 diceus:
808 4126 874 4179 coa
900 4108 1042 4196 raico,
1062 4104 1211 4199 scilicet,
1230 4105 1379 4199 victore,
1396 4127 1434 4178 sc
1450 4126 1494 4179 ce
1511 4126 1557 4179 eu
1612 4140 1615 4149 Δ

384 4236 470 4303 tutta
485 4232 522 4301 ic
537 4234 649 4319 pente,
666 4226 763 4301 ricto
789 4225 916 4300 relicto
941 4226 1036 4320 solo,
1056 4228 1154 4317 quat,
1173 4225 1275 4319 idest,
1296 4224 1439 4321 aliquis,
1455 4229 1507 4318 pii
1526 4228 1558 4299 si

383 4370 468 4423 roco
491 4370 516 4423 c
542 4354 664 4438 meac,
681 4347 784 4440 idest,
806 4346 950 4421 reducit
972 4366 1013 4421 se
1036 4344 1320 4421 admemoriam
1347 4346 1395 4420 iiii
1417 4346 1446 4420 si
1464 4347 1558 4421 torte

384 4476 466 4544 erat
489 4468 623 4544 obiitus
647 4468 727 4542 eius
752 4465 788 4540 in
814 4466 875 4541 iiia
900 4465 1023 4541 laetitia
1047 4472 1086 4541 et
1110 4486 1307 4562 pressura3
1339 4467 1402 4541 sed
1416 4457 1452 4559 (⁷)
1481 4468 1558 4561 ipse

237 4654 243 4659 .
309 4689 312 4695 Ι
385 4589 434 4666 ita
458 4590 628 4700 obsessus
652 4587 739 4691 quid
764 4588 872 4663 iaciat
895 4586 1002 4662 audi:
1028 4588 1060 4659 ei
1082 4607 1156 4659 ooo
1183 4589 1415 4678 surrectae
1440 4594 1557 4679 questo

445 4855 473 4915 (¹)
488 4852 514 4905 S.
529 4854 583 4917 ipse
600 4860 693 4905 tamen.
1051 4848 1079 4914 (¹)
1095 4852 1127 4903 Ε.
1144 4852 1220 4903 turba
1237 4852 1359 4903 vitiorum
1375 4852 1477 4905 ditatus.

446 4930 475 4993 (⁸)
492 4934 546 4989 iit,
562 4944 595 4981 ex
610 4944 640 4982 ca
657 4936 722 4982 crte.
1050 4929 1078 4991 (⁸)
1094 4930 1125 4981 E.
1142 4930 1202 4994 quic
1219 4930 1270 4979 iric.

445 5006 473 5071 (⁸)
489 5007 520 5057 li.
537 5006 597 5060 iicet
613 5008 683 5058 enim
699 5008 764 5059 isias
777 5006 862 5059 muita
876 5007 956 5059 ettam
971 5005 1108 5070 culpabitis
1123 5006 1253 5058 iecerunt.

447 5082 474 5145 ς’)
491 5087 537 5134 1¹⁷
552 5096 569 5133 e
585 5083 615 5134 E.
630 5097 741 5136 morem.
1052 5081 1080 5145 θ)
1096 5082 1126 5133 lt
1143 5082 1188 5133 scd
1204 5082 1239 5133 its
1255 5082 1380 5133 obsessus.
