<?xml version="1.0" encoding="UTF-8"?>
<!DOCTYPE html PUBLIC "-//W3C//DTD XHTML 1.0 Transitional//EN"
    "http://www.w3.org/TR/xhtml1/DTD/xhtml1-transitional.dtd">
<html xmlns="http://www.w3.org/1999/xhtml" xml:lang="en" lang="en">
 <head>
  <title>
</title>
<meta http-equiv="Content-Type" content="text/html;charset=utf-8" />
  <meta name='ocr-system' content='tesseract 3.04.00' />
  <meta name='ocr-capabilities' content='ocr_page ocr_carea ocr_par ocr_line ocrx_word'/>
</head>
<body>
  <div class='ocr_page' id='page_1' title='image "./comentumsuperda01unkngoog_0143.png"; bbox 0 0 4542 6842; ppageno 0'>
   <div class='ocr_carea' id='block_1_1' title="bbox 790 956 1547 1038">
    <p class='ocr_par' dir='ltr' id='par_1_1' title="bbox 790 956 1547 1038">
     <span class='ocr_line' id='line_1_1' title="bbox 790 956 1547 1038; baseline 0.001 -16"><span class='ocrx_word' id='word_1_1' title='bbox 790 966 929 1024; x_wconf 76' lang='lat' dir='ltr'>murus</span> <span class='ocrx_word' id='word_1_2' title='bbox 954 970 1133 1038; x_wconf 74' lang='lat' dir='ltr'>ouranos.</span> <span class='ocrx_word' id='word_1_3' title='bbox 1479 956 1547 1024; x_wconf 79' lang='lat'>129</span> 
     </span>
    </p>
   </div>
   <div class='ocr_carea' id='block_1_2' title="bbox 342 1111 1610 4939">
    <p class='ocr_par' dir='ltr' id='par_1_2' title="bbox 342 1111 1610 4939">
     <span class='ocr_line' id='line_1_2' title="bbox 375 1111 1550 1213; baseline 0.002 -26"><span class='ocrx_word' id='word_1_4' title='bbox 375 1111 515 1187; x_wconf 80' lang='lat' dir='ltr'>directe</span> <span class='ocrx_word' id='word_1_5' title='bbox 542 1112 730 1207; x_wconf 91' lang='lat' dir='ltr'>oppositus</span> <span class='ocrx_word' id='word_1_6' title='bbox 761 1113 846 1189; x_wconf 87' lang='lat' dir='ltr'>huic</span> <span class='ocrx_word' id='word_1_7' title='bbox 878 1116 992 1190; x_wconf 92' lang='lat' dir='ltr'>monti</span> <span class='ocrx_word' id='word_1_8' title='bbox 1024 1113 1241 1213; x_wconf 86' lang='lat' dir='ltr'>purgatorii,</span> <span class='ocrx_word' id='word_1_9' title='bbox 1273 1114 1309 1188; x_wconf 93' lang='lat' dir='ltr'>in</span> <span class='ocrx_word' id='word_1_10' title='bbox 1345 1136 1420 1209; x_wconf 92' lang='lat' dir='ltr'>quo</span> <span class='ocrx_word' id='word_1_11' title='bbox 1452 1134 1550 1189; x_wconf 90' lang='lat' dir='ltr'>nunc</span> 
     </span>
     <span class='ocr_line' id='line_1_3' title="bbox 376 1226 1550 1329; baseline 0.001 -22"><span class='ocrx_word' id='word_1_12' title='bbox 376 1251 433 1325; x_wconf 77' lang='lat' dir='ltr'>es,</span> <span class='ocrx_word' id='word_1_13' title='bbox 460 1239 498 1307; x_wconf 91' lang='lat' dir='ltr'>et</span> <span class='ocrx_word' id='word_1_14' title='bbox 524 1230 661 1307; x_wconf 88' lang='lat' dir='ltr'>videbis</span> <span class='ocrx_word' id='word_1_15' title='bbox 692 1233 791 1307; x_wconf 91' lang='lat' dir='ltr'>clare</span> <span class='ocrx_word' id='word_1_16' title='bbox 816 1236 1003 1328; x_wconf 91' lang='lat' dir='ltr'>quomodo</span> <span class='ocrx_word' id='word_1_17' title='bbox 1034 1236 1088 1310; x_wconf 92' lang='lat' dir='ltr'>sol</span> <span class='ocrx_word' id='word_1_18' title='bbox 1115 1241 1288 1311; x_wconf 88' lang='lat' dir='ltr'>movetur</span> <span class='ocrx_word' id='word_1_19' title='bbox 1304 1226 1340 1329; x_wconf 80' lang='lat'>(¹)</span> <span class='ocrx_word' id='word_1_20' title='bbox 1367 1235 1471 1310; x_wconf 87' lang='lat' dir='ltr'>nobis</span> <span class='ocrx_word' id='word_1_21' title='bbox 1495 1234 1550 1309; x_wconf 89' lang='lat' dir='ltr'>di-</span> 
     </span>
     <span class='ocr_line' id='line_1_4' title="bbox 376 1352 1549 1452; baseline 0.003 -25"><span class='ocrx_word' id='word_1_22' title='bbox 376 1352 531 1447; x_wconf 85' lang='lat' dir='ltr'>spariter</span> <span class='ocrx_word' id='word_1_23' title='bbox 556 1352 604 1428; x_wconf 89' lang='lat' dir='ltr'>ab</span> <span class='ocrx_word' id='word_1_24' title='bbox 629 1353 698 1427; x_wconf 88' lang='lat' dir='ltr'>illis</span> <span class='ocrx_word' id='word_1_25' title='bbox 723 1354 787 1447; x_wconf 85' lang='lat' dir='ltr'>qui</span> <span class='ocrx_word' id='word_1_26' title='bbox 812 1363 898 1430; x_wconf 89' lang='lat' dir='ltr'>sunt</span> <span class='ocrx_word' id='word_1_27' title='bbox 931 1356 993 1451; x_wconf 89' lang='lat' dir='ltr'>ibi,</span> <span class='ocrx_word' id='word_1_28' title='bbox 1025 1356 1113 1452; x_wconf 86' lang='lat' dir='ltr'>quia</span> <span class='ocrx_word' id='word_1_29' title='bbox 1139 1356 1274 1431; x_wconf 87' lang='lat' dir='ltr'>scilicet</span> <span class='ocrx_word' id='word_1_30' title='bbox 1302 1356 1385 1430; x_wconf 89' lang='lat' dir='ltr'>lerit</span> <span class='ocrx_word' id='word_1_31' title='bbox 1416 1356 1495 1430; x_wconf 88' lang='lat' dir='ltr'>illos</span> <span class='ocrx_word' id='word_1_32' title='bbox 1526 1378 1549 1430; x_wconf 90' lang='lat' dir='ltr'>a</span> 
     </span>
     <span class='ocr_line' id='line_1_5' title="bbox 375 1472 1550 1575; baseline 0.003 -28"><span class='ocrx_word' id='word_1_33' title='bbox 375 1472 517 1567; x_wconf 84' lang='lat' dir='ltr'>(lextra,</span> <span class='ocrx_word' id='word_1_34' title='bbox 542 1480 581 1549; x_wconf 90' lang='lat' dir='ltr'>et</span> <span class='ocrx_word' id='word_1_35' title='bbox 606 1473 690 1549; x_wconf 87' lang='lat' dir='ltr'>lacit</span> <span class='ocrx_word' id='word_1_36' title='bbox 717 1474 888 1549; x_wconf 86' lang='lat' dir='ltr'>umbram</span> <span class='ocrx_word' id='word_1_37' title='bbox 921 1497 945 1551; x_wconf 93' lang='lat' dir='ltr'>a</span> <span class='ocrx_word' id='word_1_38' title='bbox 976 1476 1139 1571; x_wconf 81' lang='lat' dir='ltr'>sinistra3</span> <span class='ocrx_word' id='word_1_39' title='bbox 1165 1475 1267 1549; x_wconf 86' lang='lat' dir='ltr'>nohis</span> <span class='ocrx_word' id='word_1_40' title='bbox 1293 1496 1383 1550; x_wconf 88' lang='lat' dir='ltr'>vero</span> <span class='ocrx_word' id='word_1_41' title='bbox 1414 1496 1550 1575; x_wconf 88' lang='lat' dir='ltr'>econ-</span> 
     </span>
     <span class='ocr_line' id='line_1_6' title="bbox 377 1590 1549 1691; baseline 0 -22"><span class='ocrx_word' id='word_1_42' title='bbox 377 1613 495 1669; x_wconf 81' lang='lat' dir='ltr'><strong>verso.</strong></span> <span class='ocrx_word' id='word_1_43' title='bbox 521 1592 614 1668; x_wconf 86' lang='lat' dir='ltr'>Diclt</span> <span class='ocrx_word' id='word_1_44' title='bbox 638 1613 730 1691; x_wconf 87' lang='lat' dir='ltr'>ergo</span> <span class='ocrx_word' id='word_1_45' title='bbox 755 1594 945 1691; x_wconf 77' lang='lat' dir='ltr'>Virgilius:</span> <span class='ocrx_word' id='word_1_46' title='bbox 971 1600 1015 1669; x_wconf 87' lang='lat' dir='ltr'>Se</span> <span class='ocrx_word' id='word_1_47' title='bbox 1039 1598 1075 1669; x_wconf 86' lang='lat' dir='ltr'>lo</span> <span class='ocrx_word' id='word_1_48' title='bbox 1099 1599 1181 1669; x_wconf 81' lang='lat' dir='ltr'>oaot</span> <span class='ocrx_word' id='word_1_49' title='bbox 1199 1616 1352 1688; x_wconf 75' lang='lat' dir='ltr'>palmare</span> <span class='ocrx_word' id='word_1_50' title='bbox 1375 1616 1473 1669; x_wconf 83' lang='lat' dir='ltr'>come</span> <span class='ocrx_word' id='word_1_51' title='bbox 1496 1590 1549 1669; x_wconf 77' lang='lat' dir='ltr'>cto</span> 
     </span>
     <span class='ocr_line' id='line_1_7' title="bbox 376 1713 1550 1809; baseline 0 -20"><span class='ocrx_word' id='word_1_52' title='bbox 376 1716 445 1807; x_wconf 78' lang='lat' dir='ltr'>sio,</span> <span class='ocrx_word' id='word_1_53' title='bbox 470 1713 615 1807; x_wconf 87' lang='lat' dir='ltr'>scilicet,</span> <span class='ocrx_word' id='word_1_54' title='bbox 641 1715 741 1809; x_wconf 88' lang='lat' dir='ltr'>quod</span> <span class='ocrx_word' id='word_1_55' title='bbox 765 1714 819 1788; x_wconf 92' lang='lat' dir='ltr'>sol</span> <span class='ocrx_word' id='word_1_56' title='bbox 843 1714 1076 1796; x_wconf 83' lang='lat' dir='ltr'>intretinter</span> <span class='ocrx_word' id='word_1_57' title='bbox 1102 1735 1168 1789; x_wconf 92' lang='lat' dir='ltr'>nos</span> <span class='ocrx_word' id='word_1_58' title='bbox 1198 1721 1235 1789; x_wconf 91' lang='lat' dir='ltr'>et</span> <span class='ocrx_word' id='word_1_59' title='bbox 1262 1715 1486 1809; x_wconf 83' lang='lat' dir='ltr'>aquilonem,</span> <span class='ocrx_word' id='word_1_60' title='bbox 1513 1722 1550 1789; x_wconf 91' lang='lat' dir='ltr'>et</span> 
     </span>
     <span class='ocr_line' id='line_1_8' title="bbox 377 1826 1550 1929; baseline -0.002 -20"><span class='ocrx_word' id='word_1_61' title='bbox 377 1826 511 1927; x_wconf 55' lang='lat' dir='ltr'>tacite)</span> <span class='ocrx_word' id='word_1_62' title='bbox 550 1834 721 1908; x_wconf 89' lang='lat' dir='ltr'>umbram</span> <span class='ocrx_word' id='word_1_63' title='bbox 751 1854 774 1907; x_wconf 90' lang='lat' dir='ltr'>a</span> <span class='ocrx_word' id='word_1_64' title='bbox 808 1834 964 1929; x_wconf 84' lang='lat' dir='ltr'>sinistra,</span> <span class='ocrx_word' id='word_1_65' title='bbox 994 1834 1041 1910; x_wconf 88' lang='lat' dir='ltr'>de</span> <span class='ocrx_word' id='word_1_66' title='bbox 1074 1855 1149 1929; x_wconf 85' lang='lat' dir='ltr'>qua</span> <span class='ocrx_word' id='word_1_67' title='bbox 1179 1855 1221 1909; x_wconf 92' lang='lat' dir='ltr'>re</span> <span class='ocrx_word' id='word_1_68' title='bbox 1250 1843 1291 1909; x_wconf 93' lang='lat' dir='ltr'>tu</span> <span class='ocrx_word' id='word_1_69' title='bbox 1326 1834 1484 1929; x_wconf 91' lang='lat' dir='ltr'>miraris,</span> <span class='ocrx_word' id='word_1_70' title='bbox 1515 1841 1550 1907; x_wconf 85' lang='lat' dir='ltr'>tu</span> 
     </span>
     <span class='ocr_line' id='line_1_9' title="bbox 376 1953 1550 2051; baseline 0.003 -26"><span class='ocrx_word' id='word_1_71' title='bbox 376 1956 531 2027; x_wconf 83' lang='lat' dir='ltr'>raccolta</span> <span class='ocrx_word' id='word_1_72' title='bbox 555 1956 695 2046; x_wconf 65' lang='lat' dir='ltr'>mato,</span> <span class='ocrx_word' id='word_1_73' title='bbox 715 1953 851 2030; x_wconf 84' lang='lat' dir='ltr'>scilicet</span> <span class='ocrx_word' id='word_1_74' title='bbox 875 1954 913 2029; x_wconf 95' lang='lat' dir='ltr'>in</span> <span class='ocrx_word' id='word_1_75' title='bbox 938 1961 1155 2050; x_wconf 88' lang='lat' dir='ltr'>mentetua,</span> <span class='ocrx_word' id='word_1_76' title='bbox 1173 1955 1260 2049; x_wconf 90' lang='lat' dir='ltr'>quia</span> <span class='ocrx_word' id='word_1_77' title='bbox 1281 1976 1354 2029; x_wconf 93' lang='lat' dir='ltr'>non</span> <span class='ocrx_word' id='word_1_78' title='bbox 1372 1961 1475 2051; x_wconf 92' lang='lat' dir='ltr'>potes</span> <span class='ocrx_word' id='word_1_79' title='bbox 1492 1953 1550 2029; x_wconf 90' lang='lat' dir='ltr'>hic</span> 
     </span>
     <span class='ocr_line' id='line_1_10' title="bbox 377 2074 1550 2171; baseline -0.002 -22"><span class='ocrx_word' id='word_1_80' title='bbox 377 2074 503 2149; x_wconf 81' lang='lat' dir='ltr'>videre</span> <span class='ocrx_word' id='word_1_81' title='bbox 525 2084 688 2150; x_wconf 91' lang='lat' dir='ltr'>montem</span> <span class='ocrx_word' id='word_1_82' title='bbox 705 2076 803 2171; x_wconf 87' lang='lat' dir='ltr'>Syon</span> <span class='ocrx_word' id='word_1_83' title='bbox 820 2096 907 2149; x_wconf 90' lang='lat' dir='ltr'>cum</span> <span class='ocrx_word' id='word_1_84' title='bbox 926 2077 1035 2149; x_wconf 92' lang='lat' dir='ltr'>oculo</span> <span class='ocrx_word' id='word_1_85' title='bbox 1056 2076 1251 2170; x_wconf 90' lang='lat' dir='ltr'>corporali,</span> <span class='ocrx_word' id='word_1_86' title='bbox 1267 2079 1425 2166; x_wconf 83' lang='lat' dir='ltr'>imoptno</span> <span class='ocrx_word' id='word_1_87' title='bbox 1443 2078 1550 2168; x_wconf 82' lang='lat' dir='ltr'>Ston;</span> 
     </span>
     <span class='ocr_line' id='line_1_11' title="bbox 377 2194 1549 2288; baseline -0.002 -19"><span class='ocrx_word' id='word_1_88' title='bbox 377 2194 435 2269; x_wconf 82' lang='lat' dir='ltr'>tric</span> <span class='ocrx_word' id='word_1_89' title='bbox 460 2215 567 2270; x_wconf 90' lang='lat' dir='ltr'>mons</span> <span class='ocrx_word' id='word_1_90' title='bbox 591 2202 672 2269; x_wconf 92' lang='lat' dir='ltr'>erat</span> <span class='ocrx_word' id='word_1_91' title='bbox 696 2194 783 2269; x_wconf 89' lang='lat' dir='ltr'>olim</span> <span class='ocrx_word' id='word_1_92' title='bbox 809 2196 903 2269; x_wconf 90' lang='lat' dir='ltr'>intra</span> <span class='ocrx_word' id='word_1_93' title='bbox 925 2195 1155 2271; x_wconf 82' lang='lat' dir='ltr'>Hierusalem</span> <span class='ocrx_word' id='word_1_94' title='bbox 1181 2203 1219 2271; x_wconf 91' lang='lat' dir='ltr'>et</span> <span class='ocrx_word' id='word_1_95' title='bbox 1243 2196 1338 2271; x_wconf 88' lang='lat' dir='ltr'>bene</span> <span class='ocrx_word' id='word_1_96' title='bbox 1356 2195 1549 2288; x_wconf 89' lang='lat' dir='ltr'>habitatus,</span> 
     </span>
     <span class='ocr_line' id='line_1_12' title="bbox 377 2314 1550 2412; baseline -0.003 -22"><span class='ocrx_word' id='word_1_97' title='bbox 377 2314 476 2390; x_wconf 89' lang='lat' dir='ltr'>unde</span> <span class='ocrx_word' id='word_1_98' title='bbox 499 2314 751 2410; x_wconf 80' lang='lat' dir='ltr'>appellabatur</span> <span class='ocrx_word' id='word_1_99' title='bbox 775 2314 903 2390; x_wconf 87' lang='lat' dir='ltr'>civitas</span> <span class='ocrx_word' id='word_1_100' title='bbox 928 2314 1061 2409; x_wconf 75' lang='lat' dir='ltr'>David,</span> <span class='ocrx_word' id='word_1_101' title='bbox 1083 2315 1165 2391; x_wconf 90' lang='lat' dir='ltr'>ideo</span> <span class='ocrx_word' id='word_1_102' title='bbox 1189 2322 1296 2412; x_wconf 92' lang='lat' dir='ltr'>poeta</span> <span class='ocrx_word' id='word_1_103' title='bbox 1320 2315 1441 2410; x_wconf 91' lang='lat' dir='ltr'>potius</span> <span class='ocrx_word' id='word_1_104' title='bbox 1465 2314 1550 2389; x_wconf 87' lang='lat' dir='ltr'>lacit</span> 
     </span>
     <span class='ocr_line' id='line_1_13' title="bbox 378 2434 1610 2529; baseline 0.001 -21"><span class='ocrx_word' id='word_1_105' title='bbox 378 2434 602 2510; x_wconf 81' lang='lat' dir='ltr'>mentionem</span> <span class='ocrx_word' id='word_1_106' title='bbox 628 2435 675 2511; x_wconf 90' lang='lat' dir='ltr'>de</span> <span class='ocrx_word' id='word_1_107' title='bbox 699 2456 745 2510; x_wconf 91' lang='lat' dir='ltr'>eo</span> <span class='ocrx_word' id='word_1_108' title='bbox 771 2457 885 2529; x_wconf 85' lang='lat' dir='ltr'>quarn</span> <span class='ocrx_word' id='word_1_109' title='bbox 906 2436 952 2511; x_wconf 91' lang='lat' dir='ltr'>de</span> <span class='ocrx_word' id='word_1_110' title='bbox 972 2443 1099 2511; x_wconf 90' lang='lat' dir='ltr'>monte</span> <span class='ocrx_word' id='word_1_111' title='bbox 1118 2436 1258 2511; x_wconf 85' lang='lat' dir='ltr'>Olivelo</span> <span class='ocrx_word' id='word_1_112' title='bbox 1279 2437 1337 2510; x_wconf 85' lang='lat' dir='ltr'>vel</span> <span class='ocrx_word' id='word_1_113' title='bbox 1364 2435 1549 2529; x_wconf 83' lang='lat' dir='ltr'>Calvari03</span> <span class='ocrx_word' id='word_1_114' title='bbox 1606 2517 1610 2525; x_wconf 55' lang='grc'>,</span> 
     </span>
     <span class='ocr_line' id='line_1_14' title="bbox 377 2546 1550 2651; baseline 0.001 -22"><span class='ocrx_word' id='word_1_115' title='bbox 377 2555 476 2629; x_wconf 90' lang='lat' dir='ltr'>unde</span> <span class='ocrx_word' id='word_1_116' title='bbox 497 2555 608 2629; x_wconf 87' lang='lat' dir='ltr'>Sacra</span> <span class='ocrx_word' id='word_1_117' title='bbox 631 2554 818 2650; x_wconf 82' lang='lat' dir='ltr'>Scriptura</span> <span class='ocrx_word' id='word_1_118' title='bbox 845 2555 1042 2651; x_wconf 79' lang='lat' dir='ltr'>sepissime</span> <span class='ocrx_word' id='word_1_119' title='bbox 1060 2557 1224 2631; x_wconf 90' lang='lat' dir='ltr'>nominat</span> <span class='ocrx_word' id='word_1_120' title='bbox 1238 2546 1274 2648; x_wconf 80' lang='lat'>(³)</span> <span class='ocrx_word' id='word_1_121' title='bbox 1295 2576 1382 2629; x_wconf 91' lang='lat' dir='ltr'>enm</span> <span class='ocrx_word' id='word_1_122' title='bbox 1410 2562 1448 2631; x_wconf 90' lang='lat' dir='ltr'>et</span> <span class='ocrx_word' id='word_1_123' title='bbox 1470 2576 1550 2630; x_wconf 89' lang='lat' dir='ltr'>ma·</span> 
     </span>
     <span class='ocr_line' id='line_1_15' title="bbox 380 2675 1550 2771; baseline 0.001 -21"><span class='ocrx_word' id='word_1_124' title='bbox 380 2676 481 2750; x_wconf 86' lang='lat' dir='ltr'>xime</span> <span class='ocrx_word' id='word_1_125' title='bbox 497 2675 704 2771; x_wconf 87' lang='lat' dir='ltr'>psalmista:</span> <span class='ocrx_word' id='word_1_126' title='bbox 721 2685 818 2751; x_wconf 82' lang='lat' dir='ltr'>stare</span> <span class='ocrx_word' id='word_1_127' title='bbox 832 2681 870 2750; x_wconf 83' lang='lat' dir='ltr'>in</span> <span class='ocrx_word' id='word_1_128' title='bbox 886 2698 928 2751; x_wconf 79' lang='lat' dir='ltr'>su</span> <span class='ocrx_word' id='word_1_129' title='bbox 946 2681 983 2752; x_wconf 86' lang='lat' dir='ltr'>lo</span> <span class='ocrx_word' id='word_1_130' title='bbox 999 2685 1111 2769; x_wconf 83' lang='lat' dir='ltr'>terro,</span> <span class='ocrx_word' id='word_1_131' title='bbox 1124 2678 1163 2750; x_wconf 91' lang='lat' dir='ltr'>in</span> <span class='ocrx_word' id='word_1_132' title='bbox 1176 2684 1299 2752; x_wconf 86' lang='lat' dir='ltr'>vestro</span> <span class='ocrx_word' id='word_1_133' title='bbox 1317 2677 1467 2771; x_wconf 90' lang='lat' dir='ltr'>mundo,</span> <span class='ocrx_word' id='word_1_134' title='bbox 1484 2698 1550 2751; x_wconf 82' lang='lat' dir='ltr'>coo</span> 
     </span>
     <span class='ocr_line' id='line_1_16' title="bbox 378 2797 1548 2895; baseline 0.001 -25"><span class='ocrx_word' id='word_1_135' title='bbox 378 2804 496 2889; x_wconf 80' lang='lat' dir='ltr'>questo</span> <span class='ocrx_word' id='word_1_136' title='bbox 520 2805 647 2888; x_wconf 68' lang='lat' dir='ltr'>mono,</span> <span class='ocrx_word' id='word_1_137' title='bbox 673 2797 777 2892; x_wconf 87' lang='lat' dir='ltr'>idest,</span> <span class='ocrx_word' id='word_1_138' title='bbox 802 2798 851 2872; x_wconf 86' lang='lat' dir='ltr'>ila</span> <span class='ocrx_word' id='word_1_139' title='bbox 878 2805 978 2873; x_wconf 87' lang='lat' dir='ltr'>reete</span> <span class='ocrx_word' id='word_1_140' title='bbox 998 2797 1094 2873; x_wconf 89' lang='lat' dir='ltr'>sieut</span> <span class='ocrx_word' id='word_1_141' title='bbox 1117 2798 1186 2873; x_wconf 90' lang='lat' dir='ltr'>iste</span> <span class='ocrx_word' id='word_1_142' title='bbox 1215 2819 1321 2872; x_wconf 94' lang='lat' dir='ltr'>mons</span> <span class='ocrx_word' id='word_1_143' title='bbox 1347 2797 1548 2895; x_wconf 86' lang='lat' dir='ltr'>purgatorii</span> 
     </span>
     <span class='ocr_line' id='line_1_17' title="bbox 380 2916 1550 3012; baseline -0.001 -20"><span class='ocrx_word' id='word_1_144' title='bbox 380 2925 452 2993; x_wconf 88' lang='lat' dir='ltr'>stat</span> <span class='ocrx_word' id='word_1_145' title='bbox 468 2917 505 2991; x_wconf 92' lang='lat' dir='ltr'>in</span> <span class='ocrx_word' id='word_1_146' title='bbox 524 2917 645 2991; x_wconf 91' lang='lat' dir='ltr'>medio</span> <span class='ocrx_word' id='word_1_147' title='bbox 662 2918 773 2991; x_wconf 88' lang='lat' dir='ltr'>huius</span> <span class='ocrx_word' id='word_1_148' title='bbox 799 2925 919 3012; x_wconf 85' lang='lat' dir='ltr'>terrae,</span> <span class='ocrx_word' id='word_1_149' title='bbox 937 2918 987 2993; x_wconf 88' lang='lat' dir='ltr'>ita</span> <span class='ocrx_word' id='word_1_150' title='bbox 1005 2918 1104 3012; x_wconf 91' lang='lat' dir='ltr'>quod</span> <span class='ocrx_word' id='word_1_151' title='bbox 1130 2916 1187 2991; x_wconf 91' lang='lat' dir='ltr'>isti</span> <span class='ocrx_word' id='word_1_152' title='bbox 1203 2917 1279 2992; x_wconf 91' lang='lat' dir='ltr'>duo</span> <span class='ocrx_word' id='word_1_153' title='bbox 1298 2924 1439 2993; x_wconf 90' lang='lat' dir='ltr'>montes</span> <span class='ocrx_word' id='word_1_154' title='bbox 1464 2924 1550 2992; x_wconf 87' lang='lat' dir='ltr'>sunt</span> 
     </span>
     <span class='ocr_line' id='line_1_18' title="bbox 377 3031 1550 3135; baseline -0.002 -22"><span class='ocrx_word' id='word_1_155' title='bbox 377 3038 550 3135; x_wconf 92' lang='lat' dir='ltr'>oppositi;</span> <span class='ocrx_word' id='word_1_156' title='bbox 578 3038 676 3111; x_wconf 87' lang='lat' dir='ltr'>unde</span> <span class='ocrx_word' id='word_1_157' title='bbox 704 3038 812 3112; x_wconf 84' lang='lat' dir='ltr'>dicit:</span> <span class='ocrx_word' id='word_1_158' title='bbox 837 3031 868 3111; x_wconf 79' lang='lat' dir='ltr'>si</span> <span class='ocrx_word' id='word_1_159' title='bbox 892 3039 1120 3128; x_wconf 77' lang='lat' dir='ltr'>ct&#39;omlledui,</span> <span class='ocrx_word' id='word_1_160' title='bbox 1147 3038 1280 3113; x_wconf 87' lang='lat' dir='ltr'>scilicet</span> <span class='ocrx_word' id='word_1_161' title='bbox 1307 3039 1403 3134; x_wconf 86' lang='lat' dir='ltr'>Syoo</span> <span class='ocrx_word' id='word_1_162' title='bbox 1429 3045 1467 3112; x_wconf 91' lang='lat' dir='ltr'>et</span> <span class='ocrx_word' id='word_1_163' title='bbox 1492 3036 1550 3111; x_wconf 93' lang='lat' dir='ltr'>hic</span> 
     </span>
     <span class='ocr_line' id='line_1_19' title="bbox 378 3157 1550 3253; baseline -0.001 -21"><span class='ocrx_word' id='word_1_164' title='bbox 378 3180 497 3253; x_wconf 91' lang='lat' dir='ltr'>mons,</span> <span class='ocrx_word' id='word_1_165' title='bbox 521 3160 640 3231; x_wconf 70' lang='lat' dir='ltr'>mono</span> <span class='ocrx_word' id='word_1_166' title='bbox 669 3178 717 3231; x_wconf 81' lang='lat' dir='ltr'>un</span> <span class='ocrx_word' id='word_1_167' title='bbox 744 3162 800 3231; x_wconf 80' lang='lat' dir='ltr'>sot</span> <span class='ocrx_word' id='word_1_168' title='bbox 828 3162 968 3249; x_wconf 68' lang='lat' dir='ltr'>mizon,</span> <span class='ocrx_word' id='word_1_169' title='bbox 1007 3158 1070 3253; x_wconf 86' lang='lat' dir='ltr'>qui</span> <span class='ocrx_word' id='word_1_170' title='bbox 1103 3168 1159 3235; x_wconf 76' lang='lat' dir='ltr'>est</span> <span class='ocrx_word' id='word_1_171' title='bbox 1195 3158 1356 3233; x_wconf 89' lang='lat' dir='ltr'>circulus</span> <span class='ocrx_word' id='word_1_172' title='bbox 1387 3157 1550 3233; x_wconf 89' lang='lat' dir='ltr'>dividens</span> 
     </span>
     <span class='ocr_line' id='line_1_20' title="bbox 378 3278 1549 3374; baseline -0.003 -21"><span class='ocrx_word' id='word_1_173' title='bbox 378 3278 640 3373; x_wconf 82' lang='lat' dir='ltr'>hemisperium</span> <span class='ocrx_word' id='word_1_174' title='bbox 665 3278 835 3373; x_wconf 85' lang='lat' dir='ltr'>superius</span> <span class='ocrx_word' id='word_1_175' title='bbox 858 3278 907 3352; x_wconf 89' lang='lat' dir='ltr'>ab</span> <span class='ocrx_word' id='word_1_176' title='bbox 931 3279 1105 3374; x_wconf 83' lang='lat' dir='ltr'>interiori,</span> <span class='ocrx_word' id='word_1_177' title='bbox 1123 3278 1218 3356; x_wconf 88' lang='lat' dir='ltr'>sicut</span> <span class='ocrx_word' id='word_1_178' title='bbox 1234 3279 1341 3374; x_wconf 90' lang='lat' dir='ltr'>plene</span> <span class='ocrx_word' id='word_1_179' title='bbox 1366 3278 1549 3352; x_wconf 86' lang='lat' dir='ltr'>declaravi</span> 
     </span>
     <span class='ocr_line' id='line_1_21' title="bbox 377 3397 1550 3495; baseline -0.005 -20"><span class='ocrx_word' id='word_1_180' title='bbox 377 3398 537 3493; x_wconf 85' lang='lat' dir='ltr'>capitulo</span> <span class='ocrx_word' id='word_1_181' title='bbox 560 3398 722 3473; x_wconf 87' lang='lat' dir='ltr'>secundo</span> <span class='ocrx_word' id='word_1_182' title='bbox 748 3398 859 3473; x_wconf 88' lang='lat' dir='ltr'>huius</span> <span class='ocrx_word' id='word_1_183' title='bbox 883 3398 976 3492; x_wconf 89' lang='lat' dir='ltr'>libri,</span> <span class='ocrx_word' id='word_1_184' title='bbox 994 3398 1092 3473; x_wconf 86' lang='lat' dir='ltr'>circa</span> <span class='ocrx_word' id='word_1_185' title='bbox 1119 3398 1361 3495; x_wconf 83' lang='lat' dir='ltr'>principium3</span> <span class='ocrx_word' id='word_1_186' title='bbox 1388 3397 1469 3473; x_wconf 87' lang='lat' dir='ltr'>ideo</span> <span class='ocrx_word' id='word_1_187' title='bbox 1495 3397 1550 3471; x_wconf 89' lang='lat' dir='ltr'>di-</span> 
     </span>
     <span class='ocr_line' id='line_1_22' title="bbox 377 3517 1550 3612; baseline -0.005 -17"><span class='ocrx_word' id='word_1_188' title='bbox 377 3520 448 3595; x_wconf 88' lang='lat' dir='ltr'>cit:</span> <span class='ocrx_word' id='word_1_189' title='bbox 482 3541 502 3591; x_wconf 86' lang='lat' dir='ltr'>e</span> <span class='ocrx_word' id='word_1_190' title='bbox 533 3521 664 3593; x_wconf 77' lang='lat' dir='ltr'>diversi</span> <span class='ocrx_word' id='word_1_191' title='bbox 699 3521 895 3611; x_wconf 50' lang='lat' dir='ltr'>cinopo-im</span> <span class='ocrx_word' id='word_1_192' title='bbox 933 3521 1024 3592; x_wconf 83' lang='lat' dir='ltr'>ende</span> <span class='ocrx_word' id='word_1_193' title='bbox 1057 3522 1094 3592; x_wconf 88' lang='lat' dir='ltr'>lo</span> <span class='ocrx_word' id='word_1_194' title='bbox 1125 3521 1266 3609; x_wconf 72' lang='lat' dir='ltr'>enoda,</span> <span class='ocrx_word' id='word_1_195' title='bbox 1297 3518 1400 3612; x_wconf 80' lang='lat' dir='ltr'>illest,</span> <span class='ocrx_word' id='word_1_196' title='bbox 1426 3517 1550 3591; x_wconf 89' lang='lat' dir='ltr'>zodia-</span> 
     </span>
     <span class='ocr_line' id='line_1_23' title="bbox 377 3641 1550 3735; baseline -0.005 -19"><span class='ocrx_word' id='word_1_197' title='bbox 377 3660 455 3735; x_wconf 86' lang='lat' dir='ltr'>cus,</span> <span class='ocrx_word' id='word_1_198' title='bbox 482 3641 545 3735; x_wconf 87' lang='lat' dir='ltr'>qui</span> <span class='ocrx_word' id='word_1_199' title='bbox 570 3647 626 3715; x_wconf 78' lang='lat' dir='ltr'>est</span> <span class='ocrx_word' id='word_1_200' title='bbox 650 3660 740 3715; x_wconf 83' lang='lat' dir='ltr'>vere</span> <span class='ocrx_word' id='word_1_201' title='bbox 764 3645 877 3714; x_wconf 89' lang='lat' dir='ltr'>strata</span> <span class='ocrx_word' id='word_1_202' title='bbox 902 3660 1050 3735; x_wconf 88' lang='lat' dir='ltr'>semper</span> <span class='ocrx_word' id='word_1_203' title='bbox 1075 3641 1318 3734; x_wconf 79' lang='lat' dir='ltr'>frequentata,</span> <span class='ocrx_word' id='word_1_204' title='bbox 1345 3659 1410 3734; x_wconf 92' lang='lat' dir='ltr'>per</span> <span class='ocrx_word' id='word_1_205' title='bbox 1436 3657 1550 3732; x_wconf 86' lang='lat' dir='ltr'>quam</span> 
     </span>
     <span class='ocr_line' id='line_1_24' title="bbox 377 3743 1550 3856; baseline -0.002 -22"><span class='ocrx_word' id='word_1_206' title='bbox 377 3760 663 3856; x_wconf 90' lang='lat' dir='ltr'>impausabiliter</span> <span class='ocrx_word' id='word_1_207' title='bbox 688 3760 900 3834; x_wconf 90' lang='lat' dir='ltr'>discurrunt</span> <span class='ocrx_word' id='word_1_208' title='bbox 929 3761 984 3835; x_wconf 88' lang='lat' dir='ltr'>sol</span> <span class='ocrx_word' id='word_1_209' title='bbox 1013 3743 1051 3835; x_wconf 92' lang='lat' dir='ltr'>et</span> <span class='ocrx_word' id='word_1_210' title='bbox 1084 3760 1208 3835; x_wconf 73' lang='lat' dir='ltr'>caeteri</span> <span class='ocrx_word' id='word_1_211' title='bbox 1242 3761 1418 3856; x_wconf 82' lang='lat' dir='ltr'>planetae3</span> <span class='ocrx_word' id='word_1_212' title='bbox 1450 3760 1550 3853; x_wconf 90' lang='lat' dir='ltr'>quod</span> 
     </span>
     <span class='ocr_line' id='line_1_25' title="bbox 377 3880 1544 3974; baseline -0.006 -17"><span class='ocrx_word' id='word_1_213' title='bbox 377 3882 541 3957; x_wconf 84' lang='lat' dir='ltr'>declarat</span> <span class='ocrx_word' id='word_1_214' title='bbox 564 3900 651 3956; x_wconf 87' lang='lat' dir='ltr'>cum</span> <span class='ocrx_word' id='word_1_215' title='bbox 678 3880 774 3973; x_wconf 89' lang='lat' dir='ltr'>dicit,</span> <span class='ocrx_word' id='word_1_216' title='bbox 793 3883 853 3953; x_wconf 83' lang='lat' dir='ltr'>cte</span> <span class='ocrx_word' id='word_1_217' title='bbox 876 3884 952 3955; x_wconf 85' lang='lat' dir='ltr'>mol</span> <span class='ocrx_word' id='word_1_218' title='bbox 974 3902 1046 3953; x_wconf 85' lang='lat' dir='ltr'>non</span> <span class='ocrx_word' id='word_1_219' title='bbox 1069 3902 1172 3974; x_wconf 83' lang='lat' dir='ltr'>seppe</span> <span class='ocrx_word' id='word_1_220' title='bbox 1197 3884 1410 3972; x_wconf 80' lang='lat' dir='ltr'>correppior</span> <span class='ocrx_word' id='word_1_221' title='bbox 1426 3885 1544 3953; x_wconf 86' lang='lat' dir='ltr'>Fcton.</span> 
     </span>
     <span class='ocr_line' id='line_1_26' title="bbox 379 3990 1549 4097; baseline -0.004 -21"><span class='ocrx_word' id='word_1_222' title='bbox 379 4003 459 4077; x_wconf 82' lang='lat' dir='ltr'>tam</span> <span class='ocrx_word' id='word_1_223' title='bbox 474 3990 511 4095; x_wconf 76' lang='lat'>(⁴)</span> <span class='ocrx_word' id='word_1_224' title='bbox 538 4001 675 4097; x_wconf 90' lang='lat' dir='ltr'>pluries</span> <span class='ocrx_word' id='word_1_225' title='bbox 709 4000 746 4073; x_wconf 92' lang='lat' dir='ltr'>in</span> <span class='ocrx_word' id='word_1_226' title='bbox 777 4000 920 4075; x_wconf 84' lang='lat' dir='ltr'>interno</span> <span class='ocrx_word' id='word_1_227' title='bbox 951 4007 1046 4076; x_wconf 89' lang='lat' dir='ltr'>tacta</span> <span class='ocrx_word' id='word_1_228' title='bbox 1076 4006 1131 4075; x_wconf 89' lang='lat' dir='ltr'>est</span> <span class='ocrx_word' id='word_1_229' title='bbox 1158 4007 1199 4076; x_wconf 71' lang='lat' dir='ltr'>‘et</span> <span class='ocrx_word' id='word_1_230' title='bbox 1233 4000 1396 4095; x_wconf 84' lang='lat' dir='ltr'>exposita</span> <span class='ocrx_word' id='word_1_231' title='bbox 1425 3999 1549 4073; x_wconf 83' lang='lat' dir='ltr'>sabula</span> 
     </span>
     <span class='ocr_line' id='line_1_27' title="bbox 378 4120 1550 4217; baseline -0.004 -19"><span class='ocrx_word' id='word_1_232' title='bbox 378 4123 585 4216; x_wconf 83' lang='lat' dir='ltr'>Phaetontis,</span> <span class='ocrx_word' id='word_1_233' title='bbox 604 4122 667 4217; x_wconf 88' lang='lat' dir='ltr'>qui</span> <span class='ocrx_word' id='word_1_234' title='bbox 684 4121 780 4195; x_wconf 88' lang='lat' dir='ltr'>tilius</span> <span class='ocrx_word' id='word_1_235' title='bbox 804 4120 889 4195; x_wconf 92' lang='lat' dir='ltr'>solis</span> <span class='ocrx_word' id='word_1_236' title='bbox 914 4121 1012 4195; x_wconf 90' lang='lat' dir='ltr'>male</span> <span class='ocrx_word' id='word_1_237' title='bbox 1031 4120 1134 4195; x_wconf 87' lang='lat' dir='ltr'>scivit</span> <span class='ocrx_word' id='word_1_238' title='bbox 1153 4140 1284 4217; x_wconf 83' lang='lat' dir='ltr'>regere</span> <span class='ocrx_word' id='word_1_239' title='bbox 1309 4140 1465 4194; x_wconf 91' lang='lat' dir='ltr'>currum</span> <span class='ocrx_word' id='word_1_240' title='bbox 1484 4139 1550 4214; x_wconf 91' lang='lat' dir='ltr'>pa-</span> 
     </span>
     <span class='ocr_line' id='line_1_28' title="bbox 378 4238 1549 4338; baseline -0.007 -19"><span class='ocrx_word' id='word_1_241' title='bbox 378 4250 554 4338; x_wconf 72' lang='lat' dir='ltr'>ternum,</span> <span class='ocrx_word' id='word_1_242' title='bbox 580 4263 665 4317; x_wconf 90' lang='lat' dir='ltr'>nam</span> <span class='ocrx_word' id='word_1_243' title='bbox 693 4241 806 4318; x_wconf 81' lang='lat' dir='ltr'>exivit</span> <span class='ocrx_word' id='word_1_244' title='bbox 828 4248 982 4317; x_wconf 87' lang='lat' dir='ltr'>stratam</span> <span class='ocrx_word' id='word_1_245' title='bbox 1008 4241 1219 4337; x_wconf 79' lang='lat' dir='ltr'>praedictam</span> <span class='ocrx_word' id='word_1_246' title='bbox 1250 4242 1453 4335; x_wconf 88' lang='lat' dir='ltr'>antiquam,</span> <span class='ocrx_word' id='word_1_247' title='bbox 1480 4238 1549 4312; x_wconf 89' lang='lat' dir='ltr'>sci-</span> 
     </span>
     <span class='ocr_line' id='line_1_29' title="bbox 378 4360 1550 4457; baseline -0.007 -18"><span class='ocrx_word' id='word_1_248' title='bbox 378 4364 463 4439; x_wconf 85' lang='lat' dir='ltr'>lieet</span> <span class='ocrx_word' id='word_1_249' title='bbox 484 4363 695 4457; x_wconf 83' lang='lat' dir='ltr'>zodiacum3</span> <span class='ocrx_word' id='word_1_250' title='bbox 720 4361 802 4437; x_wconf 89' lang='lat' dir='ltr'>ideo</span> <span class='ocrx_word' id='word_1_251' title='bbox 827 4363 923 4437; x_wconf 89' lang='lat' dir='ltr'>hene</span> <span class='ocrx_word' id='word_1_252' title='bbox 947 4360 1052 4435; x_wconf 89' lang='lat' dir='ltr'>dicit:</span> <span class='ocrx_word' id='word_1_253' title='bbox 1078 4364 1163 4452; x_wconf 84' lang='lat' dir='ltr'>mol,</span> <span class='ocrx_word' id='word_1_254' title='bbox 1181 4360 1282 4455; x_wconf 89' lang='lat' dir='ltr'>idest,</span> <span class='ocrx_word' id='word_1_255' title='bbox 1302 4361 1399 4435; x_wconf 91' lang='lat' dir='ltr'>malo</span> <span class='ocrx_word' id='word_1_256' title='bbox 1425 4380 1493 4434; x_wconf 91' lang='lat' dir='ltr'>suo</span> <span class='ocrx_word' id='word_1_257' title='bbox 1514 4366 1550 4434; x_wconf 89' lang='lat' dir='ltr'>et</span> 
     </span>
     <span class='ocr_line' id='line_1_30' title="bbox 342 4480 1551 4580; baseline -0.003 -23"><span class='ocrx_word' id='word_1_258' title='bbox 342 4554 345 4557; x_wconf 78' lang='grc'><em>,</em></span> <span class='ocrx_word' id='word_1_259' title='bbox 378 4486 537 4562; x_wconf 89' lang='lat' dir='ltr'>aliorum</span> <span class='ocrx_word' id='word_1_260' title='bbox 563 4482 715 4558; x_wconf 88' lang='lat' dir='ltr'>nescivit</span> <span class='ocrx_word' id='word_1_261' title='bbox 738 4482 925 4580; x_wconf 83' lang='lat' dir='ltr'>aurigare,</span> <span class='ocrx_word' id='word_1_262' title='bbox 951 4482 1038 4576; x_wconf 90' lang='lat' dir='ltr'>quia</span> <span class='ocrx_word' id='word_1_263' title='bbox 1068 4482 1145 4577; x_wconf 92' lang='lat' dir='ltr'>ipse</span> <span class='ocrx_word' id='word_1_264' title='bbox 1175 4482 1389 4556; x_wconf 74' lang='lat' dir='ltr'>fulminatus</span> <span class='ocrx_word' id='word_1_265' title='bbox 1421 4480 1488 4555; x_wconf 93' lang='lat' dir='ltr'>luit</span> <span class='ocrx_word' id='word_1_266' title='bbox 1513 4486 1551 4555; x_wconf 92' lang='lat' dir='ltr'>et</span> 
     </span>
     <span class='ocr_line' id='line_1_31' title="bbox 379 4601 1551 4697; baseline -0.004 -17"><span class='ocrx_word' id='word_1_267' title='bbox 379 4605 579 4680; x_wconf 88' lang='lat' dir='ltr'>sullocatus</span> <span class='ocrx_word' id='word_1_268' title='bbox 603 4604 640 4677; x_wconf 93' lang='lat' dir='ltr'>in</span> <span class='ocrx_word' id='word_1_269' title='bbox 665 4602 776 4697; x_wconf 86' lang='lat' dir='ltr'>Pado,</span> <span class='ocrx_word' id='word_1_270' title='bbox 795 4608 834 4677; x_wconf 91' lang='lat' dir='ltr'>et</span> <span class='ocrx_word' id='word_1_271' title='bbox 856 4601 981 4677; x_wconf 90' lang='lat' dir='ltr'>omnia</span> <span class='ocrx_word' id='word_1_272' title='bbox 1007 4602 1158 4676; x_wconf 85' lang='lat' dir='ltr'>flumina</span> <span class='ocrx_word' id='word_1_273' title='bbox 1184 4609 1222 4677; x_wconf 90' lang='lat' dir='ltr'>et</span> <span class='ocrx_word' id='word_1_274' title='bbox 1246 4602 1413 4697; x_wconf 85' lang='lat' dir='ltr'>germina</span> <span class='ocrx_word' id='word_1_275' title='bbox 1437 4620 1551 4675; x_wconf 85' lang='lat' dir='ltr'>arue-</span> 
     </span>
     <span class='ocr_line' id='line_1_32' title="bbox 379 4720 1551 4821; baseline -0.006 -20"><span class='ocrx_word' id='word_1_276' title='bbox 379 4732 484 4801; x_wconf 87' lang='lat' dir='ltr'>runt:</span> <span class='ocrx_word' id='word_1_277' title='bbox 520 4744 611 4821; x_wconf 86' lang='lat' dir='ltr'>ergo</span> <span class='ocrx_word' id='word_1_278' title='bbox 643 4723 750 4817; x_wconf 88' lang='lat' dir='ltr'>bene,</span> <span class='ocrx_word' id='word_1_279' title='bbox 781 4723 878 4797; x_wconf 88' lang='lat' dir='ltr'>male</span> <span class='ocrx_word' id='word_1_280' title='bbox 910 4720 1018 4796; x_wconf 73' lang='lat' dir='ltr'>cessit</span> <span class='ocrx_word' id='word_1_281' title='bbox 1051 4722 1139 4816; x_wconf 89' lang='lat' dir='ltr'>quia</span> <span class='ocrx_word' id='word_1_282' title='bbox 1163 4720 1316 4795; x_wconf 83' lang='lat' dir='ltr'>nescivit</span> <span class='ocrx_word' id='word_1_283' title='bbox 1340 4722 1551 4818; x_wconf 86' lang='lat' dir='ltr'>gobernare</span> 
     </span>
     <span class='ocr_line' id='line_1_33' title="bbox 379 4839 1552 4939; baseline -0.005 -18"><span class='ocrx_word' id='word_1_284' title='bbox 379 4867 533 4921; x_wconf 86' lang='lat' dir='ltr'>currum</span> <span class='ocrx_word' id='word_1_285' title='bbox 559 4854 736 4921; x_wconf 87' lang='lat' dir='ltr'>onustum</span> <span class='ocrx_word' id='word_1_286' title='bbox 760 4849 861 4917; x_wconf 87' lang='lat' dir='ltr'>tanta</span> <span class='ocrx_word' id='word_1_287' title='bbox 881 4843 976 4916; x_wconf 89' lang='lat' dir='ltr'>luce.</span> <span class='ocrx_word' id='word_1_288' title='bbox 998 4841 1095 4939; x_wconf 84' lang='lat' dir='ltr'>Ergo</span> <span class='ocrx_word' id='word_1_289' title='bbox 1121 4844 1190 4915; x_wconf 89' lang='lat' dir='ltr'>trac</span> <span class='ocrx_word' id='word_1_290' title='bbox 1214 4839 1477 4937; x_wconf 81' lang='lat' dir='ltr'>imaginatione</span> <span class='ocrx_word' id='word_1_291' title='bbox 1496 4841 1552 4915; x_wconf 87' lang='lat' dir='ltr'>la·</span> 
     </span>
    </p>
   </div>
   <div class='ocr_carea' id='block_1_3' title="bbox 376 5026 1550 5173">
    <p class='ocr_par' dir='ltr' id='par_1_3' title="bbox 376 5026 1550 5173">
     <span class='ocr_line' id='line_1_34' title="bbox 442 5026 1428 5095; baseline -0.014 -12"><span class='ocrx_word' id='word_1_292' title='bbox 442 5034 470 5095; x_wconf 75' lang='lat' dir='ltr'>l¹l</span> <span class='ocrx_word' id='word_1_293' title='bbox 487 5036 540 5089; x_wconf 80' lang='lat' dir='ltr'>tlt.</span> <span class='ocrx_word' id='word_1_294' title='bbox 557 5037 702 5083; x_wconf 71' lang='lat' dir='ltr'>morentur.</span> <span class='ocrx_word' id='word_1_295' title='bbox 1250 5026 1278 5089; x_wconf 57' lang='grc' dir='ltr'>ιβ)</span> <span class='ocrx_word' id='word_1_296' title='bbox 1295 5028 1324 5078; x_wconf 82' lang='grc' dir='ltr'>Ε,</span> <span class='ocrx_word' id='word_1_297' title='bbox 1342 5028 1428 5079; x_wconf 66' lang='lat' dir='ltr'>factat,</span> 
     </span>
     <span class='ocr_line' id='line_1_35' title="bbox 376 5106 1550 5173; baseline -0.003 -13"><span class='ocrx_word' id='word_1_298' title='bbox 376 5106 379 5112; x_wconf 84' lang='lat'>&#39;</span> <span class='ocrx_word' id='word_1_299' title='bbox 441 5108 470 5173; x_wconf 81' lang='lat'>(⁸)</span> <span class='ocrx_word' id='word_1_300' title='bbox 485 5108 516 5159; x_wconf 80' lang='lat' dir='ltr'>E.</span> <span class='ocrx_word' id='word_1_301' title='bbox 533 5110 649 5160; x_wconf 75' lang='lat' dir='ltr'>nominat</span> <span class='ocrx_word' id='word_1_302' title='bbox 664 5111 780 5159; x_wconf 86' lang='lat' dir='ltr'>montem</span> <span class='ocrx_word' id='word_1_303' title='bbox 796 5106 875 5173; x_wconf 69' lang='lat' dir='ltr'>syon,</span> <span class='ocrx_word' id='word_1_304' title='bbox 891 5107 1023 5171; x_wconf 66' lang='lat' dir='ltr'>precipue</span> <span class='ocrx_word' id='word_1_305' title='bbox 1038 5106 1178 5170; x_wconf 68' lang='lat' dir='ltr'>poclmhta.</span> <span class='ocrx_word' id='word_1_306' title='bbox 1253 5106 1279 5167; x_wconf 70' lang='lat'>(¹)</span> <span class='ocrx_word' id='word_1_307' title='bbox 1296 5106 1327 5157; x_wconf 88' lang='lat' dir='ltr'>E.</span> <span class='ocrx_word' id='word_1_308' title='bbox 1343 5106 1427 5168; x_wconf 77' lang='lat' dir='ltr'>Quam</span> <span class='ocrx_word' id='word_1_309' title='bbox 1444 5107 1550 5171; x_wconf 84' lang='lat' dir='ltr'>pluries.</span> 
     </span>
    </p>
   </div>
   <div class='ocr_carea' id='block_1_4' title="bbox 512 5215 1418 5259">
    <p class='ocr_par' dir='ltr' id='par_1_4' title="bbox 512 5215 1418 5259">
     <span class='ocr_line' id='line_1_36' title="bbox 512 5215 1418 5259; baseline -0.014 -2"><span class='ocrx_word' id='word_1_310' title='bbox 512 5215 553 5259; x_wconf 86' lang='lat' dir='ltr'>tlt.</span> <span class='ocrx_word' id='word_1_311' title='bbox 1404 5216 1418 5257; x_wconf 75' lang='lat' dir='ltr'>p</span> 
     </span>
    </p>
   </div>
   <div class='ocr_carea' id='block_1_5' title="bbox 0 0 2281 6836">
    <p class='ocr_par' dir='ltr' id='par_1_5' title="bbox 0 0 2281 6836">
     <span class='ocr_line' id='line_1_37' title="bbox 0 0 2281 6836; baseline 0 0"><span class='ocrx_word' id='word_1_312' title='bbox 0 0 2281 6836; x_wconf 95' lang='lat' dir='ltr'> </span> 
     </span>
    </p>
   </div>
  </div>
 </body>
</html>
