4542 6842
776 965 914 1021 murus
939 966 1122 1021 seramus.
1471 952 1542 1019 203

371 1111 568 1201 -dttorn
596 1109 661 1184 llic
689 1114 798 1204 poeta
826 1108 928 1204 ponit
956 1107 1255 1184 deliberationem
1291 1107 1429 1205 Virgilii
1463 1113 1544 1203 post

371 1230 562 1304 consilium
597 1229 761 1324 Sordelli,
786 1229 933 1305 dicens:
964 1232 1090 1304 Attora
1120 1231 1158 1312 tt¹
1179 1231 1250 1303 mio
1280 1231 1417 1321 stprnnr,
1442 1231 1545 1321 pund

370 1352 608 1441 ammirando,
625 1350 672 1425 de
690 1358 823 1426 natura
839 1348 943 1424 istius
960 1350 1041 1443 loci,
1055 1348 1118 1444 qui
1137 1370 1210 1425 non
1228 1353 1347 1444 potest
1366 1347 1457 1423 adiri
1476 1348 1542 1421 nisi
1608 1400 1613 1407 .

370 1469 416 1545 de
441 1469 510 1563 die,
537 1471 684 1545 lucente
703 1470 791 1564 sole,
809 1472 924 1543 disse·
949 1490 1096 1542 monne
1121 1471 1272 1561 dunum,
1295 1489 1342 1543 ex
1368 1488 1443 1562 quo
1469 1488 1542 1541 non

370 1596 489 1685 potest
513 1590 557 1664 iri
582 1590 629 1665 de
654 1598 762 1665 nocte
787 1611 834 1666 ne
859 1590 1058 1685 perdamus
1090 1596 1248 1683 tempus,
1273 1578 1310 1662 tt
1334 1591 1422 1661 dove
1459 1591 1540 1679 dict,

369 1710 506 1787 scilicet
543 1711 589 1787 ad
627 1712 750 1787 locum
787 1710 952 1785 virorum
988 1708 1200 1801 illustrium,
1231 1711 1282 1781 clt'
1295 1730 1382 1781 coer
1412 1712 1444 1781 n·
1469 1700 1543 1801 pud

368 1833 484 1905 diletto
500 1834 725 1924 dimorondo,
744 1830 846 1925 quasi
866 1830 961 1905 dicat
978 1829 1109 1903 tacite:
1128 1828 1276 1923 quando
1297 1828 1446 1923 quidem
1469 1848 1542 1902 non

368 1972 565 2047 possumus
598 1972 697 2025 nunc
730 1950 881 2026 tendere
913 1950 960 2025 ad
995 1950 1134 2024 bonum
1166 1951 1362 2024 bonestum
1398 1947 1542 2022 virtutis

367 2071 563 2147 tendamus
588 2071 635 2145 ad
660 2070 808 2165 aliquod
833 2070 971 2144 bonum
1003 2069 1217 2145 delectabile
1242 2069 1300 2145 vel
1327 2069 1428 2162 utile,
1454 2069 1540 2162 quia

369 2192 528 2267 multum
554 2190 741 2266 decorabit
768 2190 961 2266 materiam
988 2196 1150 2264 nostram
1183 2189 1424 2264 consideratio
1454 2188 1541 2265 ista·

369 2332 454 2385 rum
480 2310 689 2386 animarum
708 2311 908 2405 clararum,
930 2332 1014 2405 quae
1030 2311 1194 2407 gaudent
1219 2311 1276 2385 bic
1301 2317 1402 2385 tanto
1428 2310 1542 2405 privi-

368 2432 474 2531 legio.
496 2432 540 2506 Et
560 2432 734 2506 continuo
750 2431 907 2507 ostendit
924 2431 1082 2526 qualiter
1099 2431 1334 2527 pervenerint
1349 2431 1396 2505 ad
1413 2429 1540 2504 viden-

366 2554 456 2629 dum
483 2555 606 2627 locum
630 2551 863 2647 promissum,
885 2552 1028 2627 dicens:
1050 2573 1141 2645 poco
1166 2553 1336 2642 ottoopott
1355 2554 1539 2623 c'eroocrn

368 2677 406 2749 dt'
430 2676 499 2764 lici,
525 2693 590 2768 per
616 2673 686 2746 boc
711 2672 959 2768 praesupponit
979 2672 1077 2765 quod
1094 2670 1280 2745 Sordellus
1300 2669 1458 2745 duxerat
1475 2690 1540 2745 eos

369 2813 500 2869 versus
525 2792 660 2885 locum,
678 2794 808 2885 quand
816 2794 852 2864 io
869 2793 1061 2867 m'nccorsi
1076 2792 1135 2863 cte
1151 2793 1178 2862 ’t
1200 2795 1315 2863 monte
1330 2810 1396 2861 ern
1410 2810 1537 2883 soemo,

367 2912 472 3006 idest,
491 2917 700 3004 excavatus,
714 2910 763 2985 ita
781 2911 878 3003 quod
896 2916 976 2986 erat
992 2931 1068 2985 una
1085 2930 1235 2985 camera
1251 2929 1414 2983 concava
1432 2909 1537 3003 plana

369 3032 463 3107 intra
490 3037 666 3125 montem,
699 3051 724 3102 c
747 3034 850 3122 pulso
878 3033 937 3103 cte
961 3033 975 3103 t
998 3032 1130 3103 onttont
1156 3050 1298 3102 stennon
1317 3032 1418 3121 pron,
1436 3028 1539 3121 idest,

367 3172 401 3245 a,
417 3149 522 3225 simili
549 3149 643 3224 sicut
667 3150 834 3226 videmus
864 3150 900 3223 in
931 3156 1053 3224 nostra
1086 3156 1187 3224 terra
1216 3148 1414 3243 habitabili,
1441 3147 1540 3242 quod

368 3271 471 3347 vallis
495 3271 659 3346 subiecta
686 3272 744 3345 vel
769 3270 960 3346 adbaerens
979 3271 1092 3345 monti
1112 3275 1268 3344 excavat
1287 3269 1406 3364 ipsum
1433 3290 1541 3344 mon·

368 3398 454 3467 tem.
482 3393 553 3467 Per
578 3393 647 3465 boc
672 3397 799 3467 autem
825 3397 932 3485 poeta
957 3389 1092 3486 figurat
1109 3389 1208 3482 quod
1234 3388 1290 3462 isti
1316 3388 1386 3462 viri
1413 3390 1539 3463 valen-

367 3518 422 3589 tes
447 3512 583 3586 babent
608 3512 729 3585 locum
758 3518 943 3585 remotum
970 3510 1016 3583 ab
1037 3508 1114 3584 aliis
1132 3491 1374 3605 spectabilem
1395 3508 1431 3581 in
1456 3507 1538 3583 loco

365 3632 451 3725 alto,
477 3633 523 3706 ad
549 3652 661 3726 quem
687 3631 871 3706 Sordellus
891 3630 1022 3707 obtulit
1046 3651 1087 3705 se
1111 3630 1314 3704 ducturum
1335 3649 1415 3723 eos;
1438 3629 1538 3703 unde

364 3751 472 3826 dicit:
500 3756 598 3844 puell
611 3752 750 3843 umbro,
776 3752 923 3845 scilicet,
957 3750 1154 3843 Sordellus,
1185 3754 1294 3823 desse:
1318 3741 1397 3824 cotd
1421 3754 1457 3823 η’
1470 3772 1539 3829 απτ

365 3876 519 3965 deremo,
543 3872 757 3947 ostendebat
782 3872 834 3947 eis
858 3873 995 3966 locum,
1021 3874 1108 3945 done
1135 3875 1172 3945 lo
1202 3878 1300 3945 costo
1320 3874 1402 3966 sace
1431 3873 1470 3944 dt
1501 3868 1541 3944 se*

363 3994 520 4086 promto,
554 3992 656 4087 idest,
691 3992 812 4067 sinum
848 3999 886 4066 et
923 3991 1197 4086 receptaculum
1237 3991 1274 4065 in
1311 3990 1539 4065 concavitate

364 4114 504 4209 pulcra,
522 4136 541 4187 e
557 4104 594 4187 td
611 4116 857 4203 atoenderemo,
875 4112 976 4207 idest,
995 4112 1042 4187 ibi
1062 4112 1350 4207 expectabimus,
1371 4115 1399 4185 tt
1421 4133 1537 4186 nocuo

363 4236 505 4325 piorem,
532 4233 633 4327 idest,
663 4233 759 4307 diem
793 4237 1022 4326 sequentem,
1047 4232 1098 4306 ita
1132 4233 1231 4326 quod
1265 4233 1360 4305 banc
1392 4239 1534 4307 noctem

364 4353 615 4448 expendemus
640 4352 901 4429 delectabiliter
917 4350 1014 4426 circa
1036 4351 1212 4426 visionem
1231 4350 1399 4426 istorum.
1418 4351 1463 4425 Et
1480 4351 1537 4426 bic

364 4479 450 4547 nota
477 4472 575 4567 quod
600 4479 707 4568 poeta
741 4474 868 4567 pulcre
898 4470 1000 4567 lingit
1034 4472 1133 4565 quod
1159 4470 1345 4545 Sordellus
1377 4469 1570 4547 duxerat.

363 4592 451 4693 istos
476 4599 602 4687 poetas
627 4594 674 4667 ad
699 4592 896 4667 videndum
923 4591 1010 4665 istos
1035 4590 1134 4665 viros
1158 4591 1328 4685 illustres,
1353 4591 1443 4684 quia
1468 4590 1536 4668 luit

364 4715 477 4787 borno
520 4714 668 4788 curialis
709 4720 746 4788 et
787 4712 954 4787 curiosus
991 4711 1229 4809 investigator
1263 4719 1300 4786 et
1334 4711 1536 4787 admirator

366 4833 533 4908 omnium
573 4836 761 4909 valentum
801 4833 857 4908 sui
895 4831 1069 4927 temporis
1107 4839 1145 4907 et
1177 4832 1349 4907 omnium
1378 4832 1534 4907 virtutes

364 4960 402 5029 et
427 4973 551 5029 mores
579 4954 715 5029 sciebat
745 4961 783 5029 et
813 4953 1005 5028 referebat.
1020 4992 1071 5005 -
1088 4957 1157 5024 Tro
1181 4960 1266 5026 erto.
1294 4952 1400 5027 Nunc
1426 4958 1533 5047 poeta

365 5074 537 5151 describit
571 5076 740 5150 nobiliter
772 5075 895 5149 locum
926 5072 1080 5146 istorum
1115 5072 1323 5173 illustrium,
1359 5079 1400 5146 ut
1432 5073 1534 5149 locus
