4542 6842
812 955 950 1013 muros
974 959 1141 1025 ouranos.
1489 946 1558 1016 153

387 1101 571 1177 dictorum
596 1104 804 1199 spirituum,
831 1107 999 1200 quierat
1033 1107 1191 1181 lacobus
1223 1108 1281 1183 del
1313 1108 1477 1203 Cassero,
1503 1111 1560 1181 in-

386 1215 567 1315 comincid,
593 1226 732 1319 supple,
758 1224 892 1322 dicere,
910 1234 1059 1322 captans
1076 1228 1392 1303 benevolentiam:
1421 1231 1561 1303 ciascun

385 1345 514 1437 sifidc
538 1348 596 1419 del
618 1345 778 1439 beneficio
804 1354 875 1439 tuo,
901 1347 1001 1441 quod
1034 1354 1075 1422 tu
1110 1348 1234 1445 offers,
1251 1371 1360 1423 senza
1385 1352 1558 1441 pinrnrto.

387 1464 430 1537 lit
456 1465 514 1539 hic
546 1471 644 1560 nota,
670 1467 769 1561 quod
793 1469 1050 1565 juramentum
1082 1490 1157 1543 ηοη
1173 1462 1208 1563 (¹)
1237 1470 1345 1545 debet
1378 1471 1457 1546 lieri
1492 1470 1558 1545 nisi

389 1590 545 1681 urgente
561 1588 794 1683 necessitate,
811 1609 881 1664 nec
898 1596 985 1663 tunc
1002 1589 1111 1665 debet
1127 1590 1210 1683 quis
1222 1591 1354 1687 jurare
1370 1612 1436 1687 per
1453 1613 1559 1667 crea-

387 1710 524 1799 turam,
550 1706 614 1781 sed
638 1727 705 1802 per
729 1714 950 1803 creatorem,
969 1710 1055 1804 quia
1068 1710 1326 1805 juramentum
1347 1716 1402 1784 est
1420 1712 1558 1806 species

387 1823 515 1920 latrice,
540 1824 643 1921 idest,
668 1827 779 1901 divini
812 1829 944 1902 cultus.
972 1829 1064 1903 Cum
1096 1828 1195 1903 enim
1227 1830 1337 1903 homo
1361 1830 1475 1925 jurat,
1502 1830 1559 1903 in-

387 1952 495 2020 vocat
520 1946 638 2021 Deum
676 1948 714 2020 in
752 1955 882 2023 testem
911 1950 1010 2043 quod
1042 1970 1175 2025 verum
1208 1949 1310 2044 dicit3
1345 1955 1381 2025 et
1415 1950 1452 2023 in
1489 1952 1559 2025 hoc

385 2071 535 2161 praestat
559 2068 805 2143 reverentiam
823 2071 909 2144 Deo.
928 2070 1020 2143 Nota
1041 2069 1150 2145 etiam
1176 2069 1276 2164 quod
1302 2069 1454 2164 simplex
1473 2090 1559 2145 ver-

387 2187 477 2260 bum
516 2187 554 2261 in
591 2188 673 2263 viro
708 2190 871 2284 sapiente
908 2190 1017 2265 debet
1048 2192 1187 2265 trabere
1229 2191 1311 2285 plus
1353 2190 1558 2265 autoritatis

386 2327 498 2401 qnam
525 2316 798 2383 sacramentum
825 2310 967 2385 inviro
993 2310 1147 2407 vulgari.
1174 2312 1219 2385 Et
1243 2310 1344 2385 dicit:
1368 2332 1440 2403 pur
1463 2312 1561 2384 clte'l

385 2431 483 2501 noter
506 2450 578 2502 non
597 2450 709 2522 possa
732 2452 805 2503 non
828 2435 962 2523 recido,
988 2433 1068 2505 vult
1092 2431 1235 2507 dicere:
1259 2431 1460 2507 dummodo
1485 2432 1557 2506 im-

386 2549 550 2642 potentia
580 2569 655 2623 non
685 2550 858 2645 impediat
882 2551 1121 2644 voluntatem,
1155 2550 1258 2644 quasi
1290 2550 1404 2625 dicat:
1431 2551 1460 2625 si
1491 2552 1558 2627 lu-

387 2666 514 2743 bueris
539 2670 762 2763 facultatem,
785 2670 878 2744 sicut
902 2670 1016 2745 habes
1042 2671 1279 2745 voluntatem.
1306 2670 1349 2743 Et
1374 2670 1432 2745 tric
1458 2679 1556 2767 nota,

387 2789 486 2883 quod
512 2790 580 2865 tria
614 2790 817 2865 secuudum
851 2790 1106 2885 philosophum
1136 2796 1364 2865 concurrunt
1395 2790 1443 2864 ad
1467 2811 1557 2867 ere·

386 2908 572 2984 cntionem
606 2910 725 2984 omnis
758 2910 921 3004 ellectns,
955 2910 1102 3005 scilicet,
1128 2910 1308 3003 voluntas,
1340 2910 1489 2985 scientia
1519 2917 1557 2986 et

386 3035 555 3125 potestas,
585 3030 680 3105 sicut
712 3037 820 3105 autor
847 3031 926 3126 J'am
956 3031 1045 3103 dixit
1074 3030 1208 3104 luterni
1237 3030 1395 3124 capitulo
1428 3030 1554 3103 XXXl.

386 3151 509 3226 Potest
521 3151 618 3226 enim
632 3152 715 3245 quis
732 3151 868 3227 habere
880 3152 1107 3226 voluntatem
1121 3157 1159 3225 et
1172 3142 1209 3242 (²)
1223 3149 1435 3246 potentiam,
1445 3160 1483 3227 et
1500 3158 1556 3225 ta-

385 3292 483 3367 men,
496 3273 585 3366 quia
602 3293 675 3346 non
692 3263 885 3364 habebitl³l
899 3271 1100 3365 scientiam,
1111 3291 1184 3345 non
1202 3271 1349 3345 habebit
1362 3271 1554 3367 ellectum,

384 3392 547 3487 potentia
576 3392 674 3468 enim
695 3391 795 3465 ducit
815 3392 1068 3487 aptitudinem,
1085 3397 1123 3465 et
1147 3411 1220 3465 ηοη
1246 3398 1384 3484 actum,
1403 3395 1443 3463 ut
1467 3411 1554 3464 cum

384 3514 466 3607 quis
490 3520 546 3589 est
569 3519 675 3589 actos
700 3519 808 3587 natus
831 3513 878 3585 ad
909 3512 1124 3606 doctrinam,
1152 3512 1239 3606 quia
1268 3518 1386 3607 potest
1414 3510 1556 3585 discere

383 3633 568 3709 mediante
587 3632 762 3708 exercitio
786 3638 824 3707 et
848 3632 985 3726 studio,
1004 3633 1067 3707 sed
1084 3639 1192 3727 poeta
1209 3631 1278 3725 hic,
1297 3630 1390 3705 sicut
1406 3636 1444 3705 et
1460 3630 1555 3705 Boe-

383 3754 467 3848 tius,
493 3753 588 3848 capit
616 3752 816 3848 potentiam
849 3752 1021 3848 perfecte,
1048 3774 1132 3847 quae
1165 3751 1411 3848 praesupponit
1436 3752 1555 3827 scien-

383 3874 493 3968 tiam,
518 3894 605 3948 nam
631 3871 767 3947 trustra
791 3879 847 3948 est
871 3874 1031 3967 potentia
1057 3893 1143 3967 quae
1173 3893 1246 3946 non
1277 3879 1396 3967 potest
1428 3872 1555 3947 reduci

383 3992 593 4085 adactum,
622 3997 659 4067 et
692 3993 827 4067 trustra
853 3999 909 4067 est
933 3994 1224 4068 calceamentum
1256 3992 1362 4067 cuius
1396 4013 1469 4065 non
1500 3998 1555 4067 est

383 4111 569 4207 calceatio,
595 4119 637 4185 ut
662 4123 866 4207 utrumque
891 4113 975 4187 dicit
999 4112 1244 4208 philosophos.
1271 4112 1315 4184 Et
1343 4119 1449 4209 rogat
1486 4112 1554 4187 isle

382 4232 529 4329 spiritus
554 4252 621 4326 pro
645 4252 686 4307 se
704 4232 849 4307 dicens:
871 4236 953 4307 ond'
964 4236 1013 4325 io,
1030 4236 1089 4306 cte
1112 4236 1188 4306 solo
1212 4236 1360 4307 innanzi
1379 4236 1453 4323 opti
1468 4235 1555 4305 otini

377 4359 500 4448 parto,
526 4360 717 4447 tamquam
742 4352 894 4447 avidior,
912 4356 937 4427 ti
947 4374 1075 4445 propo,
1095 4375 1133 4426 se
1153 4357 1226 4427 mni
1246 4356 1323 4427 cedi
1340 4356 1419 4444 quel
1433 4374 1552 4445 punse,

383 4475 527 4570 scilicet,
553 4474 749 4548 llarchiam
776 4474 1051 4567 anconitanam,
1077 4476 1137 4546 cte
1163 4474 1265 4566 neda,
1291 4472 1394 4567 idest,
1420 4472 1553 4547 situata

383 4602 450 4688 est,
475 4601 533 4669 ἱνα
557 4600 756 4685 Romcpnn,
781 4613 804 4666 a
833 4599 937 4688 parte
961 4592 1169 4687 occidentis,
1196 4614 1214 4663 e
1247 4594 1326 4683 puel
1356 4595 1394 4665 di
1431 4596 1553 4683 Corio,

382 4714 484 4809 idest,
510 4720 547 4789 et
573 4734 730 4810 regnum
755 4713 874 4787 Caroli
898 4712 929 4785 ll
954 4713 1017 4807 qui
1044 4719 1131 4787 tunc
1158 4712 1347 4809 regnabat,
1368 4714 1427 4784 cte
1445 4719 1480 4785 tn
1501 4714 1552 4785 mi

379 4837 424 4907 sii
447 4837 500 4908 de'
513 4838 585 4907 tuot
595 4836 734 4927 pricpti
753 4840 895 4925 corteno,
922 4833 1024 4925 idest,
1047 4839 1089 4906 ut
1107 4852 1214 4929 roges
1239 4833 1357 4907 Deum
1384 4852 1451 4927 pro
1479 4852 1552 4926 me,

442 5024 473 5161 (ἓ)
487 5028 609 5153 lstimir
625 5030 710 5089 potest
725 5026 789 5077 fleri.
914 5024 941 5089 (⁹)
958 5030 1011 5087 117,
1028 5032 1056 5077 ct
1070 5032 1225 5091 potestatem
1242 5028 1295 5078 alre
1311 5028 1462 5090 potentiam.

506 5135 514 5152 .
596 5109 616 5153 t.
