4542 6842
832 1005 970 1062 CANTUS
996 1007 1139 1062 PRIMUS.
1523 1000 1569 1067 35

397 1167 488 1244 rem,
516 1151 602 1244 quia
629 1159 857 1247 pugnaverat
882 1159 1011 1227 eontra
1036 1154 1251 1227 mandatum
1277 1155 1368 1248 eius,
1389 1177 1458 1230 cur
1479 1157 1569 1232 Cato

397 1270 515 1344 victus
539 1271 701 1366 pepercit
727 1271 799 1345 lilio
825 1273 932 1367 victo,
951 1272 1012 1366 qui
1038 1294 1111 1347 non
1139 1274 1299 1368 pepercit
1316 1275 1408 1348 sihi?
1423 1277 1569 1364 eranto

396 1393 534 1466 altioris
558 1393 671 1466 animi
697 1394 741 1465 Μ.
761 1394 925 1489 Regulus
943 1393 1011 1466 isto
1029 1395 1072 1466 M.
1091 1393 1244 1468 Catone!
1263 1396 1352 1469 Cato
1376 1397 1471 1470 enim
1496 1420 1570 1471 non

397 1515 535 1588 vicerat
560 1514 755 1608 Caesarem,
782 1513 840 1588 cui
867 1514 986 1587 victus
1010 1514 1227 1610 dedignatus
1252 1522 1308 1590 est
1333 1516 1471 1591 subiici.
1498 1519 1571 1592 lle-

360 1649 362 1654 ’
397 1635 507 1732 gulus
534 1653 623 1708 vero
643 1633 720 1728 jam
741 1633 878 1707 vicerat
903 1634 1210 1730 carthaginenses
1228 1635 1274 1708 de
1295 1637 1429 1728 quihus
1455 1638 1571 1712 victo-

399 1755 532 1829 riosam
548 1747 586 1847 (¹)
612 1754 768 1850 gloriam
797 1759 1064 1848 reportaverat3
1082 1755 1120 1828 et
1145 1761 1268 1829 tamen
1295 1757 1342 1830 ah
1368 1757 1420 1831 eis
1445 1764 1571 1852 postea

400 1875 517 1950 victus
542 1875 658 1948 voluit
676 1873 794 1968 potius
811 1893 874 1949 eos
892 1875 990 1948 lerre
1006 1875 1211 1969 serviendo,
1232 1896 1344 1969 quarn
1366 1876 1516 1952 aulerre
1532 1899 1573 1954 se

401 1995 452 2070 eis
478 1995 680 2069 moriendo.
708 1994 793 2069 ldeo
823 1995 983 2069 servavit
1014 1995 1082 2068 suh
1113 1995 1361 2071 dominatione
1388 1999 1573 2094 carthagi-

401 2115 567 2190 nensium
586 2115 808 2209 patientiam,
824 2119 860 2190 et
877 2115 913 2187 in
934 2134 1173 2189 romanorum
1192 2114 1384 2191 dilectione
1401 2127 1573 2192 constan-

401 2236 501 2330 tiam,
528 2256 596 2310 nec
621 2236 793 2310 auterens
818 2255 951 2330 corpus
977 2235 1115 2310 victum
1142 2237 1190 2310 ah
1215 2238 1390 2332 hostibus,
1410 2259 1478 2313 nec
1495 2239 1574 2312 ani-

401 2377 504 2429 mum
531 2355 707 2430 invictum
733 2377 755 2429 a
788 2354 937 2429 civibus.
970 2355 1004 2428 Si
1036 2376 1126 2450 ergo
1157 2355 1213 2429 vir
1247 2377 1422 2431 romanus
1453 2360 1573 2432 cultor

402 2477 576 2550 falsorum
603 2477 758 2551 deorum
787 2476 870 2550 lecit
895 2477 964 2549 hoc
995 2495 1084 2550 vera
1115 2476 1262 2569 virtute,
1288 2489 1427 2570 quanto
1457 2480 1575 2576 magis

402 2598 620 2672 christianus
645 2597 764 2671 cultor
790 2595 900 2669 unius
927 2595 1005 2669 veri
1029 2595 1120 2669 licii
1146 2595 1183 2668 Si
1207 2603 1333 2670 autem
1356 2599 1575 2673 fortissimus

403 2718 542 2792 Sanson
568 2737 608 2792 se
633 2723 671 2792 et
696 2737 782 2791 suos
806 2718 929 2790 hostes
947 2715 1054 2788 ruina
1071 2715 1204 2823 domus
1224 2717 1413 2810 oppressit,
1436 2719 1504 2793 hoc
1521 2720 1576 2794 le-

404 2837 452 2912 cit
477 2829 727 2933 inspirantel²l
754 2837 888 2932 Spiritu
919 2847 1056 2930 sancto,
1083 2857 1149 2931 per
1176 2857 1287 2930 quem
1321 2837 1497 2912 miracula
1524 2839 1578 2911 l-

405 2957 533 3032 ciehat.
557 2960 632 3032 lloc
653 2958 763 3033 etiam
781 2963 974 3032 senserunt
992 2977 1121 3031 omnes
1137 2957 1223 3030 honi
1241 2958 1456 3053 philosophi:
1475 2960 1577 3035 Plato

405 3077 553 3171 quidem
580 3078 722 3156 dicebat
750 3084 906 3151 mortem
934 3076 1139 3150 naturalem
1171 3097 1251 3151 esse
1281 3079 1524 3172 expetendam
1540 3071 1579 3173 (³)

405 3221 427 3272 a
453 3199 576 3293 simili;
603 3199 697 3273 sicut
722 3198 819 3273 enim
842 3219 971 3273 servus
989 3197 1126 3292 positus
1153 3197 1189 3270 in
1215 3219 1365 3273 carcere
1385 3221 1407 3273 a
1430 3199 1579 3276 domino

406 3339 486 3413 suo,
503 3319 533 3392 si
560 3319 683 3392 furtim
706 3319 833 3414 lugiet,
849 3317 1019 3391 dominus
1038 3339 1110 3391 non
1128 3317 1258 3392 liberat
1278 3319 1395 3412 ipsum
1418 3342 1440 3394 a
1458 3342 1578 3416 poena,

406 3439 469 3514 sed
494 3439 614 3535 potius
640 3459 786 3534 poenam
812 3439 990 3534 adauget;
1014 3437 1063 3512 ita
1088 3439 1211 3512 anima
1228 3437 1265 3510 in
1286 3458 1452 3533 corpore,
1475 3441 1579 3534 quasi

406 3580 537 3634 servus
562 3559 599 3633 in
624 3579 775 3634 carcere
799 3559 926 3654 posita,
954 3559 982 3632 si
1009 3559 1086 3632 sine
1104 3557 1277 3632 mandato
1294 3557 1432 3632 domini
1457 3561 1515 3634 sni
1541 3583 1581 3636 se
1660 3626 1675 3643 ,

407 3679 491 3755 inde
516 3675 717 3775 subtrahat,
745 3699 818 3753 non
843 3700 883 3753 se
912 3679 1041 3752 liberat
1072 3699 1094 3752 a
1121 3700 1241 3773 poena,
1267 3679 1331 3754 sed
1357 3681 1476 3773 potius
1501 3703 1581 3776 pte-

408 3822 494 3878 nam
521 3808 747 3898 augmentat.
774 3800 880 3874 hlind
911 3799 1029 3874 simile
1058 3799 1206 3874 adducit
1231 3801 1333 3874 Plato
1349 3789 1398 3896 (⁴),
1430 3801 1522 3876 sieut
1551 3803 1580 3877 si

408 3921 538 4016 aliquis
565 3929 722 3996 mortem
745 3921 876 3994 inierat
893 3921 1011 3994 alieno
1030 3941 1140 3994 servo
1159 3941 1245 3995 reus
1263 3928 1318 3996 est
1337 3921 1477 4017 mortis,
1495 3923 1582 4017 quia

410 4042 645 4117 homicidium
671 4041 874 4135 commisit;
896 4041 944 4114 ita
972 4043 1082 4115 homo
1109 4041 1173 4134 qui
1198 4048 1254 4115 est
1279 4061 1408 4116 servus
1425 4044 1582 4140 Domini,

411 4163 441 4237 si
467 4162 647 4238 interiecit
672 4183 712 4236 se
738 4161 867 4256 ipsum.
901 4162 978 4236 lloc
994 4152 1030 4254 (⁶)
1058 4160 1155 4235 enim
1187 4161 1317 4255 prohat
1342 4162 1505 4237 Plotinus
1529 4164 1584 4238 di-

411 4283 572 4377 scipulus
598 4282 757 4356 Platonis
782 4288 820 4356 et
845 4281 986 4376 plenius
1011 4301 1124 4374 quarn
1152 4280 1264 4355 Plat0.
1291 4280 1345 4355 nd
1375 4282 1471 4356 idem
1498 4284 1584 4359 dicit

411 4403 549 4476 Tullius
575 4402 674 4497 quod
699 4402 765 4496 piis
790 4402 961 4476 omnihus
986 4400 1199 4476 retinendus
1223 4407 1278 4476 est
1299 4402 1445 4475 animus
1462 4403 1499 4477 in
1516 4424 1584 4478 cu·

413 4521 528 4596 stodia
553 4522 727 4617 corporis,
749 4542 796 4597 ne
817 4543 953 4595 munus
976 4523 1181 4595 humanum
1209 4521 1432 4617 assignatum
1458 4544 1481 4597 a
1507 4523 1584 4598 Deo

413 4640 549 4737 fugisse
576 4643 761 4717 videatur:
788 4643 863 4717 imo
889 4640 1030 4718 caeteris
1057 4640 1161 4714 malis
1191 4647 1309 4735 potest
1338 4661 1419 4715 esse
1448 4643 1584 4737 aliquid

415 4764 579 4859 remedii,
606 4763 692 4839 huic
722 4785 812 4838 vero
842 4763 939 4837 nihil.
971 4763 1062 4836 Cum
1094 4763 1192 4837 enim
1226 4763 1337 4836 homo
1369 4763 1585 4839 naturaliter

475 4982 502 5042 (¹)
519 4981 549 5030 li.
567 4982 705 5046 gloriosam
723 4984 865 5035 rictorlam.
1039 4979 1067 5045 (¹)
1084 4983 1114 5033 E.
1130 4982 1298 5045 inspiratione
1313 4981 1425 5044 Spiritus
1440 4983 1530 5033 uncti.

476 5055 503 5118 (⁸)
521 5060 574 5117 mr,
591 5059 784 5120 expectandam.
1041 5057 1070 5119 (⁸)
1086 5058 1115 5108 E.
1134 5056 1209 5107 Plato
1225 5057 1277 5119 slc;
1293 5058 1314 5106 si
1330 5056 1430 5120 aliquis.

477 5131 504 5194 (¹)
521 5132 547 5184 S.
563 5145 579 5184 e
596 5133 626 5184 lt.
643 5133 702 5186 flue
718 5135 786 5186 idem
803 5136 903 5198 probat.
