4542 6842
714 940 784 1009 350
1080 949 1284 1005 commorunt
1308 949 1528 1005 ruaonronu

714 1103 923 1193 purgantur
953 1094 989 1169 io
1021 1094 1089 1169 isto
1121 1100 1247 1169 monte
1277 1094 1419 1190 singula
1448 1100 1609 1189 peccatu.
1639 1094 1684 1167 Et
1713 1095 1889 1171 continuo

698 1216 884 1292 ‚describit
909 1216 1015 1290 istam
1046 1214 1246 1289 secundam
1277 1214 1374 1289 viam
1409 1222 1563 1311 tangens
1595 1216 1888 1291 convenientiam

713 1346 751 1413 et
776 1335 1031 1431 differentiam,
1058 1354 1171 1429 quam
1197 1334 1309 1408 habet
1333 1354 1419 1408 cum
1446 1334 1576 1429 prima,
1601 1334 1741 1409 dicens:
1768 1339 1829 1428 ivi,
1852 1324 1900 1411 in¹

714 1456 775 1531 ilio
802 1456 963 1531 seeundo
989 1454 1229 1547 circulorum
1254 1458 1404 1547 emmor,
1423 1454 1480 1529 via
1508 1455 1682 1550 exterior,
1700 1448 1771 1529 rosi
1797 1459 1889 1549 depo,

714 1576 817 1671 idest,
843 1577 931 1673 ligat
957 1583 994 1651 et
1019 1574 1234 1670 circumdat,
1252 1578 1280 1649 it
1292 1579 1440 1669 poppio,
1467 1574 1569 1669 idest,
1588 1583 1764 1672 montem,
1785 1580 1820 1651 d'
1832 1581 1889 1651 ia·

715 1705 820 1771 torrro
843 1719 939 1771 come
968 1701 1004 1771 lo
1028 1699 1201 1789 mnata,
1227 1695 1289 1769 ubi
1320 1702 1406 1770 sunt
1440 1695 1611 1791 superbi3
1644 1704 1682 1771 et
1713 1697 1822 1772 dicit:
1852 1720 1890 1771 se

696 1820 1023 1891 'monteferro
1054 1838 1131 1908 suo,
1157 1815 1261 1911 idest,
1290 1816 1393 1891 salvo
1422 1816 1521 1910 quod
1553 1838 1669 1913 gyrus
1706 1818 1797 1913 eius,
1826 1814 1889 1913 piri

716 1946 804 2013 tosto
825 1942 943 2032 piepu,
970 1938 1055 2033 quia
1082 1937 1227 2013 videtur
1260 1936 1359 2031 quod
1388 1958 1496 2012 mons
1525 1937 1571 2011 sit
1600 1938 1648 2011 ibi
1677 1939 1825 2033 arctior,
1852 1945 1890 2014 et

716 2066 842 2135 tamen
868 2059 1011 2134 videtur
1037 2058 1135 2153 quod
1168 2057 1213 2132 sit
1246 2076 1392 2153 semper
1426 2056 1594 2153 ampiior,
1627 2063 1668 2131 ut
1694 2058 1773 2154 jam
1805 2057 1889 2131 aiibi

716 2179 853 2255 dietum
881 2185 954 2272 est3
981 2178 1123 2253 etvuit
1148 2177 1283 2272 dicere,
1311 2177 1410 2271 quod
1434 2177 1594 2252 circulus
1624 2176 1692 2251 iste
1720 2184 1775 2251 est
1805 2178 1891 2251 bre·

716 2300 807 2394 vior,
834 2300 918 2374 licet
943 2319 1049 2373 moos
1067 2297 1112 2371 sit
1129 2297 1248 2391 latior,
1265 2297 1341 2371 imo
1358 2297 1466 2372 eitius
1483 2296 1523 2371 iit
1540 2296 1692 2392 planior,
1710 2298 1798 2391 quia
1816 2318 1891 2372 nou

717 2426 796 2495 erat
821 2419 961 2494 arduus
985 2439 1008 2492 a
1035 2417 1221 2514 principio,
1247 2416 1341 2491 sicut
1372 2416 1524 2512 primus,
1552 2422 1589 2491 et
1621 2414 1674 2491 sic
1698 2423 1779 2491 erat
1803 2416 1893 2492 saei-

717 2540 796 2615 lior.
812 2580 860 2593 -
878 2540 1021 2613 Ombra.
1040 2538 1105 2611 Hic
1122 2547 1230 2632 poeta
1247 2536 1419 2611 describit
1434 2536 1550 2631 ipsam
1572 2536 1670 2610 viam
1692 2556 1714 2609 a
1732 2535 1894 2609 circum·

717 2660 857 2733 stantiis
882 2659 969 2753 suis,
995 2658 1190 2734 ostendens
1215 2658 1293 2733 eius
1318 2656 1566 2731 diversitatem
1593 2678 1615 2731 a
1641 2657 1892 2752 praeeedente3

719 2779 817 2855 unde
842 2778 949 2853 dicit:
976 2780 1102 2853 onwro
1121 2799 1194 2851 uon
1218 2780 1268 2869 pii
1291 2774 1324 2871 ἐ,
1347 2777 1451 2872 idest,
1472 2777 1608 2871 anima,
1634 2798 1719 2872 quae
1751 2776 1801 2852 ibi
1824 2798 1893 2873 pu-

719 2899 842 2974 niatur
867 2898 905 2971 in
931 2898 1002 2993 via,
1028 2898 1122 2973 sicut
1146 2898 1183 2970 in
1209 2898 1327 2993 prima
1354 2897 1412 2973 ria
1433 2904 1519 2971 sunt
1536 2897 1697 2993 superbi,
1715 2893 1762 2971 ne*
1784 2918 1893 2989 seprio

719 3023 780 3095 cite
805 3023 968 3113 sipaiu;
995 3039 1069 3093 non
1094 3019 1214 3115 figura
1241 3018 1299 3093 vel
1324 3018 1447 3115 imago
1470 3038 1651 3114 apparens
1672 3017 1720 3093 ibi
1738 3019 1893 3113 sculpta,

718 3142 813 3219 sicut
837 3140 1037 3237 apparebat
1062 3139 1099 3213 in
1125 3138 1243 3235 prima
1269 3140 1340 3233 via,
1366 3160 1452 3233 quae
1486 3146 1568 3214 erat
1596 3139 1647 3213 ita
1678 3138 1894 3213 mirabiliter

718 3261 894 3355 laborata,
920 3259 983 3335 sed
1009 3260 1143 3352 sotum,
1163 3280 1238 3351 por
1262 3250 1293 3332 si
1318 3262 1354 3332 lo
1378 3263 1474 3351 ripa,
1495 3264 1533 3333 et
1559 3250 1674 3355 tangit
1692 3258 1811 3353 quadis
1836 3267 1893 3333 est

718 3381 788 3477 ria,
819 3403 905 3457 oum
938 3380 1048 3475 addit,
1070 3400 1145 3473 par
1177 3372 1207 3453 si
1241 3383 1278 3453 to
1310 3382 1369 3453 uio
1399 3382 1552 3471 reduto,
1583 3378 1675 3454 idest
1700 3379 1789 3473 sola,
1816 3378 1895 3454 sine

718 3502 842 3596 aliquo
868 3501 1012 3597 speciali
1039 3500 1156 3597 signo,
1181 3500 1414 3575 solummodo
1440 3520 1526 3574 oum
1554 3520 1622 3574 suo
1650 3501 1807 3574 naturali
1830 3521 1896 3576 eo-

719 3622 822 3716 lore3
841 3622 940 3697 unde
963 3620 1071 3696 dicit:
1097 3623 1155 3695 col
1181 3622 1288 3695 tietdo
1311 3624 1412 3724 color
1435 3624 1529 3695 delia
1549 3624 1704 3713 petroio,
1721 3622 1809 3714 quia
1836 3620 1895 3696 iiia

720 3747 834 3816 strata
860 3747 941 3816 erat
967 3740 1058 3815 tacta
1087 3760 1132 3815 ex
1160 3740 1278 3835 lapide
1303 3740 1423 3817 tivido.
1449 3741 1495 3813 Et
1518 3739 1576 3815 bio
1603 3747 1688 3815 nota
1709 3742 1808 3836 quod
1825 3740 1895 3816 sub

722 3862 788 3935 ista
814 3860 1008 3936 artificiosa
1035 3860 1181 3935 fictione
1205 3868 1315 3936 autor
1340 3860 1403 3935 dat
1418 3859 1597 3935 subtiliter
1616 3860 1779 3958 intelligi,
1798 3862 1897 3956 quod

722 3980 852 4056 vitium
879 3981 1061 4077 superbiae
1092 3987 1148 4057 est
1179 3981 1526 4076 manifestissimum,
1551 3987 1589 4057 et
1621 3982 1739 4057 reddit
1763 4003 1804 4057 se
1830 4004 1897 4059 no-

722 4101 903 4177 tissimum
929 4122 995 4196 per
1021 4102 1136 4176 multa
1163 4102 1285 4198 signa3
1311 4101 1440 4176 vitium
1467 4122 1558 4177 vero
1583 4101 1727 4177 inridiae
1751 4109 1808 4179 est
1832 4123 1898 4178 oo-

723 4222 979 4319 eultissimum,
997 4222 1059 4297 sed
1078 4222 1333 4297 manifestatur
1349 4222 1546 4317 aliquando
1564 4222 1601 4296 in
1618 4224 1743 4298 colore
1768 4223 1897 4298 livido:

722 4343 817 4419 sicut
847 4350 999 4439 apparet
1032 4343 1079 4418 de
1110 4342 1205 4429 tacto
1239 4342 1339 4437 quod
1370 4363 1468 4417 unus
1498 4343 1624 4418 videns
1653 4345 1711 4418 rel
1744 4344 1898 4421 audiens

723 4463 943 4557 felicitatem,
969 4462 1138 4559 gloriam,
1169 4462 1228 4537 vel
1252 4463 1432 4537 bonorem
1465 4462 1617 4537 alterius
1650 4464 1769 4538 variat
1798 4465 1899 4539 colo-

725 4603 816 4678 rem,
842 4589 879 4658 et
905 4583 1131 4680 respargitur
1156 4583 1284 4677 livore,
1301 4582 1396 4658 sicut
1420 4582 1507 4658 dicit
1530 4583 1577 4659 de
1601 4604 1642 4658 se
1668 4606 1765 4659 unus
1791 4585 1898 4680 spiri·

723 4704 836 4778 tosio
854 4702 1013 4798 capitulo
1038 4702 1216 4797 sequenti.
1237 4704 1282 4777 Et
1305 4702 1438 4798 subdit,
1453 4703 1553 4798 quod
1574 4724 1620 4779 ex
1639 4706 1710 4779 boc
1727 4704 1899 4802 Virgilius

722 4843 798 4897 non
823 4816 1012 4918 poterat(')
1027 4843 1178 4919 sperare
1198 4823 1245 4898 de
1269 4823 1450 4919 dirigento
1466 4844 1530 4899 eos
1555 4824 1592 4897 in
1618 4824 1714 4900 viam
1735 4833 1898 4920 reetam3

789 5082 817 5145 (¹)
832 5081 858 5133 S.
874 5096 927 5133 non
943 5087 1044 5146 poterat
1060 5083 1173 5148 dirigere
1187 5096 1233 5133 eor
1249 5083 1275 5133 iu
1292 5084 1360 5135 riam
1375 5089 1484 5135 rosum.
