4542 6842
628 986 631 993 ‘
717 1010 855 1066 cunnus
881 1009 1038 1065 bromus
1063 1008 1258 1065 sacenses.
1501 994 1570 1061 3t'l

398 1153 569 1229 ferociter
594 1154 750 1250 latravit,
778 1155 829 1229 sic
855 1154 972 1249 Pluto,
999 1154 1050 1229 sic
1080 1154 1205 1229 caeteri
1229 1153 1400 1229 custodes
1426 1152 1571 1247 interni,

398 1281 441 1349 ut
464 1274 511 1349 de
536 1274 766 1351 Barbaricoia
792 1275 880 1349 nibil
904 1274 1035 1369 dicam,
1062 1276 1124 1369 qui
1159 1282 1235 1349 tam
1266 1274 1466 1349 bestialiter
1490 1273 1573 1369 pul·

398 1394 500 1469 sabat
527 1394 702 1470 tubetam.
730 1396 774 1469 Et
800 1395 857 1470 hio
883 1402 967 1469 nota
994 1395 1093 1489 quod
1115 1397 1184 1470 boc
1216 1402 1336 1470 totum
1358 1401 1414 1469 est
1441 1414 1572 1469 verum

399 1514 597 1609 moraliter,
624 1514 711 1609 quia
744 1514 808 1609 qui
839 1514 950 1588 intrat
982 1514 1235 1609 poenitentiam
1271 1512 1488 1606 voluntarie,
1516 1512 1572 1585 in-

399 1640 472 1709 trat
487 1655 574 1709 oum
591 1634 726 1731 gaudio
753 1634 884 1709 mentis
910 1654 957 1709 ex
977 1634 1183 1729 devotione,
1206 1639 1364 1729 purgata
1381 1632 1572 1707 conscien·
1673 1650 1675 1655 ·

398 1754 465 1849 tia;
483 1754 546 1849 qui
564 1773 655 1829 vero
681 1753 793 1827 intrat
817 1773 977 1848 poenam,
1004 1772 1089 1847 quae
1114 1759 1156 1827 ut
1180 1753 1384 1849 plurimum
1403 1771 1572 1826 necessa-

400 1874 455 1949 rio
480 1874 647 1969 sequitur
671 1873 718 1950 ad
742 1876 901 1969 eulpam,
923 1874 1034 1949 intrat
1051 1894 1139 1948 cum
1161 1875 1309 1969 planctu
1329 1874 1386 1949 vel
1405 1874 1570 1968 querela,

399 1996 486 2090 quia
511 1996 662 2093 gulosus
688 1994 757 2069 sub
783 1994 916 2090 pluvia,
941 1994 1034 2069 idest
1060 1994 1247 2090 multiplici
1274 1993 1452 2090 passione,
1473 1993 1572 2068 dolet

328 2134 334 2143 ·
398 2122 436 2191 et
460 2117 613 2208 olamat3
644 2114 856 2191 luxuriosus
884 2136 971 2191 oum
1003 2115 1102 2190 venit
1127 2115 1174 2190 ad
1202 2115 1347 2190 ruinam
1375 2114 1492 2211 uenti,
1518 2114 1571 2187 ita

398 2236 571 2333 prodigus
597 2242 633 2309 et
658 2255 794 2309 avarus
820 2235 883 2329 qui
910 2241 986 2309 tam
1004 2236 1138 2309 acerbe
1157 2234 1383 2310 contendunt
1399 2234 1496 2308 inter
1513 2254 1569 2327 se,

398 2356 448 2430 ita
467 2354 530 2450 qui
556 2354 715 2430 bulliunt
743 2355 780 2428 in
810 2354 991 2451 sanguine
1020 2359 1057 2428 et
1087 2354 1151 2449 qui
1170 2354 1381 2429 aduruntur
1411 2374 1434 2427 a
1464 2353 1572 2427 bam·

400 2473 480 2568 mis,
495 2480 533 2549 et
552 2474 601 2548 ita
618 2474 665 2549 de
681 2473 893 2548 caeteris.-
905 2464 982 2547 th.
1002 2472 1067 2547 llic
1085 2479 1191 2568 poeta
1208 2472 1378 2548 describit
1395 2472 1568 2547 ellectum

398 2593 640 2670 ventilationis
666 2593 770 2668 iactae
795 2593 843 2667 ab
868 2594 1011 2690 angelo,
1039 2594 1125 2687 quia
1152 2594 1274 2667 statim
1301 2594 1416 2668 sactus
1442 2600 1497 2669 est
1517 2592 1571 2667 le·

398 2714 475 2809 vis3
502 2713 583 2789 ideo
610 2713 699 2809 petit
727 2734 749 2787 a
775 2712 924 2809 Virgilio
955 2734 1106 2787 oausam
1137 2734 1215 2787 suae
1245 2713 1507 2806 alleviationis3
1534 2719 1572 2789 et

399 2834 460 2909 ille
484 2834 645 2931 assignat
670 2854 798 2909 veram
824 2854 986 2927 oausam,
1007 2834 1105 2909 unde
1124 2833 1229 2908 dicit:
1259 2825 1326 2907 did
1351 2841 1565 2925 montanam,

398 2954 544 3047 seilicet,
570 2953 616 3028 ad
643 2954 845 3027 secundum
873 2954 1065 3048 circulum,
1087 2976 1128 3027 so
1151 2976 1217 3047 per
1242 2958 1268 3028 li
1290 2958 1449 3047 saeptione
1464 2958 1570 3047 send,

398 3074 500 3169 idest,
526 3096 592 3170 per
617 3074 754 3171 gradus
779 3075 950 3149 secundae
980 3077 1098 3169 scalae,
1132 3096 1216 3170 quae
1246 3075 1346 3150 ducit
1377 3076 1424 3151 ad
1454 3076 1572 3172 poeni·

399 3195 548 3269 tentiam
575 3195 727 3269 alterius
752 3194 840 3288 vitii,
867 3202 904 3269 et
935 3196 986 3271 sio
1016 3196 1132 3270 reddit
1161 3203 1362 3293 purgatum
1388 3203 1570 3288 sanctum,

398 3318 442 3389 ed
465 3336 559 3388 esser
585 3318 633 3388 mi
652 3336 768 3408 porea
794 3322 920 3408 troppo
942 3310 1004 3408 pini
1029 3319 1125 3409 liene,
1144 3324 1182 3391 et
1202 3318 1253 3391 sic
1273 3323 1353 3391 erat
1374 3316 1411 3389 in
1433 3316 1486 3390 rei
1507 3337 1573 3391 ve-

398 3434 516 3528 ritate,
544 3434 629 3528 quia
656 3434 875 3529 deposuerat
899 3456 1014 3531 grave
1039 3458 1172 3510 saxum
1198 3436 1472 3531 superbiente
1497 3456 1569 3508 non

397 3557 445 3628 mi
462 3576 580 3648 parea
604 3558 752 3629 deventi
766 3577 834 3648 per
859 3559 893 3629 lo
913 3559 1038 3648 pinno,
1056 3556 1160 3650 idest,
1178 3557 1288 3653 paulo
1304 3562 1392 3631 ante
1409 3577 1476 3651 per
1493 3558 1572 3653 pla·

397 3674 524 3749 nitiem
551 3675 679 3749 insulae
704 3683 902 3771 antequam
929 3676 1139 3771 perveniret
1167 3677 1215 3751 ad
1244 3682 1421 3752 montem.
1448 3678 1492 3751 Et
1517 3678 1573 3752 di·

397 3794 469 3869 cit:
502 3797 656 3889 undio,
685 3796 824 3891 supple,
857 3796 990 3891 petivi:
1028 3804 1194 3888 moestro,
1227 3796 1329 3891 idest,
1365 3817 1389 3871 o
1420 3796 1570 3893 Virgili3

397 3918 458 4008 di',
485 3918 570 4008 quot
600 3936 683 3990 cosa
713 3938 819 4007 meve
847 3910 911 3990 s'e*
932 3919 1046 3991 lenate
1076 3920 1124 3991 do
1153 3938 1219 4010 me,
1254 3920 1314 3991 ote
1346 3920 1449 4009 quasi
1471 3920 1571 3990 nulla

394 4038 505 4130 fatiae
529 4037 561 4108 si
583 4038 696 4109 ricem
717 4058 783 4128 per
800 4057 854 4109 me
869 4038 1071 4110 undando?
1092 4036 1272 4134 intelligas
1292 4036 1504 4131 respective.
1524 4036 1570 4110 llt

398 4156 498 4251 ponit
524 4156 797 4251 responsionem
823 4156 960 4253 Virgilii
987 4156 1050 4250 qui
1073 4157 1234 4254 assignat
1252 4178 1403 4232 eausam
1430 4164 1467 4233 et
1491 4158 1572 4253 pol-

398 4276 529 4351 licetur
563 4276 752 4351 meliorem
788 4296 915 4372 spem,
955 4276 1053 4351 unde
1087 4276 1194 4351 dioit:
1236 4279 1396 4371 rispose:
1428 4282 1572 4372 quondo

397 4398 412 4470 i
436 4401 479 4488 P,
505 4398 565 4469 obe
588 4418 654 4469 son
677 4399 803 4470 morosi
827 4417 939 4469 anaor
963 4399 1022 4470 nel
1045 4400 1136 4471 nollo
1167 4405 1238 4490 bro,
1258 4396 1360 4493 idest,
1388 4418 1475 4472 curn
1507 4420 1572 4475 ser

397 4523 546 4612 peccata
588 4516 756 4593 mortalia
798 4516 966 4613 insignita
1004 4516 1040 4589 in
1080 4517 1200 4592 fronte
1238 4525 1321 4611 tua,
1353 4540 1478 4611 presso
1513 4522 1574 4594 ebe

396 4638 501 4729 stinti,
526 4636 628 4731 idest,
655 4636 760 4731 quasi
786 4641 947 4731 mortua,
960 4636 1039 4733 jam
1058 4636 1276 4711 mortificata
1301 4638 1423 4714 radice
1440 4661 1572 4735 super-

399 4757 482 4849 biae,
516 4756 560 4831 de
599 4777 673 4851 qua
704 4756 921 4832 alimentum
957 4757 1169 4851 trabebant,
1204 4780 1365 4832 saranno
1400 4762 1458 4833 del
1492 4766 1574 4834 otto

396 4880 485 4969 rusi,
512 4876 614 4971 idest,
639 4878 786 4971 abolita,
824 4898 921 4951 ronse
951 4879 1048 4969 ton,
1073 4878 1220 4973 scilieet,
1247 4879 1286 4973 P,
1314 4879 1416 4973 idest,
1442 4900 1572 4976 pecca·

398 5006 479 5073 tum
506 4996 688 5092 superbiae
714 5003 769 5073 est
794 4996 943 5071 omnino
969 4995 1144 5071 abrasum
1174 4998 1223 5072 ab
1253 5000 1312 5073 ala
1343 4999 1474 5095 angeli,
1497 5003 1568 5093 fien

398 5122 424 5193 li
448 5120 521 5193 tuot
540 5114 610 5211 pit,
632 5116 734 5213 idest,
755 5117 977 5213 affectiones,
993 5110 1024 5191 st
1040 5120 1125 5193 vino
1140 5121 1205 5192 dal
1218 5120 1311 5194 boon
1329 5123 1440 5212 voler,
1465 5122 1569 5215 quasi
