4542 6842
731 898 802 965 512
1089 908 1295 965 couuuruu
1320 910 1539 966 euneevonn

729 1054 941 1150 recognovit
953 1046 989 1147 (¹)
1009 1074 1178 1129 errorem
1200 1075 1324 1149 suum,
1341 1054 1484 1130 dicens:
1507 1060 1560 1127 Lo
1584 1059 1657 1129 mio
1679 1058 1901 1147 cononum,

728 1174 875 1268 scilicet,
892 1174 939 1248 ad
956 1174 1087 1268 Deum,
1105 1166 1206 1267 oinrd,
1232 1174 1306 1249 beu
1327 1176 1432 1249 mibi!
1457 1175 1593 1249 damno
1610 1196 1706 1271 meo,
1719 1181 1761 1271 su
1778 1180 1901 1270 turdo,

727 1295 814 1390 qnia
840 1295 959 1369 solum
986 1293 1083 1369 circa
1109 1294 1241 1388 linem3
1267 1294 1366 1369 uude
1390 1294 1494 1368 dicit:
1521 1316 1594 1386 mo,
1619 1316 1715 1370 corre
1735 1302 1826 1391 sotto
1846 1301 1904 1392 siri

726 1436 856 1489 roman
878 1423 1034 1509 pastore,
1052 1415 1155 1508 idest,
1173 1435 1265 1509 papa
1287 1436 1475 1508 romanus,
1495 1408 1567 1488 cosi
1589 1422 1745 1509 scoporsi
1768 1421 1804 1490 ta
1828 1420 1901 1491 otto

726 1538 914 1628 bupiordo,
941 1536 1027 1632 quia
1052 1534 1206 1610 avaritia
1237 1534 1396 1610 mendax
1426 1537 1602 1631 promittit
1631 1539 1768 1611 bomini
1794 1538 1899 1612 suffi-

726 1658 907 1752 cientiam,
925 1664 963 1732 et
979 1647 1173 1752 praestatl¹l
1191 1655 1257 1729 sibi
1274 1656 1520 1752 indigentiam.
1540 1658 1583 1731 lit
1601 1657 1717 1754 tangit
1732 1679 1896 1753 causam,

727 1799 844 1874 quare
869 1778 1006 1853 detexit
1031 1777 1144 1852 vitam
1171 1776 1337 1851 fallacem
1363 1777 1400 1850 iu
1425 1784 1572 1875 papatu,
1593 1778 1680 1872 quia
1705 1780 1805 1853 venit
1829 1780 1896 1853 sibi

724 1900 761 1973 iu
787 1905 950 1975 mentem
962 1920 982 1971 ε·
998 1899 1091 1973 Ecce
1113 1898 1201 1992 quid
1218 1897 1361 1992 petisti?
1382 1903 1433 1971 tot
1458 1898 1655 1993 laboribus,
1679 1907 1732 1973 tot
1757 1900 1899 1973 viribus

725 2021 865 2095 cunctis
890 2019 1018 2094 diebus
1049 2019 1132 2093 vitae
1162 2024 1248 2113 tuae,
1274 2017 1425 2093 studens
1456 2039 1603 2114 semper
1631 2019 1827 2115 cupiditati,
1853 2028 1897 2094 ut

723 2140 936 2236 pervenires
961 2139 1008 2213 ad
1034 2139 1144 2212 istum
1171 2158 1343 2213 amarum
1364 2138 1550 2234 gradum?
1571 2138 1664 2213 Dicit
1682 2160 1792 2236 ergo:
1821 2142 1898 2213 Vidi

722 2264 782 2335 obe
807 2254 843 2351 li,
870 2260 972 2354 idest,
997 2241 1033 2333 in
1061 2266 1160 2333 tanta
1186 2258 1387 2352 altitudine,
1413 2280 1484 2332 non
1513 2263 1546 2332 st
1576 2268 1724 2351 quetooo
1747 2264 1775 2334 il
1797 2282 1894 2352 core,

722 2381 817 2455 sicut
843 2380 932 2455 ialso
957 2400 1206 2475 speraveram,
1223 2373 1342 2472 adpizi
1357 2382 1447 2453 sotir
1459 2384 1596 2473 potensi
1618 2384 1657 2455 in
1680 2385 1793 2473 quello
1810 2385 1896 2472 otti,

722 2502 824 2596 idest,
843 2523 916 2576 non
942 2507 1108 2596 poteram
1126 2500 1320 2596 pervenire
1335 2500 1383 2574 ad
1400 2500 1568 2576 altiorem
1595 2502 1753 2598 gradum
1778 2501 1897 2598 digni-

723 2626 806 2701 tatis
831 2623 867 2695 in
893 2622 967 2696 vita
994 2621 1196 2716 temporali.
1224 2622 1268 2695 Et
1293 2622 1351 2695 bic
1376 2628 1475 2716 nota,
1493 2622 1593 2716 quod
1609 2622 1790 2696 Adrianus
1811 2622 1896 2718 iecit

723 2742 898 2838 optimam
926 2740 1116 2815 rationem.
1136 2741 1203 2815 Cui
1229 2741 1328 2816 enim
1354 2741 1433 2837 regi
1459 2742 1518 2815 vel
1537 2741 1688 2838 principi
1714 2749 1769 2817 est
1794 2749 1894 2817 tanta

722 2862 878 2957 dignitas
895 2861 954 2934 vel
970 2864 1154 2955 potestas?
1171 2861 1301 2935 Galeri
1319 2861 1454 2936 babent
1472 2882 1604 2958 regere
1621 2862 1809 2956 mortalia;
1835 2862 1894 2936 bic

721 2980 922 3077 spiritualia
943 2979 1177 3076 gubernare:
1197 2979 1256 3053 alii
1276 2980 1412 3055 babent
1437 2981 1727 3076 praemineutiam
1753 2983 1800 3057 ab
1826 2983 1894 3057 bo·

722 3103 832 3196 mine,
859 3101 917 3175 bic
941 3101 989 3175 ab
1014 3106 1153 3174 aeterna
1178 3099 1353 3194 sapientia
1378 3100 1467 3174 bei:
1492 3100 1551 3175 alii
1579 3099 1788 3176 facultatem
1816 3107 1893 3176 ter-

720 3242 909 3310 renorum,
928 3220 986 3294 bic
1011 3220 1122 3294 habet
1147 3218 1353 3294 libertatem
1379 3226 1618 3314 eternorum,
1636 3220 1762 3316 immo,
1780 3228 1822 3294 ut
1838 3221 1894 3295 di-

719 3349 819 3436 cunt,
832 3340 1039 3415 dominator
1056 3338 1228 3413 vivorum
1247 3339 1411 3414 simulet
1429 3345 1675 3414 mortuorum.
1689 3339 1783 3414 Nihil
1801 3361 1893 3437 ergo

718 3462 838 3537 maius
864 3466 919 3534 est
944 3460 1003 3534 vel
1028 3478 1109 3533 esse
1134 3464 1252 3553 potest
1277 3458 1314 3532 iu
1339 3459 1431 3533 orbe
1455 3459 1664 3552 christiano,
1682 3459 1765 3534 lieet
1785 3459 1894 3533 bodie

716 3603 850 3679 parum
877 3578 1204 3677 magnipendatur3
1225 3578 1308 3653 ideo
1325 3579 1420 3653 bene
1440 3580 1545 3654 dicit:
1558 3576 1688 3672 pectre
1701 3582 1740 3653 di
1755 3587 1889 3673 questo,

717 3702 863 3796 scilicet,
890 3700 963 3775 vita
989 3706 1140 3792 aeterna,
1167 3720 1234 3794 pro
1265 3720 1340 3793 qua
1370 3701 1537 3775 babenda
1562 3701 1620 3775 bic
1645 3720 1786 3796 purgor
1810 3702 1890 3794 plo-

717 3824 844 3917 rando,
869 3825 907 3894 in
931 3842 985 3893 nte
1009 3822 1168 3893 succosa
1192 3840 1325 3892 amore.
1352 3820 1396 3893 Et
1418 3819 1476 3893 bic
1496 3818 1616 3893 subdit
1636 3819 1754 3913 qualis
1780 3818 1892 3892 fuerit

716 3952 803 4019 ante
828 3942 917 4017 illud
942 3948 1088 4035 tempus
1107 3938 1251 4013 dicens:
1265 3942 1341 4031 too
1364 3960 1389 4013 o
1414 3941 1493 4031 quet
1511 3946 1633 4032 ponto,
1651 3938 1891 4034 promotionis

716 4065 901 4157 maximae,
915 4063 970 4156 fui
993 4064 1114 4133 animo
1140 4062 1271 4131 misero
1295 4080 1314 4131 e
1335 4062 1471 4152 partito
1494 4062 1543 4131 do
1560 4060 1639 4131 Dio.
1658 4058 1702 4131 Et
1718 4058 1776 4133 bic
1801 4065 1890 4133 nota

715 4185 815 4280 quod
842 4184 1022 4257 Adrianus
1047 4200 1181 4254 verum
1198 4178 1284 4255 dicit
1294 4202 1305 4272 3
1322 4178 1497 4272 quoniam
1515 4178 1667 4252 avaritia
1687 4184 1889 4253 sectatores

713 4326 801 4380 suos
825 4325 848 4378 a
875 4301 1057 4377 consortio
1082 4298 1278 4373 divinitatis
1302 4307 1340 4373 et
1353 4288 1390 4389 (³)
1416 4318 1488 4371 usu
1511 4295 1668 4371 ooelestis
1693 4296 1891 4371 beatitudi-

714 4426 770 4500 nis
798 4427 965 4501 removet
982 4428 1020 4495 et
1037 4421 1204 4516 elongat3
1222 4438 1291 4492 nec
1309 4424 1427 4513 potest
1443 4438 1578 4492 avarus
1595 4418 1675 4491 deri
1691 4417 1766 4491 voti
1784 4438 1890 4491 com·

712 4568 789 4643 pos,
815 4546 910 4620 sicut
934 4541 1065 4619 accidit
1092 4540 1153 4613 uni
1180 4539 1339 4615 consorti
1357 4538 1461 4611 istius
1477 4537 1635 4612 Adriani.
1657 4538 1749 4611 Nam
1770 4537 1891 4611 domi-

713 4689 783 4742 nus
800 4663 1005 4762 principalis
1021 4662 1068 4735 de
1085 4660 1199 4735 Flisoo
1220 4658 1418 4733 ditissimus
1437 4657 1657 4733 clericorum
1678 4656 1890 4750 impetravit

713 4787 931 4863 vicariatum
948 4780 1090 4877 imperii
1107 4802 1129 4855 a
1147 4778 1351 4874 Rodulpbo,
1369 4798 1416 4853 en
1437 4798 1513 4871 quo
1532 4777 1802 4871 depauperatus
1820 4783 1888 4850 est.

1780 4940 1891 4952 -ο

778 5044 1057 5111 (thrasonianae
1182 5041 1356 5107 (¹)1s.pmt.
1479 5038 1507 5101 (η
1524 5038 1555 5089 u.
1571 5043 1599 5087 er
1614 5037 1670 5088 svm
1686 5034 1805 5087 seneve
