4542 6842
717 934 789 1003 l78
1068 950 1282 1022 ,conmuni
1304 951 1524 1009 wnuuromr

717 1094 848 1183 tiaiitor
865 1096 902 1169 in
919 1098 1007 1173 hoc:
1029 1096 1060 1171 si
1079 1116 1186 1173 amor
1206 1117 1273 1191 per
1289 1104 1327 1171 te
1343 1097 1443 1173 uenit
1462 1096 1511 1173 ab
1527 1104 1645 1192 extra,
1663 1097 1755 1173 idest
1771 1118 1795 1171 u
1810 1098 1891 1193 plu-

713 1216 885 1297 cibilitate
902 1216 957 1295 rei
974 1216 1106 1291 oblatae
1122 1215 1160 1291 iu
1179 1236 1258 1311 unu
1272 1215 1397 1291 anima
1414 1222 1580 1292 meretur
1598 1218 1658 1291 vel
1673 1216 1889 1293 demeretur
1903 1239 1907 1308 ζ

712 1336 744 1411 si
767 1338 862 1415 benc
886 1337 946 1413 vel
971 1336 1069 1414 maie
1093 1343 1210 1431 amat,
1224 1358 1315 1413 cum
1336 1358 1450 1413 rausa
1474 1336 1520 1410 sit
1534 1328 1570 1429 (¹)
1598 1338 1816 1413 extrinseca.
1833 1337 1891 1413 td

712 1456 857 1538 literam
881 1477 972 1553 ergo
997 1462 1105 1551 poeta
1130 1456 1349 1535 continuans
1372 1456 1469 1533 dicta
1497 1456 1669 1551 dicendis,
1695 1456 1799 1533 dicit:
1826 1460 1892 1533 lti-

711 1580 807 1670 tpcui
830 1580 865 1653 io
890 1580 953 1669 lui,
977 1576 1125 1671 scilicet,
1150 1576 1299 1674 Virgilio
1324 1577 1485 1671 donnino,
1515 1577 1610 1673 patri
1634 1585 1673 1653 et
1697 1578 1889 1675 magistro,

715 1700 824 1777 oue
850 1700 977 1792 parole
1007 1699 1181 1773 m’teuno
1212 1700 1411 1793 discoperto
1439 1718 1576 1789 umore,
1600 1697 1706 1792 idest,
1732 1698 1888 1774 mande·

716 1826 906 1897 staverunt
931 1818 1020 1893 mihi
1044 1818 1235 1895 diffinitive
1258 1818 1348 1919 quid
1371 1818 1417 1893 sit
1440 1838 1559 1912 amor,
1583 1821 1624 1892 nt
1646 1822 1718 1893 mio
1740 1839 1890 1911 sapuere

715 1943 879 2033 indeque
906 1939 1007 2033 idest,
1034 1939 1181 2035 ingenio
1212 1959 1297 2015 meo
1329 1938 1429 2033 quod
1459 1939 1627 2033 sequitur
1660 1947 1716 2033 te3
1743 1960 1804 2013 nu
1832 1933 1890 2013 cid

716 2062 820 2135 m'tio
841 2065 932 2156 fatto
954 2063 992 2133 di
1016 2061 1166 2135 duddiur
1185 2054 1249 2153 ptri
1266 2080 1421 2153 proprio,
1448 2059 1552 2153 quasi
1575 2059 1689 2135 dicat:
1716 2080 1763 2135 en
1787 2059 1890 2135 solu-

717 2181 817 2257 tione
840 2180 948 2275 primi
973 2181 1073 2256 dubii
1099 2186 1228 2258 natum
1254 2186 1309 2255 est
1333 2180 1433 2256 aliud
1450 2179 1570 2255 maius
1589 2186 1627 2254 et
1645 2179 1893 2275 periculosius

715 2299 754 2375 iu
779 2306 903 2377 ruente
930 2321 1023 2377 mea.
1040 2302 1132 2375 Nam
1150 2320 1271 2397 arguo
1290 2299 1363 2375 sic:
1380 2319 1447 2394 per
1463 2298 1500 2373 id
1515 2298 1615 2393 quod
1630 2299 1748 2374 dixisti
1766 2300 1907 2377 omnis·

714 2420 880 2520 operatio
905 2427 981 2495 tam
1006 2421 1103 2496 bona
1132 2442 1246 2516 quarn
1282 2419 1380 2494 mala
1408 2420 1572 2515 procedit
1602 2419 1651 2495 ah
1681 2440 1822 2515 amore,
1849 2427 1887 2513 ot

716 2561 823 2619 arnor
847 2548 1048 2637 generatur
1077 2562 1100 2615 a
1132 2562 1175 2618 re
1207 2540 1374 2637 placibili,
1399 2560 1484 2634 quae
1514 2539 1672 2615 uitentur
1700 2542 1804 2617 nohis
1836 2524 1909 2628 abf

716 2667 833 2755 entra,
859 2662 906 2737 ad
931 2682 1044 2755 quam
1071 2660 1340 2757 placibilitatem
1365 2658 1511 2735 animus
1536 2659 1691 2757 ligatur3
1708 2681 1800 2758 ergo
1816 2682 1885 2737 nee

717 2788 884 2865 meretur
910 2801 978 2857 nec
1002 2781 1229 2859 demeretur.
1255 2780 1294 2855 Si
1318 2780 1419 2855 enim
1441 2780 1566 2855 anima
1595 2780 1705 2857 habet
1732 2802 1756 2855 a
1781 2802 1890 2857 cren-

718 2906 803 2977 tnre·
825 2900 925 2994 quod
947 2900 992 2974 sit
1016 2907 1101 2997 apta
1132 2908 1218 2977 nata
1238 2900 1286 2975 ad
1314 2899 1534 2997 possendm
1564 2899 1703 2975 habere
1725 2902 1909 2996 compla-¹

718 3020 940 3114 ciuitatem,
954 3026 991 3095 et
1005 3040 1070 3116 per
1088 3021 1199 3097 talem
1216 3020 1487 3115 dispositionem
1504 3019 1653 3113 amat,si
1671 3028 1773 3094 amat
1790 3020 1889 3095 male

718 3160 793 3215 non
817 3146 872 3215 est
896 3161 964 3216 sua
989 3142 1108 3235 culpa,
1134 3141 1165 3215 si
1190 3142 1285 3217 bene
1309 3161 1386 3217 non
1409 3147 1465 3215 est
1488 3160 1599 3213 suum
1621 3141 1808 3214 meritum.
1825 3139 1890 3215 Di-

716 3259 768 3336 cit
791 3280 897 3356 ergo:
924 3256 986 3335 cti
1007 3265 1036 3335 s’
1049 3282 1155 3335 umor
1179 3257 1201 3335 c*
1222 3266 1363 3354 offerto,
1380 3260 1505 3335 animo
1526 3245 1663 3353 nostro,
1680 3262 1719 3333 di
1738 3263 1839 3354 [uoci
1863 3281 1907 3350 a·

719 3383 793 3472 nui,
819 3402 843 3457 a
868 3381 1099 3476 placibilitaie
1125 3380 1181 3457 rei
1205 3382 1468 3477 extrinseoae,e
1490 3382 1512 3453 t'
1525 3382 1647 3453 ocimu
1663 3401 1737 3453 noo
1752 3402 1800 3454 oa
1823 3364 1911 3456 cort.

718 3502 815 3575 ultro
833 3503 949 3593 piade,
975 3522 1088 3595 quarn
1114 3522 1202 3575 cum
1229 3500 1322 3597 pede
1351 3499 1500 3592 amoris,
1527 3500 1591 3593 qui
1625 3506 1680 3575 est
1713 3500 1894 3576 naturalis

718 3628 853 3715 mutus,
878 3622 968 3716 quia
999 3622 1122 3697 anima
1147 3628 1272 3698 creata
1306 3620 1437 3697 estad
1466 3619 1514 3714 id,
1538 3627 1580 3693 ut
1612 3620 1732 3696 dixisti
1765 3607 1913 3717 suprgJ

716 3762 787 3813 nou
813 3739 922 3833 douo
944 3749 1068 3834 merto
1093 3743 1200 3830 idest,
1223 3742 1304 3819 laus
1330 3741 1390 3818 uel
1414 3740 1538 3835 culpa,
1565 3740 1630 3817 sed
1653 3740 1785 3817 obiecti
1811 3743 1890 3837 pia-

715 3860 841 3955 cibilis‚
864 3884 902 3937 rc
926 3884 976 3935 vu
998 3866 1106 3939 drdta
1123 3885 1146 3937 o
1163 3870 1271 3955 tortu,
1291 3862 1395 3957 idest,
1412 3882 1478 3957 per
1504 3861 1602 3935 viam
1630 3861 1811 3937 nuruum
1830 3866 1888 3939 vel

718 3981 904 4063 viliorunn
918 4024 969 4039 -
981 3988 1025 4059 dt
1048 3986 1113 4057 elli
1139 3983 1205 4059 Hic
1230 3988 1338 4079 poeta
1363 3982 1489 4059 rolens
1508 3981 1652 4057 solvere
1671 3980 1768 4057 istud
1795 3984 1889 4061 sorte

718 4100 886 4197 datium,
912 4103 1031 4197 primo
1056 4102 1194 4177 inducit
1220 4102 1412 4199 Virgilium
1437 4106 1696 4196 protestantem
1713 4092 1763 4195 (¹),
1789 4103 1889 4197 quod

718 4220 870 4303 intendit
895 4223 1038 4299 solvere
1064 4222 1309 4318 quaestionem
1330 4220 1537 4297 &undum
1566 4220 1755 4299 scientim
1779 4230 1890 4299 netu·

721 4340 837 4417 ratem
855 4360 930 4417 non
952 4339 1124 4417 diruam.
1143 4339 1235 4417 Dicit
1252 4360 1362 4437 ergo:
1380 4344 1425 4415 nt
1439 4342 1497 4413 etti
1512 4361 1538 4413 a
1553 4360 1632 4413 ute:
1648 4341 1788 4437 supple,
1807 4343 1891 4418 Vir-

717 4460 826 4557 gilius
850 4461 1053 4558 respondit:
1080 4464 1139 4537 dir
1163 4464 1190 4536 ti
1210 4462 1304 4555 poss
1317 4464 1367 4552 io,
1391 4460 1491 4537 circa
1516 4460 1725 4556 quaesitum,
1758 4473 1891 4556 quatuo

717 4584 848 4673 rupim
872 4584 932 4673 qni
956 4584 1052 4675 ordo,
1078 4581 1182 4676 idest,
1208 4588 1389 4675 quantum
1414 4580 1639 4676 philosophia
1658 4582 1836 4657 naturalis
1852 4583 1890 4658 in

717 4700 787 4783 hec
812 4702 1014 4799 cognoscin
1041 4704 1090 4777 du
1112 4704 1189 4777 iudi
1212 4705 1251 4775 iu
1266 4691 1315 4793 ui,
1333 4701 1439 4794 idest,
1454 4700 1485 4775 si
1501 4701 1662 4777 volueris
1681 4702 1777 4779 scire
1795 4704 1892 4779 ultra

719 4820 899 4900 rationem
925 4820 1148 4915 naturalem,
1164 4824 1328 4915 turpettu
1342 4841 1417 4917 pur
1433 4841 1458 4894 a
1474 4824 1647 4913 nowen,
1663 4821 1771 4918 idest,
1787 4825 1890 4900 theo-

779 5082 1184 5145 (intumentum
1400 5079 1428 5147 (η
1444 5082 1470 5133 S.
1486 5084 1661 5147 pmcn.
