4542 6842
714 958 784 1025 2⁰⁰
1072 965 1276 1021 comanis
1300 962 1522 1019 ronennonn

713 1123 788 1191 teta
815 1119 934 1188 massa
960 1111 1180 1208 posteritatis
1203 1111 1274 1185 init
1297 1110 1444 1204 iniecta3
1463 1109 1549 1203 qnia
1574 1108 1693 1204 prima
1709 1128 1798 1183 caro
1814 1106 1884 1181 d'rit

713 1234 857 1309 rebeliis
883 1234 970 1326 Deo,
996 1231 1078 1307 ideo
1104 1252 1178 1305 non
1206 1237 1263 1306 est
1292 1228 1421 1305 habilis
1448 1229 1496 1303 ad
1525 1228 1772 1324 recipiendam
1797 1248 1883 1323 gra·

714 1353 801 1429 tiam
836 1352 1019 1427 viatorum
1054 1356 1092 1426 et
1123 1352 1327 1446 justorum,
1363 1350 1432 1424 nisi
1469 1349 1587 1444 primo
1626 1347 1883 1423 reconcilietur

713 1474 789 1549 Deo
805 1466 853 1567 (¹),
879 1471 1003 1547 abluta
1029 1471 1138 1546 sorde
1162 1492 1228 1567 per
1253 1470 1487 1565 baptismum,
1513 1469 1609 1543 sicut
1632 1468 1719 1541 oiim
1753 1486 1884 1542 recon-

714 1592 906 1669 ciliabatur
923 1611 989 1687 per
1007 1590 1114 1665 fidem
1136 1596 1332 1687 parentum
1352 1596 1390 1665 et
1406 1609 1473 1685 per
1492 1588 1821 1665 circumcisionem.
1838 1587 1884 1660 Et

621 1734 624 1739 ’
715 1712 829 1809 tangit
854 1711 952 1787 alind
976 1731 1095 1808 genus
1128 1710 1333 1803 hominurn,
1363 1708 1510 1785 dicens:
1544 1712 1638 1804 paint
1666 1716 1720 1783 sto
1749 1712 1785 1781 io
1817 1726 1883 1780 coo

715 1836 804 1926 quei,
838 1833 973 1908 scilicet
1006 1831 1226 1927 philosophis
1250 1840 1289 1907 et
1317 1830 1433 1926 poetis
1466 1830 1626 1927 paganis,
1657 1833 1718 1903 cte
1749 1849 1822 1901 non
1853 1830 1885 1900 si

715 1958 842 2029 cesten
867 1958 898 2027 te
922 1961 975 2027 tre
998 1960 1097 2027 sante
1113 1947 1223 2043 oertd,
1241 1950 1386 2046 scilicet,
1400 1952 1522 2045 fidem,
1540 1972 1654 2047 spem,
1673 1950 1883 2041 caritatem3

715 2096 799 2169 qnae
824 2075 978 2149 virtutes
1003 2073 1133 2148 divinae
1166 2081 1253 2149 sunt
1283 2070 1566 2146 christianorum
1598 2076 1754 2163 tantum,
1779 2090 1799 2141 e
1823 2088 1885 2140 oo

713 2197 843 2271 notter
868 2197 1004 2286 talne,
1039 2192 1186 2287 scilicet,
1218 2198 1379 2286 quatuor
1414 2193 1584 2287 morales,
1618 2189 1763 2281 scilicet,
1794 2208 1884 2283 pru·

714 2315 886 2409 dentiam,
915 2312 1106 2409 justitiam,
1142 2311 1403 2406 tortitudinem,
1438 2311 1718 2407 temperantiam
1730 2334 1743 2404 3
1777 2328 1887 2382 senza

714 2437 818 2526 oizto,
845 2440 1025 2528 quantum
1054 2438 1109 2507 est
1125 2431 1295 2527 possibile
1313 2430 1451 2504 homini
1472 2430 1588 2526 posito
1605 2437 1711 2505 extra
1726 2428 1885 2525 gratiam

715 2554 809 2649 fidei,
839 2577 857 2627 e
883 2556 1005 2655 sepnir
1037 2559 1116 2626 tutte
1146 2559 1285 2644 ponec,
1310 2550 1406 2625 sient
1431 2551 1511 2646 jam
1541 2550 1628 2624 satis
1658 2550 1796 2625 dictum
1830 2553 1886 2623 est

717 2674 837 2770 primo
862 2674 1021 2769 capituto
1047 2672 1158 2747 huius
1182 2672 1275 2746 libri.

789 2800 852 2869 Ma
875 2816 913 2869 se
936 2800 971 2867 tn
995 2796 1052 2867 sai
1076 2792 1303 2886 opooi.1sta
1320 2798 1376 2867 est
1396 2790 1556 2867 secunda
1582 2812 1668 2887 pars
1691 2790 1885 2887 generalis,

717 2915 755 2991 in
780 2935 853 3009 qua
879 2921 986 3009 poeta
1011 2912 1181 2989 describit
1207 2932 1340 3009 magna
1365 2918 1447 2985 arte
1465 2912 1588 2986 locum
1608 2911 1775 2985 rirornm
1802 2910 1888 2985 itiu-

720 3035 851 3110 strium
878 3033 1173 3127 christianorum,
1191 3033 1256 3127 qui
1272 3032 1434 3127 impediti
1451 3032 1550 3106 circa
1566 3050 1696 3107 curam
1713 3032 1885 3124 otiorum,

719 3178 792 3231 non
819 3154 997 3230 recordati
1024 3161 1108 3229 sunt
1133 3174 1212 3227 snm
1236 3153 1363 3227 salutis
1387 3153 1456 3227 nisi
1480 3152 1517 3225 in
1532 3146 1681 3247 'morte;
1699 3152 1763 3227 sed
1781 3159 1887 3225 ante

719 3298 830 3373 quarn
862 3276 985 3351 veniat
1019 3274 1066 3349 ad
1098 3274 1204 3349 istam
1235 3274 1515 3367 descriptionem
1548 3273 1719 3369 Virgilius
1744 3272 1886 3368 petita

718 3398 881 3473 Sorddlo
906 3396 953 3472 de
978 3395 1036 3471 via
1068 3394 1228 3470 breviori
1257 3394 1459 3491 purgatorii
1488 3394 1535 3468 ad
1566 3393 1665 3487 quod
1693 3392 1888 3488 appropio·

717 3517 890 3613 qnabant.
917 3514 1008 3590 Dicit
1033 3535 1144 3611 ergo:
1163 3514 1250 3589 satis
1268 3514 1343 3589 dini
1359 3513 1423 3587 tibi
1440 3513 1523 3607 quis
1538 3513 1621 3606 sim,
1646 3519 1684 3587 et
1709 3512 1807 3586 unde
1824 3530 1888 3586 re-

719 3638 850 3733 nerim‚
876 3643 913 3711 et
937 3635 1144 3732 quomodo:
1163 3656 1222 3708 mn
1239 3656 1277 3709 se
1300 3642 1337 3709 tu
1357 3638 1451 3708 saio
1470 3636 1568 3726 poci,
1591 3634 1661 3708 hoc
1685 3632 1782 3725 dicit,
1800 3630 1887 3726 qnia

720 3756 902 3833 nesciebat
927 3756 957 3830 si
982 3755 1049 3832 iste
1075 3776 1188 3850 quern
1214 3754 1404 3829 invenerat
1425 3753 1674 3848 quiescentem
1700 3758 1738 3827 et
1763 3752 1888 3825 solita-

720 3876 829 3969 rium,
848 3881 928 3950 erat
948 3875 1073 3949 solitus
1098 3874 1297 3950 ascendere
1317 3874 1503 3969 superins3
1522 3876 1582 3947 do'
1595 3876 1656 3946 noi
1680 3876 1806 3946 donno
1829 3874 1888 3944 ia-

720 4000 827 4088 dizio,
865 3996 895 4069 si
928 4016 1001 4070 non
1028 4002 1132 4092 potes
1155 3994 1214 4070 vei
1239 4014 1312 4069 non
1336 3994 1392 4068 vis
1416 3994 1544 4071 venire
1579 3994 1783 4087 nobiscum,
1802 4012 1890 4085 prr-

720 4118 781 4195 cde'
804 4121 902 4192 oeni
921 4121 1079 4210 possiam
1100 4113 1164 4211 piri
1188 4125 1289 4208 tosto,
1315 4117 1401 4212 qnia
1427 4116 1583 4211 expendi
1607 4117 1689 4212 ptus
1715 4112 1890 4209 temporis

721 4246 844 4315 tecum
861 4258 974 4333 qnam
992 4237 1180 4332 putabam,
1198 4226 1235 4310 ld
1254 4239 1343 4309 dove
1366 4239 1393 4309 it
1404 4238 1616 4329 purgatorio
1632 4238 1680 4309 tro
1695 4238 1802 4309 dido
1821 4238 1890 4307 ini·

720 4364 792 4451 zio,
817 4358 919 4452 idest,
945 4364 1100 4452 portam.
1133 4356 1177 4429 Et
1208 4356 1330 4430 statim
1359 4356 1460 4451 ponit
1490 4354 1762 4451 responsionem
1795 4353 1891 4428 illins

719 4480 864 4555 dicens:
891 4482 1038 4571 reposo,
1065 4478 1124 4552 iile
1150 4477 1354 4552 Sordellns:
1384 4480 1462 4549 toco
1485 4484 1579 4549 certo
1614 4495 1687 4549 noo
1719 4471 1798 4549 m’e‘
1822 4494 1892 4567 po·

719 4608 794 4693 sto;
814 4599 922 4695 juxta
949 4599 1035 4673 illud
1054 4582 1214 4695 Virgilii:
1244 4600 1338 4671 Nudi
1360 4604 1458 4671 certo
1481 4599 1619 4689 domin,
1644 4600 1729 4669 tucis
1753 4596 1892 4669 dabito-

720 4744 796 4797 mas
821 4725 952 4815 opacis,
965 4762 984 4775 -
996 4723 1087 4794 licito
1104 4722 1149 4793 m'
1162 4716 1183 4793 e*
1198 4722 1319 4792 ardor
1333 4738 1415 4791 soso
1431 4722 1477 4792 od
1491 4722 1642 4792 tumne.
1661 4718 1705 4791 nt
1725 4716 1784 4791 hic
1805 4723 1893 4791 nota

721 4841 819 4936 quod
846 4842 912 4915 ista
939 4840 1124 4936 responsio
1150 4838 1303 4913 Sordeili
1323 4838 1468 4913 videtur
1489 4845 1701 4933 competere
1720 4838 1891 4912 omnibns

785 5091 812 5154 ς’)
827 5090 859 5141 Β.
876 5090 932 5141 Deo
947 5103 994 5153 por
1009 5090 1173 5153 baptismum.
