4542 6842
675 1011 679 1015 .
724 922 861 981 camin
886 901 1046 982 oncrum
1070 925 1241 983 ocrrvm.
1498 912 1577 983 tte-

398 1087 525 1163 mae
552 1070 623 1145 Per
647 1064 718 1145 hoc
741 1077 868 1146 autem
893 1072 957 1146 dat
981 1070 1143 1169 intelligi,
1160 1071 1260 1167 quod
1276 1073 1486 1168 aliquandiu
1505 1074 1577 1157 de.

398 1190 567 1266 liberavit
592 1208 677 1265 cum
705 1191 848 1265 ratione
873 1191 901 1265 si
927 1193 1014 1267 satis
1037 1192 1084 1267 ad
1101 1194 1252 1288 plenum
1269 1194 1408 1269 dictum
1427 1202 1509 1269 erat
1524 1195 1571 1270 de

399 1312 552 1387 materia
577 1313 726 1406 amoris,
752 1319 791 1387 et
815 1310 1009 1389 videbatur
1034 1314 1135 1408 quod
1160 1333 1244 1389 non.
1267 1312 1312 1388 llt
1330 1314 1458 1389 subdit
1475 1334 1576 1409 quo».

398 1431 509 1507 modo
534 1431 704 1529 Virgilius
729 1430 894 1528 praestitit
910 1433 976 1507 sibi
995 1434 1231 1509 securitatem
1248 1434 1405 1529 petendi,
1425 1430 1576 1509 dicensi.

398 1568 459 1623 utu
481 1554 562 1643 puel
573 1551 692 1643 padre
712 1572 848 1644 aarum,
866 1553 1013 1648 scilicet,
1030 1553 1212 1650 VirgiliuS,
1230 1557 1291 1628 aba
1313 1558 1498 1648 demorsa
1513 1558 1577 1629 dat

399 1673 518 1745 mdo
543 1674 639 1745 tuter
662 1674 723 1745 obe
746 1692 819 1745 nou
840 1674 1014 1767 cupitae,
1039 1674 1085 1748 ad
1110 1670 1375 1769 propalandum
1403 1674 1580 1767 dubium,

395 1788 589 1883 pmmndo,
604 1792 644 1863 dt
656 1792 789 1883 partor
812 1793 918 1865 cadri
941 1794 991 1865 ati
1009 1810 1128 1885 porse.
1146 1791 1240 1880 Quia
1259 1791 1369 1867 dixit:
1390 1799 1476 1888 pete
1497 1811 1572 1867 au·

399 1910 524 1987 ducier
547 1910 647 2005 quod
672 1911 880 2007 concepisti.
893 1948 944 1967 -
959 1912 1050 1987 Orta‘
1061 1915 1108 1987 io.
1131 1913 1196 1988 Hic
1221 1920 1328 2010 poeta
1354 1914 1455 2009 ponit
1479 1909 1572 2009 petl·

400 2030 535 2106 tionem
552 2052 677 2126 suam;
702 2037 740 2105 et
766 2032 885 2126 primo
909 2038 1030 2127 captat
1051 2028 1346 2108 benevolentiam
1372 2040 1415 2108 ut
1441 2030 1575 2120 reddat

398 2167 487 2226 eum
501 2149 617 2247 magis
630 2158 842 2246 promptum
855 2150 1078 2246 addicenda,
1092 2152 1355 2229 commendans
1372 2172 1458 2247 quae
1473 2152 1567 2227 dicta

398 2277 494 2346 sunt.
520 2270 623 2347 Unde
647 2270 751 2347 dicit:
774 2268 925 2364 Ovtd'io,
949 2248 1080 2367 ‘s'upple
1105 2273 1215 2367 petivi
1240 2280 1278 2348 et
1302 2274 1396 2347 diri:
1422 2295 1445 2347 o
1471 2292 1571 2347 moe·

397 2398 486 2481 sao,
511 2392 657 2486 scilicet,
676 2392 821 2488 virgili:
843 2392 1016 2469 continuo
1042 2394 1254 2470 accumulat
1271 2394 1351 2468 eius
1367 2396 1569 2487 bonorem,

398 2511 518 2607 primo
544 2512 641 2585 enim
667 2519 864 2587 vocaverat
884 2532 971 2587 eum
994 2512 1182 2589 doctorem
1200 2513 1332 2607 altum,
1349 2513 1480 2589 deinde
1505 2533 1574 2607 pa·

401 2638 493 2706 trem
522 2652 666 2727 verum,
685 2652 783 2707 nunc
809 2634 917 2707 tertio
942 2632 1181 2729 magistrum,
1206 2637 1234 2707 tt
1257 2636 1327 2707 mio
1353 2636 1450 2707 ooter
1472 2634 1574 2722 deo,-

400 2754 493 2843 mou,
519 2750 621 2846 idest,
648 2752 850 2848 vigeretur,
875 2746 906 2825 sl
930 2756 989 2826 act
1016 2760 1073 2827 tuo
1104 2755 1207 2846 tone,
1238 2754 1340 2849 idest,
1366 2756 1467 2829 claro
1492 2756 1571 2829 elo-

400 2870 499 2965 quio,
517 2872 611 2945 cb’to
625 2874 787 2945 decorato
803 2874 938 2963 obturo,
955 2870 1035 2949 sine
1060 2872 1160 2948 nube
1175 2872 1422 2968 dubitationis,
1440 2882 1573 2966 quauta

400 2994 436 3065 lu
454 3000 514 3066 tuo
530 2995 673 3084 raptore
690 3011 757 3088 per
774 2992 960 3067 scientiam
979 2994 1186 3068 naturalem
1209 3001 1248 3069 et
1267 2995 1461 3088 moralem,
1472 3000 1571 3087 potu'

399 3114 610 3204 admotae,
627 3112 725 3187 circa
741 3111 1005 3189 distinctionem
1024 3114 1163 3189 amoris
1179 3133 1245 3208 per
1264 3119 1301 3188 te
1318 3113 1470 3210 iactam,
1483 3109 1572 3208 peni

399 3236 424 3306 tt
445 3254 571 3325 nepo,
595 3234 693 3307 dolce
711 3236 829 3326 padre
853 3253 953 3324 caro,
972 3233 1104 3309 blande
1129 3223 1293 3329 loquitur
1310 3254 1358 3309 ne
1378 3246 1572 3331 gravetur,

398 3353 458 3427 cle
482 3357 531 3427 mi
553 3356 728 3446 dimostri,
754 3352 857 3447 idest,
883 3350 1050 3449 diffinias,
1073 3346 1262 3448 amared),
1282 3355 1371 3449 quid
1390 3355 1570 3452 citamur,

399 3492 424 3546 o
448 3476 516 3566 ctat,
537 3473 639 3567 idest,
657 3473 702 3547 ad
728 3494 841 3568 quem
867 3492 1048 3568 amorem,
1068 3474 1195 3566 mmm,
1212 3494 1279 3570 per
1302 3474 1569 3551 distinctionem

398 3611 513 3690 quam
538 3614 657 3689 nuper
682 3593 807 3687 iecisti,
830 3596 915 3684 opui
937 3595 1051 3667 buono
1077 3614 1228 3687 operare
1250 3616 1269 3667 e
1289 3597 1316 3668 'l
1337 3616 1402 3668 orto
1426 3604 1572 3669 contro-

398 3736 455 3809 ω,
481 3714 584 3809 idest,
609 3712 707 3789 male
732 3710 901 3809 operari:
926 3714 1042 3789 etsie
1067 3714 1150 3790 vide
1178 3716 1278 3809 quod
1309 3723 1415 3811 poeta
1442 3735 1571 3791 necas-

365 3904 368 3909 ,
398 3835 495 3911 sario
520 3835 604 3910 lacit
629 3834 687 3908 bic
712 3834 819 3908 istam
845 3833 1056 3929 petitionem
1083 3834 1134 3909 ad
1164 3834 1344 3911 maiorem
1375 3836 1571 3931 perlectio-

398 3976 483 4031 nem
505 3954 563 4030 sui
583 3961 770 4050 tractatus,
789 3976 837 4030 ne
853 3953 1041 4030 videretur
1059 3954 1259 4050 procedere
1275 3976 1342 4050 per
1360 3954 1497 4052 ignota.
1515 3956 1568 4029 lix

397 4072 501 4150 dietis
526 4074 624 4149 enim
653 4073 749 4169 bene
782 4074 971 4150 constabat
1003 4075 1163 4169 qualiter
1192 4095 1301 4149 amor
1331 4082 1428 4150 esset
1456 4092 1571 4164 causa

397 4194 516 4269 omnis
541 4192 626 4269 boni
652 4200 689 4269 et
714 4194 812 4288 mali,
837 4194 901 4270 sod
935 4214 1009 4269 non
1037 4194 1238 4289 apparebat
1267 4212 1353 4288 que
1387 4212 1447 4269 rus
1472 4202 1570 4269 esset

396 4298 514 4390 amor.
528 4318 739 4388 -Drtzze
767 4310 831 4389 llio
861 4321 967 4409 poeta
997 4314 1098 4410 ponit
1129 4314 1403 4408 responsionem
1430 4312 1567 4409 Virgilii

397 4434 443 4510 ad
463 4454 569 4511 suam
587 4434 808 4529 petitionem,
830 4432 892 4528 qui
919 4432 1038 4528 primo
1065 4433 1183 4507 reddit
1207 4452 1295 4507 eum
1320 4439 1504 4507 attentum
1520 4432 1570 4523 ad

396 4554 547 4630 dmenda
562 4544 600 4647 (¹)
627 4552 822 4628 ostendens
847 4552 1099 4627 difficultatem
1132 4552 1307 4627 materie.
1334 4552 1437 4627 Unde
1461 4552 1568 4627 dicit:

397 4690 487 4771 ergo
512 4673 572 4747 ille
598 4672 779 4770 Virgilius,
805 4674 914 4747 deve:
936 4674 1068 4745 dauza
1094 4668 1156 4745 tur
1178 4692 1233 4746 ate
1249 4676 1280 4745 le
1296 4680 1394 4746 acute
1408 4675 1477 4745 luci
1495 4673 1571 4746 dal-

398 4796 605 4887 tintetlatto,
634 4792 726 4868 idest
749 4793 901 4867 subtiles
926 4793 1052 4868 oculos
1078 4793 1352 4887 intellectuales,
1368 4816 1388 4865 a
1400 4796 1474 4885 fieti
1492 4813 1571 4866 nvo—

461 5052 895 5119 <¹>n.am0n‚rmnwu.··
985 5090 987 5093 .
1063 5052 1350 5117 ppnmuoena·
1431 5088 1459 5099 ..
