4542 6842
715 972 784 1039 116
1074 980 1278 1035 conruerunt
1302 979 1521 1035 rununronn

712 1135 774 1201 tur
811 1127 847 1200 in
884 1124 1078 1199 duodecim
1111 1124 1226 1221 signa,
1256 1131 1293 1199 et
1323 1123 1509 1219 quodlibet
1538 1121 1684 1221 signum
1701 1116 1738 1215 (¹)
1773 1122 1885 1198 habet

712 1245 857 1343 triginta
886 1227 1034 1341 gradus,
1052 1250 1089 1320 et
1114 1245 1166 1319 sic
1198 1250 1296 1319 totns
1330 1245 1500 1319 zodiacus
1533 1244 1736 1320 seeundum
1763 1249 1884 1318 astro·

712 1369 813 1463 logos
842 1365 1002 1439 continet
1026 1364 1165 1461 gradus
1190 1370 1398 1441 tercentum
1425 1364 1638 1461 sexaginta3
1665 1370 1702 1439 et
1728 1385 1801 1438 non
1826 1363 1884 1437 in·

711 1486 851 1583 tciiiga's
875 1486 923 1561 de
945 1491 1049 1560 motu
1079 1485 1229 1582 proprio
1257 1484 1353 1580 sotis,
1381 1486 1467 1580 quia
1492 1486 1546 1560 soi
1577 1489 1647 1559 stat
1673 1504 1883 1580 perunum

712 1628 875 1682 mensem
902 1606 939 1679 in
952 1598 989 1699 (²)
1018 1626 1092 1680 uno
1118 1606 1233 1705 signo,
1260 1607 1323 1681 sed
1353 1607 1400 1681 de
1426 1613 1530 1680 motu
1555 1604 1778 1679 firmamenti
1804 1604 1883 1678 vio·

710 1729 820 1803 lento.
838 1727 940 1802 Unde
967 1733 1052 1800 nota
1073 1726 1172 1821 quod
1192 1726 1466 1801 firmamentum
1486 1730 1659 1800 movetur
1675 1725 1722 1799 ab
1740 1724 1883 1799 oriente

710 1850 748 1923 in
769 1848 994 1924 occidentem
1014 1867 1083 1922 suo
1100 1853 1205 1921 motu
1224 1847 1391 1941 naturali,
1410 1851 1447 1920 et
1467 1846 1576 1922 trahit
1599 1865 1726 1920 secum
1753 1863 1888 1919 omnes

711 1990 835 2065 speras
874 1968 1103 2062 planetarum
1141 1966 1178 2041 in
1216 1988 1290 2041 una
1332 1967 1391 2042 die
1429 1964 1603 2059 naturali,
1642 1964 1808 2040 videlicet
1844 1964 1883 2039 in

711 2089 1022 2187 vigintiquatuor
1052 2086 1172 2181 horis3
1202 2088 1265 2162 sed
1298 2088 1419 2162 solet
1456 2086 1579 2162 caetcri
1617 2086 1770 2181 pianetae
1801 2104 1884 2159 mo·

710 2216 844 2285 rentur
870 2215 972 2282 motu
999 2207 1148 2302 proprio
1172 2214 1301 2281 contra
1327 2206 1615 2281 firmamentum.
1646 2205 1784 2281 Accidit
1806 2204 1883 2311 igi-

711 2336 773 2403 tur
797 2329 843 2403 de
867 2330 944 2401 soie
969 2328 1063 2401 sicut
1086 2327 1134 2401 de
1160 2326 1312 2401 formica
1330 2348 1441 2422 supra
1465 2334 1556 2420 rota,
1576 2346 1660 2421 quae
1686 2332 1883 2402 moveatur

710 2456 814 2524 motu
850 2448 1036 2523 contrario
1066 2447 1183 2522 motui
1215 2455 1317 2543 rotae,
1347 2448 1398 2522 ita
1428 2448 1525 2542 quod
1558 2455 1639 2523 rota
1669 2448 1753 2523 iacit
1785 2468 1882 2542 saepe

710 2579 823 2647 totam
852 2570 1120 2646 revolutionem
1147 2590 1253 2643 suam
1280 2576 1481 2663 antequam
1508 2569 1660 2644 formica
1688 2576 1884 2666 percurrat

709 2714 828 2768 unum
854 2692 1001 2766 ciarum
1028 2694 1128 2763 rotae.
1151 2689 1212 2763 Soi
1238 2710 1329 2786 crgo
1354 2695 1525 2763 movetur
1543 2689 1579 2763 in
1597 2710 1665 2763 suo
1684 2690 1799 2787 signo,
1818 2689 1881 2765 scd

710 2812 884 2889 velociter
909 2815 1048 2884 tractus
1072 2830 1094 2883 a
1121 2809 1356 2885 firmamento
1381 2808 1512 2883 circuit
1538 2816 1655 2884 totum
1681 2810 1817 2885 coeium
1844 2810 1881 2885 in

710 2957 783 3010 una
810 2934 878 3008 die.
905 2930 997 3005 [iicit
1013 2951 1113 3026 ergo
1140 2941 1271 3025 poeta:
1297 2939 1330 3004 et
1343 2933 1378 3004 io
1395 2951 1467 3004 non
1491 2934 1614 3004 m’eru
1639 2938 1793 3022 oerorto,
1812 2930 1882 3006 soi-

710 3055 793 3131 iioet
817 3054 864 3127 de
889 3058 991 3125 tanto
1016 3070 1169 3124 ascensu
1195 3051 1292 3144 sotis,
1313 3054 1455 3143 quondo
1479 3054 1663 3144 venimmo,
1680 3052 1726 3126 ad
1743 3054 1880 3147 iocum,

710 3179 799 3250 douc
823 3175 931 3266 quelle
947 3174 1063 3244 anime
1079 3173 1129 3242 ad
1144 3192 1231 3261 ooo,
1248 3171 1351 3265 idest,
1369 3171 1491 3265 simui,
1508 3174 1661 3263 podere
1681 3194 1705 3245 a
1725 3176 1806 3245 noi:
1823 3175 1882 3264 qai

709 3292 872 3370 doostro
896 3292 1078 3382 armando,
1109 3290 1214 3385 quasi
1245 3291 1364 3367 dicat:
1396 3292 1465 3365 hac
1496 3289 1635 3369 debetis
1665 3292 1812 3368 intrare.
1832 3334 1882 3347 -

709 3417 905 3507 Moppiore.
933 3412 999 3486 Hic
1025 3418 1134 3506 poeta
1164 3409 1334 3485 describit
1359 3410 1547 3485 introitum
1576 3412 1709 3485 montis
1734 3419 1878 3487 arctum

709 3543 747 3611 et
770 3554 944 3630 asperum
970 3553 1036 3627 per
1069 3552 1181 3605 unam
1215 3530 1529 3625 comparationem
1562 3531 1800 3607 domesticam
1834 3532 1882 3608 de

709 3657 804 3732 vado
828 3665 930 3731 arcto
956 3660 994 3730 ct
1017 3672 1148 3748 aspero
1182 3651 1308 3745 vince,
1336 3652 1435 3745 quod
1465 3650 1604 3726 vinitor
1629 3653 1765 3728 claudit
1795 3673 1880 3728 oum

708 3776 835 3874 paucis
860 3774 980 3869 spinis,
1007 3773 1154 3868 quando
1180 3793 1252 3847 ura
1278 3772 1401 3866 incipit
1428 3772 1607 3847 maturari
1616 3796 1627 3866 3
1650 3773 1751 3847 unde
1776 3773 1880 3847 dicit:

708 3901 825 3971 t'uom
856 3898 948 3969 detta
982 3896 1084 3985 vitta,
1118 3899 1241 3967 eustos
1275 3892 1333 3966 vei
1371 3893 1492 3967 cultor
1525 3890 1658 3988 vineae,
1694 3896 1880 3986 immane,

709 4018 812 4111 idest,
838 4015 1010 4110 inspinat;
1037 4034 1123 4087 narn
1141 4033 1283 4108 prunus
1301 4019 1356 4087 est
1373 4012 1485 4087 arbor
1502 4012 1657 4107 spinosa,
1675 4017 1777 4087 mette
1794 4016 1882 4088 volte

708 4161 776 4212 con
799 4158 872 4211 una
893 4137 1080 4231 sorcototto
1104 4135 1142 4207 di
1165 4154 1226 4207 sue
1247 4136 1358 4226 spine,
1383 4132 1486 4229 idest,
1512 4154 1598 4207 cum
1626 4135 1791 4230 pauculis
1808 4135 1881 4230 spi-

709 4260 776 4354 nis,
794 4278 885 4353 quas
902 4255 1012 4351 coepit
1029 4276 1115 4329 cum
1134 4254 1290 4348 iurauia,
1309 4257 1450 4344 quondo
1467 4257 1570 4327 iuva
1585 4256 1762 4346 tadmor,
1777 4256 1881 4350 idest,

710 4376 933 4471 maturescit,
960 4376 1046 4471 quia
1073 4375 1109 4447 in
1135 4395 1209 4450 uva
1235 4374 1337 4470 nigra
1365 4372 1470 4449 citius
1494 4380 1646 4469 apparet
1675 4374 1879 4470 maturitas,

709 4507 747 4574 et
772 4498 852 4573 tatis
878 4496 1036 4571 habetur
1061 4494 1308 4570 communiter
1331 4493 1535 4588 Florentiae,
1556 4498 1721 4587 mappior
1741 4504 1879 4590 opertu,

709 4620 811 4713 idest,
838 4617 974 4692 vadum
1001 4616 1122 4711 latius,
1148 4618 1208 4689 cite
1236 4635 1308 4688 non
1340 4636 1404 4687 eru
1436 4618 1470 4688 to
1501 4618 1601 4707 cutte
1628 4614 1729 4709 idest,
1755 4616 1879 4691 stricta

709 4738 851 4831 semita,
874 4740 966 4811 orode
988 4737 1152 4811 saliceto
1171 4738 1262 4808 duco
1285 4738 1369 4825 mio,
1394 4734 1486 4809 idest
1512 4734 1681 4832 Virgilius
1701 4736 1765 4831 qui
1782 4758 1881 4812 sem·

709 4879 775 4954 per
800 4856 1040 4952 praecedebat,
1072 4861 1105 4928 et
1134 4858 1171 4928 io
1203 4876 1372 4947 oppresso
1404 4856 1483 4946 soti,
1517 4855 1603 4949 quia
1638 4856 1718 4931 aliae
1746 4857 1879 4931 anime

772 5107 800 5169 (¹)
816 5108 846 5158 Ε.
863 5108 1007 5173 signorum.
1272 5106 1300 5174 (¹)
1316 5110 1347 5161 li.
1362 5110 1389 5160 in
1405 5111 1522 5175 quolibet
1537 5112 1618 5177 signo.
