4542 6842
827 973 1121 1043 crurus'uonus.
1485 976 1556 1043 all

384 1136 534 1225 nequam
569 1136 755 1225 appareat,
781 1132 839 1205 del
864 1152 929 1207 suo
953 1134 1051 1207 dolce
1082 1134 1210 1222 marco,
1235 1131 1372 1207 scilicet
1396 1132 1555 1207 Titonis:

385 1256 422 1325 at
446 1248 571 1325 dicunt
595 1249 707 1345 aliqui
734 1251 834 1345 quod
850 1250 954 1327 Titun
978 1251 1125 1347 proprie
1141 1251 1274 1327 dieitur
1293 1272 1408 1347 vapor
1432 1252 1557 1327 eleva·

384 1376 445 1445 lus
470 1375 507 1443 el
531 1390 692 1466 grossus,
719 1370 806 1465 quia
819 1363 857 1463 (⁴)
884 1371 1051 1447 uniatur
1081 1392 1105 1447 a
1139 1377 1238 1446 terra
1271 1378 1309 1447 et
1341 1378 1413 1446 slat
1442 1391 1558 1467 prope

384 1495 548 1583 lerrarn3
574 1496 611 1565 el
636 1488 805 1565 describit
831 1489 977 1587 signurn
994 1511 1081 1565 cunr
1100 1511 1176 1585 quo
1194 1491 1401 1585 oriebatur,
1412 1490 1556 1565 dicens:

386 1612 426 1683 la
438 1631 506 1685 suu
522 1613 653 1703 sronle,
680 1609 774 1685 illius
797 1612 935 1705 pulcrae
957 1610 1098 1705 amnas,
1125 1632 1190 1685 cru
1209 1613 1338 1685 lucem
1354 1616 1392 1687 di
1409 1632 1557 1704 pemnoe,

302 1733 306 1741 ’
386 1730 488 1823 idest,
515 1730 785 1825 splendentibus
801 1730 923 1825 stellis,
947 1738 1045 1823 pos-le
1060 1733 1098 1803 io
1112 1734 1247 1823 fipora,
1264 1730 1367 1825 idest,
1391 1731 1428 1803 in
1453 1731 1558 1828 signo

387 1849 486 1944 quod
510 1850 620 1927 haber
653 1857 824 1925 naturam
850 1856 887 1925 el
919 1849 1078 1946 liguram
1104 1850 1327 1945 scorpionis3
1352 1850 1434 1925 ideo
1461 1850 1558 1944 dicit,

385 1972 444 2045 del
468 1974 596 2064 [reddo
625 1973 789 2061 ommno,
815 1970 951 2046 scilieet
971 1962 1008 2062 (ἵ)
1048 1969 1226 2066 serpentis
1258 1970 1468 2066 scorpionis,
1499 1973 1559 2043 clo

311 2129 323 2141 ·
386 2112 453 2165 con
469 2094 505 2164 la
522 2094 612 2165 codo
622 2098 786 2183 ρσναιοὶι
811 2094 846 2165 lu
870 2098 979 2183 penu.
1005 2092 1051 2165 Et
1076 2090 1134 2167 lric
1159 2097 1246 2167 nota
1266 2092 1365 2186 quod
1391 2092 1486 2165 istud
1510 2091 1560 2165 si·

384 2232 501 2309 prum
527 2210 726 2306 scorpionis
751 2232 824 2286 non
848 2211 911 2287 dal
937 2212 1074 2287 homini
1106 2212 1226 2286 minus
1256 2211 1405 2308 nigrum
1431 2220 1469 2287 et
1492 2232 1560 2316 pe·-¹

385 2330 552 2407 suierunr
578 2350 776 2425 venenum,
794 2352 908 2425 quarn
933 2332 1077 2428 scorpio
1101 2333 1239 2408 animal
1256 2332 1439 2429 frigidum.
1458 2330 1558 2407 Scri·

384 2450 438 2526 lut
454 2450 552 2525 enirn
569 2450 688 2525 Guido
700 2450 843 2525 Bonalli
866 2450 1104 2557 foroliviensis
1120 2473 1280 2548 magnus
1295 2452 1502 2548 astrologus
1517 2440 1557 2543 (ἢ

385 2592 427 2647 sc
452 2570 585 2647 vidisse
610 2570 647 2645 in
672 2571 806 2647 Arabia
828 2594 942 2646 unum
963 2573 1202 2647 astrolabium
1223 2572 1398 2649 mirabilis
1414 2572 1559 2668 magni·

383 2689 530 2785 tudinis,
548 2690 585 2766 in
602 2698 803 2785 quoerant
824 2690 981 2788 figurata
1008 2692 1129 2766 omnia
1157 2692 1260 2788 signa
1284 2692 1433 2786 zodiaci,
1458 2700 1496 2766 el
1520 2692 1557 2767 iu
1662 2758 1664 2762 ,

380 2780 489 2907 {signo
506 2810 706 2905 scorpionis
731 2817 811 2887 erat
837 2810 1017 2908 figuratus
1035 2833 1132 2886 unus
1148 2812 1300 2907 aelhiops
1319 2820 1446 2887 lenens
1463 2823 1557 2888 ster-

385 2951 453 3007 eus
469 2931 516 3005 ad
533 2950 676 3023 nasum,
694 2929 740 3005 ad
759 2930 990 3007 indicandum
1009 2931 1107 3026 quod
1125 2932 1201 3007 nali
1217 2932 1437 3007 ascendente
1454 2952 1556 3006 scor-

385 3051 494 3147 pione
518 3049 746 3125 delectantur
771 3050 896 3125 edere
921 3051 959 3125 in
983 3052 1208 3127 stercoribus
1227 3059 1265 3126 et
1282 3053 1395 3127 rebus
1413 3050 1556 3145 loetidis,

386 3172 514 3267 quales
541 3170 675 3247 multos
699 3190 796 3267 saepe
821 3172 999 3247 videmus.
1026 3173 1069 3247 nt
1094 3171 1278 3268 specificat
1302 3174 1432 3247 lroram
1459 3179 1556 3247 tenr-

385 3290 496 3387 poris‚
521 3290 666 3365 dicens:
692 3313 711 3364 e
736 3294 772 3365 ln
796 3300 901 3384 noue,
927 3291 1063 3367 scilicet
1079 3292 1210 3387 prima,
1225 3294 1397 3386 de’passi,
1416 3314 1483 3365 con
1499 3294 1560 3366 cle

384 3415 472 3503 sule,
498 3413 655 3507 appellat
679 3414 788 3487 horas
807 3434 953 3508 passus,
979 3414 1114 3508 quibus
1144 3434 1215 3488 nor
1243 3412 1375 3489 incedit
1400 3413 1495 3487 sicut
1520 3421 1559 3489 el

285 3606 286 3611 i
384 3530 473 3625 dies,
499 3538 537 3605 et
563 3530 775 3607 lancinant
800 3532 949 3628 paribus
974 3532 1151 3628 passibus,
1173 3532 1260 3627 quia
1284 3539 1365 3607 erat
1389 3534 1557 3627 aequino-

385 3650 511 3744 olium,
535 3654 615 3745 lota
642 3672 732 3725 aueo
765 3654 837 3743 dai,
868 3652 1002 3727 scilicet
1034 3672 1162 3747 passuro
1196 3652 1302 3745 qnasi
1328 3652 1447 3727 dicat:
1477 3654 1556 3749 jam

385 3770 524 3847 lecerat
557 3770 649 3845 duas
683 3772 811 3866 horas3
837 3774 902 3845 e'l
925 3780 1037 3863 terzo,
1059 3770 1196 3847 scilicet
1228 3793 1369 3868 pessus,
1399 3763 1461 3865 piri
1486 3775 1557 3847 cli

386 3912 483 3965 nouo
507 3894 668 3982 inploro
694 3896 716 3967 l’
728 3895 797 3983 ale,
822 3892 909 3988 quia
935 3899 1080 3987 ternpus
1106 3914 1180 3968 non
1204 3894 1332 3969 solum
1352 3894 1469 3969 currit
1494 3894 1556 3969 sed

387 4014 497 4106 uolat,
523 4012 629 4107 quasi
653 4013 771 4087 dicat:
798 4019 836 4087 et
860 4013 967 4089 teriia
993 4014 1083 4088 horn
1110 4014 1226 4089 noctis
1240 4014 1319 4110 jarn
1341 4014 1558 4109 lineatum

388 4154 474 4209 narn
501 4132 796 4226 praeasoendenoe
820 4132 925 4227 libra,
954 4153 1039 4227 quae
1071 4134 1240 4229 apparuit
1270 4132 1319 4207 ibi
1351 4134 1388 4208 in
1421 4134 1558 4230 princi·

389 4252 451 4347 pio
482 4252 607 4347 noctis,
633 4254 859 4347 sequebatur
884 4253 1027 4348 scorpio
1060 4253 1271 4329 inmediale
1295 4274 1382 4329 cum
1408 4276 1558 4349 aurora,

387 4376 446 4447 nel
463 4377 540 4447 loco
559 4393 623 4477 oue
646 4394 836 4469 nooomo;
861 4374 963 4468 ideal,
989 4374 1026 4447 in
1052 4374 1113 4449 illo
1139 4374 1356 4469 hemisperio
1382 4375 1558 4470 inferiori,

388 4496 518 4587 quuod'
530 4495 579 4583 io,
606 4492 670 4588 qui
694 4495 793 4569 solus
817 4514 920 4571 eram
946 4494 1065 4589 vivus,
1088 4498 1149 4569 olle
1172 4516 1268 4569 meco
1292 4516 1382 4569 aueo
1410 4499 1449 4569 di
1481 4501 1560 4589 quel

387 4616 576 4703 d'ndamo,
605 4612 752 4709 scilicet,
777 4632 928 4695 carnem
960 4620 1000 4689 et
1026 4634 1173 4709 corpus,
1198 4618 1293 4689 vino
1333 4618 1399 4689 dul
1430 4638 1558 4710 sorno,

387 4734 466 4809 sine
496 4756 570 4831 quo
604 4742 738 4811 natura
769 4723 982 4828 hnmanal‘)
1018 4735 1146 4811 vivere
1176 4755 1249 4809 non
1287 4741 1417 4835 polest,
1448 4739 1486 4811 iu
1518 4758 1561 4812 su

388 4855 509 4929 rerba
532 4858 697 4948 moine,
724 4854 826 4949 idest,
848 4855 951 4951 posui
970 4875 1031 4929 me
1047 4854 1305 4950 adjacencium
1323 4875 1434 4930 cansa
1453 4856 1559 4950 quie-

450 5042 477 5105 ζ’]
495 5048 540 5094 ill
555 5057 571 5094 e
587 5044 618 5094 Ε.
634 5045 679 5108 qui
694 5044 820 5095 elevetur.
1074 5042 1102 5105 l')
1118 5044 1148 5093 R.
1163 5044 1265 5095 scilicet
1277 5044 1428 5107 munus

451 5118 478 5184 (⁸)
495 5124 549 5181 lla,
566 5120 736 5185 plrlloeoplror
749 5126 775 5172 el
792 5120 947 5184 mmlow.
1077 5120 1104 5183 (⁸)
1120 5120 1152 5171 E.
1167 5120 1280 5171 mm
1296 5120 1341 5171 diu
1357 5121 1452 5172 virere.
