4542 6842
710 894 781 962 366
1072 905 1276 960 uousuruu
1301 903 1520 958 nunonromr

709 1050 815 1142 istem
843 1051 965 1128 lacere
990 1051 1138 1147 longam
1165 1051 1370 1126 orationem
1397 1047 1444 1122 od
1468 1067 1520 1142 se,
1546 1045 1633 1140 quin
1663 1047 1798 1122 mulier
1827 1052 1884 1123 est

710 1163 926 1248 naturaliter
951 1172 1087 1265 loquax
1122 1177 1161 1246 et
1188 1170 1365 1268 garrulu3
1391 1176 1429 1244 et
1460 1167 1526 1242 isto
1557 1167 1593 1240 in
1625 1167 1769 1262 speciali
1801 1173 1883 1244 erat

707 1313 839 1388 parum
873 1291 1043 1387 prudens.
1070 1291 1163 1366 Dicit
1187 1311 1303 1387 ergo:
1330 1295 1367 1364 et
1392 1287 1452 1364 ille
1481 1287 1639 1382 spiritus,
1668 1289 1817 1380 respon,
1845 1290 1881 1360 io

704 1414 909 1505 fariseam,
936 1411 1038 1506 idest,
1065 1411 1111 1485 de
1137 1409 1314 1486 eomitntu
1341 1409 1522 1483 Seuerum
1546 1405 1610 1499 lui,
1636 1429 1656 1480 e
1683 1427 1750 1480 oon
1775 1409 1884 1500 questi

708 1533 791 1605 nltt'
814 1534 977 1606 rimondo
1002 1534 1062 1625 qut
1093 1534 1130 1604 tn
1156 1534 1226 1604 otto
1256 1533 1328 1622 tio,
1353 1548 1420 1624 per
1450 1527 1585 1602 bonam
1615 1526 1880 1621 poenitentiam,

709 1654 935 1744 tnptimaodo
964 1673 988 1724 a
1019 1654 1121 1742 colui,
1147 1649 1283 1725 scilieet
1313 1649 1360 1723 ad
1391 1649 1523 1741 Deum,
1548 1649 1608 1718 cle
1632 1643 1672 1720 se*
1693 1668 1736 1719 ne
1758 1650 1882 1740 prestt,

709 1771 811 1866 idest,
837 1771 1013 1847 concodat
1038 1792 1078 1846 se
1103 1771 1302 1846 videndum
1327 1768 1441 1843 nobis.
1468 1767 1514 1842 Et
1538 1766 1623 1841 dicit
1647 1767 1746 1861 quod
1769 1788 1881 1842 suum

710 1913 844 1968 nomen
872 1913 943 1966 non
969 1892 1036 1966 suit
1061 1911 1291 1986 consequens
1311 1890 1377 1984 rei,
1400 1889 1514 1963 immo
1530 1909 1598 1984 per
1622 1887 1882 1983 antiphrasim3

709 2014 808 2088 unde
831 2013 932 2087 dicit:
958 2016 1060 2086 soom
1084 2033 1158 2086 non
1179 2015 1246 2106 sni,
1272 2032 1411 2102 ooepna
1435 2013 1495 2084 ote
1519 2001 1629 2102 Sopio
1659 2012 1750 2102 sossi
1786 2009 1883 2080 otin-

709 2141 828 2227 mota‚·
853 2132 959 2229 Snpln
987 2133 1189 2207 vocabatur
1220 2132 1287 2206 ista
1313 2129 1472 2223 domine,
1498 2136 1653 2204 accentu
1679 2127 1882 2224 producto;

708 2261 745 2330 et
774 2260 899 2328 tumen
935 2272 1007 2326 non
1039 2253 1107 2326 luit
1136 2253 1296 2346 sapiens,
1328 2251 1442 2325 immo
1472 2248 1642 2345 insipiens
1672 2254 1709 2322 et
1740 2248 1880 2340 insana,

708 2375 837 2452 saltem
865 2373 902 2446 in
927 2372 995 2470 isto
1021 2379 1118 2466 notu,
1145 2379 1187 2444 ut
1211 2371 1339 2446 audies
1364 2370 1506 2464 statim3
1535 2369 1632 2444 unde
1656 2368 1760 2444 dicit:
1787 2390 1806 2440 e
1827 2369 1882 2462 sni

707 2498 798 2587 nepti
822 2497 930 2566 oltrtri
953 2497 1075 2585 donni,
1102 2493 1205 2586 idest,
1231 2492 1406 2586 adversis,
1427 2487 1491 2585 piel
1519 2493 1599 2564 teta
1624 2493 1721 2564 assai
1752 2492 1811 2562 ote
1845 2491 1884 2562 di

707 2623 854 2692 ommno
879 2618 963 2706 otta,
989 2613 1124 2688 seilicet
1148 2633 1334 2708 prospera,
1364 2610 1464 2706 quod
1489 2618 1545 2686 est
1570 2610 1761 2706 proprium
1787 2608 1881 2683 invi·

708 2735 786 2810 diae.
797 2739 889 2808 —E
898 2730 1034 2828 perolel
1052 2734 1117 2808 llio
1134 2735 1245 2830 longo
1262 2753 1436 2806 sermone
1452 2733 1559 2826 Sapie
1577 2739 1704 2806 narrat
1720 2730 1880 2806 formam

707 2875 786 2929 snae
820 2852 1050 2950 malignantis
1083 2853 1238 2927 invidiae.
1271 2854 1316 2928 Et
1349 2852 1397 2927 ud
1429 2851 1704 2948 intelligentiam
1740 2852 1880 2925 claram

709 2975 812 3050 istius
849 2973 964 3048 literae
1002 2973 1112 3048 debes
1126 2966 1164 3065 (¹)
1199 2993 1409 3048 memorare
1438 2971 1537 3067 illud,
1573 2971 1672 3066 quod
1703 2973 1882 3066 scriptum

709 3102 765 3172 est
789 3116 900 3189 supro
921 3095 1078 3190 capitulo
1097 3095 1146 3168 Xl
1162 3094 1380 3191 Purgatorii,
1398 3094 1446 3168 de
1462 3093 1703 3168 Provinciano
1719 3092 1878 3187 Silvano,

710 3216 772 3311 qui
798 3236 884 3290 eum
913 3213 1069 3288 venisset
1094 3234 1182 3287 eum
1208 3213 1284 3288 suis
1313 3213 1527 3288 senensibus
1558 3219 1687 3287 contra
1718 3220 1881 3286 castrum

708 3334 901 3410 comitatus
927 3333 1130 3427 Florentius,
1158 3333 1257 3427 quod
1281 3333 1414 3407 dicitur
1439 3333 1551 3426 Colle,
1569 3331 1637 3406 ista
1655 3333 1804 3407 domina
1820 3353 1883 3406 nr-

709 3456 798 3532 dons
822 3455 906 3530 odio
932 3454 1154 3547 senensium,
1173 3474 1220 3529 ex
1246 3455 1323 3528 solo
1347 3452 1483 3529 invidia
1501 3453 1620 3549 posuit
1645 3473 1686 3528 se
1709 3453 1756 3526 od
1782 3451 1882 3527 lene·

570 3639 572 3644 .
709 3583 822 3650 stram
850 3575 960 3649 unlus
985 3575 1105 3669 palatii
1132 3575 1170 3648 in
1196 3580 1317 3650 castro
1343 3595 1412 3649 suo
1438 3575 1526 3649 satis
1543 3572 1662 3647 vicino
1683 3573 1763 3647 loco
1789 3573 1885 3668 belli,

710 3703 907 3790 expectens
937 3701 1126 3790 eventum,
1152 3703 1191 3772 et
1220 3701 1351 3790 optans
1375 3694 1506 3770 audire
1539 3693 1683 3768 ruinam
1715 3714 1883 3768 suorum.

710 3814 842 3890 Audito
868 3836 958 3911 ergo
985 3835 1138 3890 rumore
1162 3815 1308 3890 sinistro
1337 3815 1527 3890 conflictos
1560 3820 1597 3888 et
1636 3820 1756 3888 morte
1782 3812 1885 3888 ducis

712 3935 931 4030 miseranda,
957 3935 1127 4010 exultans
1150 3935 1287 4032 gaudio
1312 3935 1505 4030 immenso,
1534 3935 1658 4009 animo
1685 3933 1883 4032 gratulanti

712 4056 829 4132 erexit
853 4063 963 4150 caput
989 4062 1130 4130 temere
1155 4060 1283 4130 contro
1308 4057 1459 4150 coelum,
1483 4061 1521 4131 et
1545 4055 1653 4130 dixit:
1681 4055 1726 4130 sit
1751 4055 1797 4129 de
1823 4075 1885 4130 me

711 4176 846 4252 amodo
872 4175 1048 4271 quidquid
1075 4176 1167 4269 vult,
1199 4182 1238 4250 et
1262 4175 1370 4250 faciat
1399 4175 1487 4249 milri
1508 4176 1607 4250 Deus
1637 4196 1750 4270 quarn
1780 4174 1884 4270 peius

712 4303 846 4393 potest,
878 4297 963 4392 quia
997 4295 1131 4370 amodo
1167 4295 1290 4370 vivam
1324 4297 1419 4391 laeto,
1452 4302 1490 4370 et
1524 4296 1662 4371 moriar
1700 4301 1883 4370 contente.

712 4417 817 4494 Modo
843 4418 888 4492 ad
914 4417 1139 4514 propositum
1167 4417 1233 4492 ista
1258 4417 1364 4511 Sepia
1396 4417 1442 4492 ad
1468 4417 1762 4492 confirmandum
1786 4417 1884 4511 quod

712 4538 865 4632 dixerat,
891 4537 1011 4632 primo
1035 4537 1205 4633 proponit
1229 4559 1341 4610 suum
1367 4536 1494 4612 lullum
1513 4537 1550 4611 in
1568 4537 1743 4634 generali,
1761 4536 1885 4623 dioens

706 4658 837 4734 Danti:
863 4680 882 4732 e
903 4637 1031 4751 percle
1057 4665 1093 4732 tn
1117 4679 1191 4732 non
1214 4660 1312 4732 credi
1335 4660 1433 4732 olt't'o
1456 4661 1479 4731 ι’
1491 4661 1651 4752 inparuit,
1673 4661 1735 4760 odi
1757 4680 1794 4730 se
1815 4660 1884 4752 snt,

712 4784 841 4856 oom’io
859 4783 884 4854 o·
900 4783 991 4872 dtoo,
1005 4783 1102 4873 solie,
1120 4778 1223 4872 idest,
1237 4779 1444 4854 temeraria.
1463 4779 1507 4854 Et
1532 4785 1711 4876 aggravat
1732 4778 1884 4871 lactum,

716 4944 1536 4956 —--.,..-.---.-.--.———-———--a—-———-

776 5040 803 5102 (¹)
819 5041 851 5092 B.
867 5041 945 5093 denos
960 5042 1027 5092 seire
1042 5047 1069 5092 st
1084 5052 1241 5094 memorare.
