4542 6842
822 1000 961 1059 cunnus
986 991 1189 1059 credemus.
1520 987 1590 1057 523

417 1143 705 1222 substentatione
731 1145 825 1240 vim,
846 1145 990 1223 occulte
1015 1147 1061 1223 de
1087 1152 1195 1221 nocte
1219 1146 1371 1243 proiecit
1395 1162 1463 1243 per
1488 1146 1591 1221 tene

418 1263 533 1341 stram
560 1287 718 1341 massam
745 1267 827 1342 auri
853 1266 1056 1343 involutam
1084 1267 1203 1363 pallio,
1230 1285 1277 1343 ex
1304 1278 1378 1361 quo
1404 1256 1591 1363 primoge-

304 1386 309 1403 '
418 1386 492 1471 nita
519 1388 687 1462 maritata
713 1391 788 1481 est3
815 1394 894 1483 post
919 1396 1065 1487 tempus
1095 1388 1239 1482 iterato,
1273 1390 1310 1463 et
1341 1388 1447 1463 tertio
1474 1388 1592 1462 simile

417 1495 513 1601 lecit,
531 1528 578 1582 ex
604 1527 679 1602 quo
705 1508 857 1602 reliqum
883 1509 1107 1604 nupserunt3
1126 1515 1164 1584 et
1189 1507 1324 1582 invitus
1349 1508 1516 1605 cognitus
1536 1502 1593 1582 est

417 1638 440 1702 a
466 1630 570 1727 patre
594 1616 790 1725 virginum.
819 1625 911 1703 Dicit
936 1648 1026 1725 ergo
1052 1634 1171 1725 poeta,
1195 1629 1294 1722 quod
1319 1626 1436 1703 lactus
1461 1627 1591 1703 avidus
1695 1680 1698 1684 «

418 1748 464 1823 ad
490 1746 603 1824 verba
628 1746 724 1823 illius
749 1747 906 1844 spirituc,
932 1746 1016 1823 lecit
1041 1770 1082 1823 se
1106 1748 1369 1843 proximiorem
1395 1748 1465 1841 ini3
1492 1748 1591 1823 unde

417 1868 522 1944 dicit:
549 1875 662 1961 queste
683 1872 822 1961 parole,
848 1867 942 1944 dicta
972 1866 1018 1944 de
1049 1888 1138 1943 nera
1166 1874 1381 1965 paupertate
1404 1870 1528 1944 llariae
1553 1868 1592 1943 el

417 1989 582 2083 Fabricii,
609 1987 753 2062 m'erun
776 1981 807 2062 sl
827 1992 989 2083 mactum,
1011 1989 1097 2083 quia
1115 1996 1152 2063 et
1169 2010 1240 2086 ego
1257 2010 1398 2085 pauper
1422 2010 1526 2064 eram
1552 1992 1590 2065 el
1671 2086 1675 2093 ³

418 2108 577 2184 liberalis
609 2108 836 2184 considerata
863 2108 1046 2203 facultate,
1072 2112 1172 2183 clt’io
1201 2113 1250 2183 mi
1282 2112 1389 2184 duod
1412 2112 1501 2183 ultre
1522 2120 1589 2202 per·

417 2247 504 2302 uuor
528 2233 709 2321 contczzu,
737 2228 839 2325 idest,
866 2228 1148 2305 familiaritatem
1166 2237 1204 2305 et
1222 2230 1397 2324 notitiam,
1415 2230 1453 2304 dt
1477 2232 1589 2322 puello

415 2352 539 2441 spirtu,
564 2351 655 2422 unde
676 2370 817 2442 parcan
843 2354 974 2441 cenum,
1001 2370 1113 2444 quem
1147 2370 1220 2424 non
1252 2357 1417 2445 poteram
1451 2350 1587 2444 videre,

417 2467 503 2563 quia
528 2467 687 2543 habebat
716 2490 758 2543 os
789 2468 835 2543 ad
868 2476 1017 2545 terram.
1045 2470 1088 2542 Et
1113 2489 1201 2543 ecce
1227 2468 1313 2563 quid
1340 2470 1494 2544 ulterius
1519 2482 1590 2544 au⁸

416 2587 509 2662 divi:
536 2608 624 2679 csso,
651 2585 934 2686 scilicetllugo,
947 2592 1105 2681 parduna
1127 2608 1240 2662 annor
1264 2592 1356 2663 della
1381 2592 1587 2683 eurynome,

418 2728 506 2783 rere
533 2709 610 2783 hoec
635 2699 832 2784 liberalitas
856 2708 965 2807 digna
991 2709 1058 2784 luit
1083 2712 1158 2783 tam
1185 2710 1335 2807 egregio
1361 2710 1507 2805 spiritu}
1526 2710 1589 2785 lll-

417 2828 543 2904 oolaus
561 2829 657 2903 euim
679 2850 828 2926 gemma
846 2831 1092 2924 sacerdotum,
1111 2835 1197 2905 ante
1214 2830 1458 2906 sanctificatus
1476 2839 1589 2925 quant

336 2944 341 2955 '
418 2953 537 3043 natue,
565 2952 605 3023 ut
630 2950 680 3024 ait
705 2945 930 3047 Polycratus,
949 2953 1008 3024 cle
1024 2955 1097 3046 sace
1122 2950 1282 3043 Nicolao,
1300 2972 1503 3026 consonum
1522 2971 1591 3025 [ιοὸ

417 3090 521 3164 men;
548 3070 717 3145 Nicolaus
743 3070 841 3145 enim
867 3070 1012 3145 virtutis
1038 3073 1118 3145 lans
1144 3071 1203 3146 vel
1228 3070 1345 3168 gloria
1371 3072 1590 3165 interpreta-

416 3196 490 3284 tur,
516 3210 541 3262 a
566 3192 598 3262 lc
615 3192 772 3283 pulcclle,
799 3181 916 3265 tribus
931 3183 967 3285 (⁴)
996 3178 1208 3287 virginibus,
1234 3212 1301 3283 per
1333 3194 1510 3265 conduma
1539 3194 1590 3265 ad

417 3327 509 3385 onor
534 3314 590 3384 lor
615 3314 836 3403 piooinezzo,
862 3333 934 3386 non
962 3316 1004 3384 ut
1029 3312 1209 3407 potiretur
1234 3311 1297 3386 eis.

496 3435 682 3506 nonime.
707 3431 779 3507 Ista
804 3437 859 3508 eet
884 3432 1044 3508 secunda
1071 3453 1155 3527 pars
1180 3430 1362 3528 generalis
1390 3431 1500 3505 huius
1526 3446 1590 3506 ca4
1689 3458 1692 3461 ·

417 3538 531 3648 pituli,
550 3552 586 3626 in
612 3574 686 3647 qua
711 3553 819 3649 poeta
837 3552 1033 3628 introducit
1050 3552 1243 3648 praelatum
1267 3552 1434 3647 spiritum
1452 3552 1499 3626 ad
1515 3550 1592 3627 col⁴

418 3672 584 3768 loquium
615 3694 752 3768 secum,
788 3672 850 3768 qui
882 3672 997 3747 multa
1035 3674 1130 3747 mala
1165 3674 1434 3747 commemorat
1465 3668 1592 3748 suiel

418 3814 572 3868 suorum
599 3791 691 3868 lacta
727 3815 794 3889 per
825 3792 1029 3868 avaritiam.
1057 3792 1148 3867 Dicit
1172 3813 1283 3889 ergo:
1314 3794 1412 3884 disti,
1443 3781 1590 3887 scillcet,

418 3934 489 4011 ego
514 3907 647 3989 Danles
673 3909 914 3989 exordiendo:
946 3918 977 3988 0
1001 3916 1122 3986 animo
1145 3909 1207 3987 cde
1238 3918 1333 3987 tunm
1363 3910 1427 3987 deu
1449 3907 1589 4007 lucella,

417 4018 463 4109 de
488 4039 703 4131 paupertate
732 4035 770 4110 et
801 4033 968 4131 largitate
1000 4041 1127 4109 contra
1158 4034 1363 4128 avaritiam,
1389 4033 1511 4107 dimoti
1534 4029 1589 4107 tlt
1713 4116 1717 4129 ,

414 4154 508 4250 susti,
533 4154 570 4229 iu
596 4153 712 4250 prima
740 4151 825 4248 vita,
843 4174 862 4228 a
878 4148 1111 4248 percldsolc,
1129 4151 1165 4227 in
1188 4157 1287 4230 tauta
1307 4147 1588 4248 multitudinem
1705 4200 1718 4250 .·

417 4287 630 4370 avarorum,
649 4273 684 4349 lu
703 4274 882 4366 monella,
905 4273 1007 4369 idest,
1026 4295 1208 4368 renarras,
1227 4282 1340 4367 queste
1357 4266 1467 4365 deum
1485 4271 1590 4349 ludet

417 4385 462 4470 dt
486 4394 537 4470 sic
562 4391 651 4490 petit
671 4396 763 4469 duo:
782 4398 819 4470 et
837 4400 877 4468 ut
894 4389 1033 4469 lucilius
1051 4397 1301 4488 consequatur
1315 4384 1353 4487 (⁸)
1372 4391 1470 4487 quod
1489 4382 1589 4488 petll,

417 4514 596 4611 promittit
620 4506 686 4589 sibl
711 4511 919 4610 praemium,
945 4514 1087 4589 dicens:
1114 4536 1188 4588 non
1209 4512 1261 4608 llo
1285 4526 1393 4587 senza
1418 4510 1533 4587 merod
1555 4512 1592 4587 td

417 4631 477 4711 tcta
489 4636 636 4729 porciu,
655 4636 741 4730 quia
758 4629 842 4711 licet
858 4622 1017 4709 dimittas
1036 4634 1221 4709 modicum
1245 4627 1429 4730 planctum
1449 4641 1486 4709 et
1502 4644 1592 4708 can·⁴

418 4763 497 4829 tum
525 4765 674 4852 propter
700 4767 771 4851 me,
798 4748 937 4852 rogabo
963 4756 1080 4831 Deum
1107 4776 1176 4851 pro
1194 4761 1242 4849 le,
1261 4758 1318 4831 vel
1338 4742 1435 4830 dabo
1454 4742 1519 4829 tibl
1536 4748 1590 4829 la*

480 4985 508 5044 m
524 4984 554 5033 u.
570 4982 671 5035 ωιιιωι
687 4984 778 5035 esua.

481 5058 555 5120 [¹113.
572 5060 597 5109 iu
615 5065 684 5111 tauta
700 5060 871 5112 multitudine
887 5073 1025 5110 avarorum
1042 5060 1222 5110 amaritudine.

481 5122 508 5199 d)
524 5126 578 5197 ni,
595 5137 799 5201 sequanorum
815 5130 885 5202 quoa
902 5137 973 5201 pern,
991 5136 1118 5199 promittit
1134 5129 1190 5188 sm.
