4542 6842
709 889 781 958 379
1067 903 1273 960 comruu
1297 903 1516 958 emunman

709 1071 840 1126 saxum
866 1072 982 1148 grave
1006 1051 1162 1126 domam
1187 1071 1310 1127 meam
1330 1051 1531 1146 superbam
1550 1053 1745 1126 oemieem.
1764 1051 1884 1127 lituis
1949 1085 1953 1094 ·

710 1177 806 1266 nola,
833 1173 932 1266 quod
957 1178 1066 1268 poeta
1091 1178 1218 1248 noster
1240 1185 1264 1246 a
1287 1172 1487 1267 juventute
1518 1171 1586 1246 luit
1610 1172 1792 1268 superbus
1823 1193 1886 1248 m-

713 1290 811 1366 tione
836 1283 1042 1385 nobilitatis,
1068 1293 1229 1367 scientiae
1252 1299 1290 1368 et
1315 1292 1401 1367 boni
1426 1299 1562 1386 sutus,
1581 1293 1646 1368 sed
1661 1301 1765 1369 certe
1789 1294 1885 1369 bene

710 1413 869 1508 portavit
893 1434 988 1489 onus
1013 1434 1124 1488 suum
1150 1413 1189 1488 in
1214 1414 1300 1508 vitu,
1316 1434 1413 1490 onus
1427 1413 1509 1488 diuo
1528 1413 1638 1509 erdli,
1658 1413 1885 1509 paupertatis

711 1539 748 1608 et
773 1533 915 1610 iuvidiae
941 1535 1111 1610 aliorum.
1137 1534 1182 1608 ut
1207 1541 1309 1610 terte
1332 1533 1380 1610 de
1405 1555 1467 1609 me
1494 1534 1616 1609 audeo
1644 1535 1768 1611 dicere
1796 1554 1884 1610 eum

713 1652 809 1728 bona
835 1655 1054 1730 conscientia
1081 1653 1170 1730 illud
1194 1654 1305 1748 idem,
1322 1655 1469 1746 seilicet,
1486 1654 1587 1748 quod
1610 1654 1664 1729 lui
1688 1653 1886 1750 aliquando

656 1819 668 1852 0
713 1777 830 1874 magis
855 1777 1036 1872 superbus
1062 1795 1175 1869 quam
1201 1775 1364 1869 invidus3
1381 1775 1446 1850 sed
1460 1781 1563 1850 oerte
1578 1776 1656 1870 Jam
1678 1775 1774 1852 bene
1798 1797 1887 1872 por·

713 1897 787 1972 tavi
813 1918 945 1984 saxum
971 1896 1008 1969 in
1036 1896 1174 1970 mundo
1190 1888 1237 1987 (⁴).
1264 1896 1309 1970 Et
1332 1895 1392 1970 hic
1416 1902 1525 1991 poeta
1550 1894 1651 1991 ponit
1667 1917 1801 1970 novam
1820 1915 1888 1992 pe·

716 2015 880 2092 titionem
908 2016 1003 2090 illius
1028 2015 1145 2110 Sapiae
1161 2016 1209 2090 ad
1225 2035 1277 2110 se,
1295 2037 1379 2110 quae
1399 2015 1563 2091 breviter
1584 2015 1731 2090 videtm
1747 2015 1887 2090 diuers:

714 2135 808 2208 situ
836 2154 927 2232 ergo
952 2142 1124 2230 expectas
1149 2135 1300 2232 purgari
1329 2135 1367 2210 in
1399 2134 1568 2209 loturum
1603 2135 1674 2229 hio,
1699 2133 1888 2229 quomodo

713 2273 804 2350 ergo
830 2255 901 2329 lruo
927 2256 1081 2330 venisti?
1106 2255 1199 2330 Dicit
1222 2275 1331 2352 ergo:
1349 2263 1383 2328 et
1405 2259 1474 2330 ella
1490 2277 1515 2328 a
1534 2277 1602 2345 me,
1619 2256 1758 2351 supple,
1779 2253 1888 2350 Sapra

712 2373 822 2447 dixit:
848 2375 902 2448 olli
926 2377 1008 2448 t'lm
1032 2377 1171 2467 meque
1194 2380 1356 2449 condollo
1380 2371 1510 2468 quaml
1535 2384 1593 2449 tra
1617 2378 1690 2466 nol,
1716 2375 1780 2469 qui
1807 2375 1888 2469 jam

714 2493 772 2569 hic
796 2515 1014 2591 purgamur,
1031 2517 1069 2568 se
1087 2491 1148 2588 yid
1164 2499 1327 2570 ritornur
1350 2498 1461 2586 credi,
1478 2495 1624 2588 selues,
1641 2495 1688 2568 ad
1707 2493 1889 2567 mundum

714 2613 897 2688 vivorum.
925 2615 968 2689 llt
992 2616 1167 2690 continuo
1192 2615 1294 2710 ponit
1316 2615 1591 2710 responsionem
1608 2633 1728 2707 suam,
1744 2613 1886 2687 diceus:

713 2742 746 2808 et
767 2737 816 2824 io,
841 2737 980 2830 supple,
1000 2736 1187 2833 respondi:
1204 2739 1325 2828 costati,
1341 2730 1427 2810 cl’e'
1444 2757 1539 2810 noeoo
1564 2757 1584 2808 e
1606 2755 1680 2808 non
1701 2738 1744 2828 sa
1768 2741 1887 2826 niodo,

715 2852 817 2948 idest,
844 2843 1014 2951 Virgilius
1039 2855 1102 2950 qui
1129 2877 1190 2930 me
1216 2856 1325 2931 tacite
1354 2855 1413 2930 hio
1444 2862 1624 2951 expectat,
1649 2862 1706 2929 est
1733 2855 1793 2928 ille
1824 2853 1889 2947 qui

716 2993 777 3050 me
801 2975 975 3050 conduxit
1001 2977 1083 3050 lruo.
1111 2976 1155 3048 Et
1180 2975 1336 3050 ulterius
1361 2975 1556 3071 respondet
1580 2975 1626 3050 ad
1648 2975 1683 3050 id
1701 2974 1800 3069 quod
1826 2995 1890 3048 su-

713 3115 780 3190 pm
806 3093 947 3170 dixerat
972 3095 1079 3191 Sapie
1105 3115 1193 3170 eum
1217 3095 1327 3170 dixit:
1353 3099 1546 3189 speondm
1571 3102 1608 3170 el
1632 3095 1737 3170 dicit:
1762 3115 1783 3166 e
1807 3097 1888 3166 duo

713 3235 815 3305 sono,
842 3235 1062 3290 reversurus
1088 3215 1133 3290 ad
1161 3217 1361 3311 mundum;
1387 3239 1407 3290 e
1428 3208 1529 3310 perd,
1546 3219 1669 3309 spirito
1693 3219 1803 3304 elem,
1824 3211 1890 3308 qui

714 3335 910 3411 salvandus
935 3357 986 3430 es,
1012 3339 1061 3410 mi
1083 3339 1215 3410 noted
1237 3355 1276 3410 se
1299 3345 1335 3410 to
1360 3341 1442 3410 ouot
1465 3339 1564 3410 elr'lo
1587 3357 1717 3411 mooun
1736 3336 1894 3408 amore

714 3459 845 3529 morlai
864 3457 973 3548 piedi,
991 3455 1094 3550 idest,
1112 3457 1212 3550 quod
1236 3457 1367 3532 radam
1395 3477 1463 3551 pro
1488 3464 1538 3551 te,
1553 3459 1591 3530 in
1608 3463 1725 3549 porte,
1743 3453 1893 3547 scilieet,

715 3574 849 3668 aliqua.
863 3613 913 3628 —
930 3579 980 3648 0!
1006 3575 1070 3650 llic
1094 3583 1203 3670 poeta
1227 3577 1329 3672 ponit
1354 3577 1626 3671 responsionem
1650 3576 1745 3650 illius
1761 3573 1892 3668 sapie,

714 3715 800 3790 quae
825 3715 972 3770 summe
998 3694 1155 3768 miratur
1179 3694 1226 3769 de
1250 3696 1411 3770 inaudita
1427 3695 1547 3792 gratia
1563 3714 1737 3770 consessa
1753 3693 1889 3786 autori,

716 3822 754 3891 et
770 3815 860 3911 petit
877 3815 943 3890 sibi
960 3815 1166 3890 orationem
1184 3814 1275 3910 fleri,
1290 3822 1328 3891 et
1344 3816 1480 3890 umam
1499 3816 1652 3891 restitui.
1670 3815 1762 3890 llicit
1779 3834 1890 3910 ergo:

716 3941 754 4010 et
779 3934 838 4010 illa
863 3935 981 4030 Sapie,
1006 3939 1155 4029 rtspose,
1183 3957 1272 4012 oum
1300 3937 1554 4030 admiratione,
1588 3941 1642 4010 Ol
1676 3943 1795 4028 questu
1818 3929 1894 4008 esi

717 4079 801 4132 cosa
826 4079 919 4130 novo
945 4060 994 4131 ud
1017 4059 1112 4148 udin,
1139 4057 1227 4152 quia
1252 4079 1457 4151 numquam
1489 4058 1558 4131 luit
1586 4056 1711 4132 audita
1735 4055 1782 4132 de
1807 4055 1893 4149 alio,

718 4182 778 4254 ulte
806 4199 901 4270 prun
932 4198 1039 4269 sepau
1070 4174 1102 4269 θ’,
1127 4177 1231 4272 idest,
1257 4178 1406 4254 evidens
1434 4184 1712 4275 argumentum,
1737 4179 1797 4250 tle
1821 4180 1893 4249 Dio

718 4301 840 4388 tanti,
867 4289 954 4389 etl²l
980 4298 1079 4391 quod
1106 4307 1145 4373 tu
1172 4297 1222 4372 sis
1246 4297 1284 4371 in
1307 4297 1426 4395 gratia
1446 4298 1536 4372 eius.
1555 4298 1600 4372 llt
1616 4317 1706 4372 vere
1722 4295 1801 4371 siue
1818 4295 1893 4368 sin-

718 4418 838 4517 gulari
864 4417 995 4514 gratia,
1020 4425 1128 4513 poeta
1153 4424 1278 4493 noster
1295 4439 1369 4492 non
1385 4424 1528 4512 poterat
1545 4418 1668 4494 lacere
1687 4416 1784 4490 istud
1801 4415 1894 4510 iter3
1972 4471 1981 4488 .

713 4531 804 4633 perd
830 4541 924 4612 lulor
947 4540 997 4612 ml
1019 4541 1127 4629 provo
1151 4541 1208 4612 eol
1225 4546 1284 4612 tuo
1293 4559 1423 4631 prauo,
1440 4539 1546 4634 quasi
1562 4539 1675 4614 dieat:
1693 4535 1892 4631 aliquando

720 4679 810 4755 roga
835 4677 904 4753 pro
929 4678 1002 4754 me,
1020 4658 1107 4752 quia
1124 4665 1190 4733 tua
1209 4658 1371 4753 precatio
1388 4658 1497 4734 debet
1516 4679 1599 4734 esse
1619 4659 1734 4754 iusta,
1751 4676 1798 4732 ex
1816 4676 1895 4750 quo

719 4799 759 4853 es
784 4777 820 4852 iu
846 4775 975 4874 gratia.
1002 4777 1045 4851 Et
1069 4767 1219 4873 ponitl³l
1245 4777 1345 4853 aliud
1369 4799 1457 4853 cum
1481 4778 1610 4852 maiori
1636 4797 1740 4870 cum,
1757 4775 1895 4850 soiliuet

783 4961 810 5023 υ)
827 4961 858 5011 u.
874 4962 900 5012 in
917 4963 1016 5012 nunno
1032 4962 1090 5013 uu.
1107 4961 1208 5012 nrum
1394 4960 1423 5022 <a
1440 4966 1495 5018 ur.
1511 4962 1585 5022 mr,
1601 4960 1776 5028 mrum

783 5036 811 5098 (⁸)
828 5035 859 5086 u.
875 5035 1084 5100 arpennum.
