4542 6842
786 974 925 1031 munus
949 975 1131 1031 samnius.
1479 965 1548 1033 2ss

378 1126 625 1196 coronaverat
649 1119 873 1215 Alpbonsum
899 1120 1185 1225 primogenitum
1215 1142 1338 1195 sunm.
1365 1121 1470 1195 Anno
1494 1140 1554 1195 se-

379 1241 507 1335 quenti
534 1240 684 1317 recessit
707 1262 731 1315 a
755 1240 937 1335 Narbone,
963 1247 1106 1337 etpost
1137 1242 1271 1317 multos
1298 1242 1443 1315 labores
1466 1259 1553 1335 per·

382 1360 531 1439 veniens
557 1361 592 1435 in
618 1362 855 1455 cataloniam,
873 1362 1014 1437 obsedit
1031 1362 1215 1437 civitatem
1236 1362 1419 1457 Girondae,
1437 1382 1552 1457 quam

381 1482 529 1559 undem
555 1483 651 1578 cepit
675 1501 742 1579 per
767 1483 915 1559 samem.
933 1482 1065 1558 Petrus
1095 1483 1296 1578 prudenter
1319 1482 1553 1559 considerans

382 1600 479 1679 vires
505 1602 601 1699 regis
625 1602 799 1697 Francia,
817 1601 951 1697 quibus
971 1622 1012 1677 se
1031 1602 1211 1697 imparem
1228 1602 1419 1697 sentiebat,
1436 1602 1554 1676 noluit

381 1722 614 1799 committere
640 1742 681 1797 se
705 1722 835 1818 proelio
860 1722 1066 1819 campestri,
1084 1722 1148 1797 sed
1173 1729 1318 1797 tantum
1343 1722 1554 1798 intendebat

381 1842 429 1917 ad
454 1842 724 1937 impediendum
752 1840 933 1917 victualia.
952 1842 996 1915 Et
1013 1860 1098 1916 cum
1126 1844 1242 1917 semel
1266 1842 1447 1938 posuisset
1461 1836 1498 1934 (¹)
1516 1842 1554 1915 in

383 1962 530 2057 insidiis,
567 1970 786 2037 occurrente
824 1962 891 2037 sibi
928 1962 1008 2039 acie
1042 1963 1346 2038 electissimorum
1384 1962 1553 2057 equitum

383 2084 609 2177 francorum,
635 2103 701 2158 rex
728 2084 859 2157 Petrus
883 2082 1001 2159 victus
1026 2089 1092 2177 est,
1113 2090 1152 2160 et
1173 2085 1388 2159 vulneratus
1407 2085 1444 2158 in
1462 2082 1556 2159 facie

381 2219 469 2279 cum
498 2224 571 2277 nna
597 2204 735 2297 lancea,
761 2210 799 2277 et
824 2224 923 2297 equo
947 2202 1028 2279 eius
1052 2211 1160 2298 capto
1184 2223 1251 2299 per
1277 2204 1449 2300 habenas,
1477 2205 1555 2299 ipse

383 2323 521 2419 probus
546 2328 583 2397 el
608 2324 781 2419 providus
797 2314 847 2418 (²),
866 2345 939 2398 non
964 2324 1130 2398 obstante
1155 2323 1310 2399 vulnere
1334 2324 1439 2399 faciei
1464 2325 1555 2400 inci·

382 2443 436 2519 dit
460 2443 622 2519 babenas
639 2464 725 2519 cnm
745 2465 844 2539 ense,
862 2451 900 2519 et
925 2464 1063 2541 urgens
1079 2464 1220 2537 eqonm
1240 2443 1457 2537 calcaribus,
1475 2443 1556 2517 exi·

384 2563 436 2639 vit
466 2563 512 2637 de
550 2584 723 2659 pressura
752 2572 789 2639 et
818 2562 934 2641 evasit
964 2584 988 2637 a
1019 2570 1184 2659 captura.
1215 2563 1286 2637 Sed
1319 2584 1394 2638 non
1421 2584 1555 2660 gerens

383 2684 519 2759 bonam
549 2704 679 2759 curam
705 2683 752 2759 de
777 2684 943 2778 vulnere,
970 2703 1142 2759 reversus
1175 2682 1222 2757 ad
1247 2683 1555 2777 Villamirancam,

384 2810 466 2899 post
492 2802 676 2879 modicum
707 2810 877 2879 mortuus
903 2810 958 2879 est
983 2810 1112 2878 octava
1139 2803 1198 2878 die
1223 2803 1434 2880 novembris
1456 2824 1556 2879 anno

385 2924 528 2999 Domini
569 2924 831 3019 Mchxxxl,
870 2933 907 2999 et
940 2924 1111 3020 sepultus
1149 2923 1349 2999 honorilice
1390 2922 1426 2997 in
1464 2924 1557 2997 Bar-

382 3044 535 3119 cellona.
572 3046 756 3141 Pbilippus
787 3051 913 3121 antem
948 3043 1068 3119 amisit
1101 3044 1256 3119 classem
1288 3064 1408 3138 suam,
1442 3063 1557 3137 quam

384 3164 566 3261 Rogerius
590 3165 637 3239 de
661 3164 780 3258 Loria,
801 3164 1069 3241 valentissimus
1086 3164 1301 3261 amiraglins
1316 3162 1428 3238 donni
1447 3162 1557 3256 Petri,

384 3283 535 3359 veniens
560 3285 606 3359 de
631 3283 761 3377 Sicilia,
787 3303 875 3358 cum
900 3282 1015 3359 classe
1041 3283 1182 3377 invasit,
1208 3289 1247 3358 et
1271 3283 1439 3358 incendit
1457 3283 1559 3371 Qua·

384 3412 533 3500 propter
567 3406 750 3501 Philippus
780 3404 906 3479 videns
931 3404 1116 3481 fortunam
1143 3403 1211 3477 sibi
1236 3403 1444 3499 adversam,
1474 3424 1558 3479 cre-

385 3530 486 3599 mato
512 3525 669 3621 navigio,
696 3546 771 3620 quo
801 3522 972 3601 victualia
1003 3524 1257 3620 portabantur,
1280 3523 1448 3618 concepit
1477 3529 1559 3596 tan-

388 3652 467 3721 tum
492 3646 669 3741 dolorem,
697 3646 796 3741 quod
822 3644 1029 3719 infirmatus
1053 3651 1110 3721 est
1133 3643 1181 3718 ad
1206 3650 1377 3719 mortem.
1404 3644 1456 3717 Ex
1483 3662 1559 3737 qno

378 3762 501 3843 'franci
527 3768 705 3863 compulsi
731 3773 818 3841 sunt
843 3766 1029 3859 recedere,
1055 3770 1243 3861 portantes
1273 3784 1401 3860 regem
1426 3784 1558 3840 eorum

387 3885 646 3961 infirmantem.
673 3890 802 3984 blegne
829 3906 914 3983 pars
938 3884 1123 3961 exercitus
1148 3884 1255 3981 periit
1276 3884 1375 3959 bme
1391 3890 1429 3957 et
1446 3888 1558 3978 peste.

388 4008 431 4083 at
457 4028 523 4083 rex
551 4010 680 4083 Petrus
705 4014 791 4083 ante
818 4013 977 4082 mortem
995 4005 1166 4081 rebabnit
1183 4004 1393 4080 Girondam.
1410 4002 1561 4078 Exerci-

388 4134 449 4203 tos
466 4127 615 4224 Philippi
633 4128 775 4225 lugiens
800 4126 965 4223 pervenit
982 4126 1256 4222 Perpinianum,
1274 4124 1338 4199 nbi
1365 4145 1432 4200 rex
1457 4123 1562 4218 expi-

389 4246 483 4325 ravit
508 4248 567 4323 die
588 4249 749 4325 secunda
766 4248 945 4343 octobris;
963 4254 1000 4323 et
1017 4249 1181 4343 sepultus
1198 4254 1254 4322 est
1269 4247 1369 4342 apud
1385 4246 1561 4321 Sanctum

388 4368 613 4467 Dionysium.
640 4370 776 4447 Deinde
801 4371 930 4447 lactus·
948 4375 1004 4444 est
1033 4389 1098 4444 ren
1130 4368 1316 4463 Philippus
1345 4366 1442 4441 lilius
1471 4366 1562 4461 eius,

388 4490 453 4584 qui
479 4491 739 4587 agnominatus
756 4498 812 4566 est
827 4490 971 4583 Pulcer,
990 4508 1076 4564 cum
1095 4488 1221 4586 regina
1240 4489 1405 4564 lobanna
1422 4487 1469 4563 de
1487 4488 1563 4562 No·

389 4610 492 4685 varia
520 4631 639 4686 uvore
663 4632 742 4687 sua.
770 4610 874 4684 Nunc
908 4610 954 4685 ed
984 4608 1153 4684 literam:
1178 4607 1266 4683 dicit
1292 4606 1502 4683 Sordellns:
1533 4612 1567 4681 Ε

292 4778 297 4789 ·
387 4732 468 4823 quel
492 4734 646 4823 Nusedo,
665 4728 768 4825 idest,
788 4729 972 4826 Philippus
989 4730 1166 4804 Nasellus.
1188 4727 1309 4823 Aliqui
1334 4734 1459 4801 umen
1480 4732 1563 4802 ter·
1597 4770 1601 4776 -

389 4859 450 4927 tus
483 4852 641 4927 babent:
674 4857 821 4944 Nerato,
851 4851 915 4927 sed
947 4850 1068 4945 male,
1098 4853 1160 4925 olle
1189 4857 1309 4925 saeuo
1338 4871 1364 4923 o
1393 4852 1563 4941 consiplio

454 5102 483 5167 tt
499 5107 544 5155 m
559 5115 576 5153 e
591 5104 623 5155 n.
639 5106 763 5168 mua
779 5118 807 5156 ιο
823 5104 858 5156 n.
1045 5100 1074 5167 ι’)
1091 5106 1146 5162 nv.
1162 5102 1309 5166 pmm
1415 5076 1421 5086 '
