4542 6842
744 955 882 1012 caurus
907 957 1065 1012 necruus
1089 957 1252 1013 rnnrrus.
1502 944 1573 1012 367

400 1099 543 1174 dicens:
572 1091 634 1192 nd
667 1103 897 1176 discendendo
931 1105 1067 1194 lurco,
1097 1100 1201 1196 idest
1239 1102 1389 1196 circulo,
1422 1104 1475 1176 de'
1497 1105 1576 1176 miei

400 1223 500 1312 anni,
526 1221 629 1316 quasi
656 1221 768 1296 dicat:
790 1223 868 1318 jam
895 1222 1100 1298 declinante
1124 1229 1234 1296 aetate
1265 1242 1360 1314 mea,
1395 1221 1445 1296 ita
1475 1221 1574 1316 quud

383 1339 495 1413 istud
521 1361 593 1416 nun
629 1350 710 1416 erat
739 1343 868 1416 vitium
908 1343 1023 1416 aetatis
1052 1342 1116 1418 sed
1147 1343 1271 1418 animi.
1306 1343 1351 1416 Et
1382 1342 1442 1417 bie
1473 1349 1574 1436 nou,

400 1461 500 1554 quod
526 1462 660 1536 mulier
674 1455 710 1554 (¹)
730 1463 947 1539 naturaliter
966 1463 1162 1538 inclinatur
1180 1462 1320 1536 facilius
1335 1463 1382 1536 ad
1399 1463 1572 1559 pietatem

401 1585 438 1653 et
455 1580 747 1656 benevolentiam
766 1603 878 1677 quam
898 1583 965 1676 vir,
992 1591 1029 1658 et
1054 1583 1161 1657 citius
1186 1583 1432 1678 lacrymatum
1455 1591 1493 1656 et
1518 1591 1575 1658 est

402 1701 518 1797 magis
543 1702 664 1776 invida
690 1723 802 1796 quam
831 1704 897 1797 vir,
925 1711 962 1778 et
988 1703 1105 1800 magis
1126 1703 1364 1796 contentiosa,
1391 1710 1428 1776 et
1456 1703 1574 1798 magis

402 1823 580 1917 mendax3
611 1830 649 1898 et
684 1824 720 1897 in
753 1824 863 1898 rebus
898 1824 1057 1899 honestis
1090 1830 1126 1899 et
1162 1823 1342 1920 regimine
1371 1832 1427 1900 est
1458 1823 1573 1920 magis

403 1944 513 2016 stulta
531 1965 642 2037 qnam
661 1943 729 2038 vir,
744 1951 786 2015 ut
802 1942 887 2018 dicit
904 1943 1107 2038 dvicenua3
1129 1943 1226 2018 unde
1243 1944 1433 2038 proprium
1450 1942 1573 2018 subie-

403 2069 503 2137 ctum
522 2084 595 2138 non
614 2064 724 2139 babet
749 2064 785 2138 in
811 2065 864 2139 eis
881 2064 998 2139 virtus
1015 2072 1053 2139 et
1073 2066 1256 2156 honestas,
1274 2070 1312 2138 et
1329 2070 1415 2138 sunt
1432 2072 1474 2137 ut
1491 2063 1575 2158 plu-

404 2183 540 2256 rimum
572 2184 657 2258 mali
677 2184 827 2280 ¹judicii:
855 2186 965 2259 bomo
992 2204 1082 2261 reru
1113 2184 1208 2260 inter
1236 2192 1372 2258 cetera
1402 2183 1574 2259 animalia

402 2303 519 2398 magis
535 2303 679 2400 attingit
696 2305 898 2399 perlectum
917 2312 1122 2378 natnrae.-
1129 2309 1262 2376 Erana.
1280 2304 1345 2378 llic
1363 2303 1470 2398 Sapia
1487 2325 1574 2378 nar-

402 2432 459 2499 rat
475 2425 511 2497 in
529 2425 672 2520 speciali
691 2424 847 2499 sormam
870 2425 965 2518 lacti,
986 2424 1127 2499 dicans:
1151 2430 1274 2498 Erana
1291 2429 1305 2498 i
1321 2428 1462 2498 rdtudin
1481 2428 1573 2518 miei,

403 2545 504 2638 idest,
531 2564 703 2620 senenses
728 2565 814 2618 cum
842 2545 1081 2620 Provinciam
1106 2545 1202 2619 duce
1227 2565 1371 2638 eorum,
1396 2567 1524 2638 pressa
1550 2567 1575 2618 a

408 2667 513 2756 Colle,
539 2663 637 2757 quud
663 2670 717 2738 est
743 2670 905 2738 castrum
934 2685 1110 2761 magnum
1144 2665 1181 2739 in
1209 2665 1384 2759 principio
1415 2665 1574 2739 llnminis

404 2783 505 2878 Elsae,
532 2785 578 2858 de
603 2805 678 2878 qun
703 2784 835 2858 dicitur
860 2784 897 2856 in
923 2784 995 2874 line
1013 2784 1122 2858 buius
1144 2773 1360 2880 purgatorii,
1386 2787 1424 2857 in
1443 2806 1573 2878 rampo

402 2907 512 2995 qunti
536 2907 619 2977 co'i
643 2907 722 2978 loro
747 2903 950 2995 anemuri,
968 2905 1114 2996 scilicet,
1141 2905 1350 3000 florentinis,
1377 2914 1409 2978 et
1432 2910 1467 2978 io
1490 2925 1575 2998 pre-

402 3045 498 3116 qava
515 3029 583 3098 Dio
600 3028 638 3098 di
656 3028 735 3116 quel
753 3027 848 3098 cl’ei
865 3028 965 3114 volte,
983 3025 1128 3120 scilicet,
1145 3026 1244 3120 quod
1260 3034 1383 3103 assent
1400 3026 1574 3121 condicti3

402 3151 439 3220 et
464 3144 515 3217 sic
540 3144 616 3218 luit.
639 3143 742 3218 Unde
761 3144 862 3218 dicit:
880 3148 964 3218 rolli
975 3148 1038 3238 sur
1055 3149 1161 3236 quivi,
1178 3147 1215 3220 in
1236 3167 1368 3242 campe
1387 3149 1449 3221 ubi
1468 3155 1576 3222 erant

404 3264 440 3337 in
465 3264 662 3358 obsidione,
680 3287 699 3338 e
723 3268 805 3338 nolli
821 3268 914 3362 neqli
929 3269 1049 3338 amari
1063 3270 1165 3358 passi
1180 3271 1218 3340 di
1234 3272 1343 3361 sunu:
1364 3268 1574 3342 sicutenim

403 3391 457 3460 est
492 3384 654 3459 maxime
687 3385 796 3460 dulce
825 3385 953 3462 victuri
989 3386 1161 3480 persequi
1194 3387 1410 3483 lugientem,
1441 3388 1491 3462 ita
1521 3395 1576 3462 est

403 3524 549 3578 summe
573 3524 745 3580 amarum
773 3505 868 3580 victu
898 3506 1028 3602 lugere
1056 3526 1079 3579 a
1112 3505 1204 3580 lacie
1234 3507 1503 3602 persequentis3
1530 3507 1576 3582 de

402 3645 477 3717 quo
494 3626 604 3718 paulo
621 3635 708 3702 ante
720 3625 879 3700 duxerat
889 3625 1096 3720 speciosum
1112 3625 1341 3719 triumphum
1359 3628 1456 3722 apud
1473 3629 1576 3704 blon-

400 3751 477 3821 tam
508 3745 753 3839 Apertum;e
784 3747 962 3836 veqqendu
991 3749 1028 3818 lu
1057 3750 1189 3837 cunda,
1219 3746 1321 3840 idest,
1348 3749 1575 3842 perseeutio-

404 3884 487 3938 nem
514 3864 560 3939 de
586 3864 756 3959 fenestra,
782 3867 897 3938 letiztu
920 3869 1017 3958 presi
1036 3869 1085 3939 ud
1109 3869 1195 3957 oqui
1217 3870 1314 3940 altra
1337 3870 1487 3961 dispuit
1505 3869 1575 3944 sci-

403 3981 487 4057 linet
512 3984 661 4078 laetitiis;
688 3983 792 4078 quasi
819 3984 933 4059 dicat:
962 4007 1167 4080 numquam
1194 3986 1397 4061 habueram
1419 3988 1574 4064 similem

405 4104 442 4177 in
467 4105 541 4179 vita
568 4126 669 4198 mea3
697 4105 794 4180 unde
819 4105 920 4179 dicit:
948 4113 1044 4178 tanto
1069 4110 1168 4180 cb’io
1190 4111 1277 4180 vulsi
1292 4112 1330 4180 in
1353 4130 1407 4200 su,
1428 4109 1576 4204 scilieet,

404 4245 534 4300 versus
559 4227 710 4320 noelum,
736 4215 759 4299 t'
772 4231 891 4300 ardttu
913 4230 1043 4321 sauna,
1065 4228 1203 4322 insane,
1229 4232 1409 4320 undando
1433 4253 1457 4302 a
1486 4234 1576 4304 Dio:

404 4349 500 4418 ornat
520 4341 582 4438 piri
606 4367 679 4418 nnn
704 4350 729 4419 a·
753 4355 853 4420 teme
878 4345 1039 4442 didicit,
1061 4348 1262 4441 quodlecit
1287 4371 1309 4423 a
1335 4350 1454 4444 simili,
1480 4372 1578 4425 come

401 4470 443 4558 sa
458 4467 485 4538 'l
507 4468 616 4538 merto
638 4487 705 4558 per
716 4487 810 4558 pona
827 4467 1005 4540 bonuceiu.
1025 4468 1165 4542 Dicitur
1182 4470 1347 4546 fabulose
1369 4472 1469 4566 quud
1496 4493 1576 4549 me-

405 4585 510 4658 rulus
521 4590 602 4679 pust
614 4584 790 4662 saevitiem
804 4586 957 4681 hyemis,
971 4589 1256 4681 superveniente
1271 4592 1479 4686 tranquillo,
1488 4613 1576 4690 gar-

403 4704 465 4778 rit:
492 4699 557 4778 Pr'd
581 4725 654 4776 non
679 4707 706 4777 ti
730 4712 831 4798 mnu,
848 4708 1019 4780 cd'usnita
1036 4727 1102 4780 son
1119 4711 1176 4782 det
1200 4731 1329 4803 uerum·
1357 4712 1405 4786 ita
1427 4713 1573 4806 quudl)

403 4845 473 4921 ego
486 4845 553 4919 pro
571 4845 683 4919 parra
697 4825 850 4900 victorin
864 4827 1079 4923 praesumpsi
1098 4829 1197 4922 loqui
1211 4837 1340 4905 contra
1354 4833 1484 4906 Deum.
1499 4832 1577 4907 Au-

466 5070 494 5135 (¹}
511 5073 541 5124 li.
557 5073 654 5126 mutter
668 5075 808 5128 inclinatur
824 5076 934 5130 lucillus.
1059 5076 1087 5142 (¹)
1104 5081 1134 5132 E.
1150 5095 1166 5131 e
1183 5085 1237 5141 lll,
1254 5083 1290 5132 itu
1306 5095 1355 5146 ego
1371 5096 1420 5145 pro
1435 5095 1523 5145 parm.
