4542 6842
373 1321 538 1390 CANTUS
561 1322 755 1404 TERTIUS,
779 1325 815 1390 in
832 1345 892 1408 quo
908 1330 1026 1391 tractat
1039 1325 1120 1390 mccl
1137 1325 1263 1392 iverunt
1279 1346 1389 1392 coerce
1404 1326 1547 1404 montem,

449 1435 504 1500 ubi
533 1433 689 1520 Virgilius
711 1435 853 1502 declarat
875 1435 980 1502 Danti
1003 1437 1205 1520 questionem
1226 1437 1265 1503 dc
1287 1458 1417 1520 corpore
1437 1457 1495 1504 cccc
1517 1443 1549 1504 et

451 1545 490 1611 dc
506 1545 628 1612 umbris
645 1546 804 1628 omnibuc5
822 1552 852 1612 et
870 1547 906 1612 in
922 1547 986 1628 ptne
1000 1549 1082 1613 sicut
1103 1549 1290 1615 invenerunt
1304 1550 1438 1631 spirituc
1450 1569 1548 1631 super

450 1663 592 1736 moctm
616 1664 646 1724 ct
667 1661 943 1742 interrogaverunt
966 1679 1017 1725 eoa
1040 1659 1079 1725 dc
1101 1661 1223 1740 itincre,
1247 1665 1278 1726 ct
1298 1661 1379 1726 utut
1401 1662 1547 1729 dominus

451 1768 647 1853 Mcnfredue
669 1771 843 1853 luperam
865 1770 986 1836 locutus
1008 1776 1055 1837 cst
1076 1772 1106 1836 ci
1127 1771 1295 1838 declarans
1309 1777 1431 1856 tempus
1440 1775 1546 1856 poem’·

455 1882 562 1947 tentiae
586 1883 813 1949 contumacium
835 1888 953 1948 sanctoe
975 1882 1118 1949 ecclesie.

447 2187 739 2356 Auruncae
756 2288 792 2358 lc
808 2285 968 2360 subitam
982 2289 1081 2379 supa.
1095 2287 1294 2379 Postquam
1312 2285 1349 2358 iu
1366 2282 1546 2380 superiori

373 2403 532 2500 capitulo
559 2403 726 2499 proxime
750 2405 969 2500 praecedenti
988 2411 1095 2500 poeta
1109 2397 1148 2498 (⁴)
1171 2405 1340 2479 tractavit
1363 2408 1400 2478 et
1424 2403 1548 2478 deter-

374 2524 528 2599 minavit
547 2524 593 2599 de
611 2523 727 2620 prima
745 2525 866 2620 specie
884 2525 1133 2621 relegatorum
1152 2531 1259 2598 extra
1276 2523 1547 2620 purgatorium,

374 2644 438 2739 qui
465 2643 611 2719 fuerant
636 2643 724 2718 lenti
748 2645 794 2718 ad
820 2643 1071 2740 poeuitentiam
1099 2664 1218 2738 usque
1242 2643 1289 2716 ad
1313 2649 1472 2719 mortem
1490 2663 1549 2718 se-

374 2763 473 2839 ducti
499 2784 634 2862 magna
659 2765 923 2858 delectatione3
952 2785 1052 2839 nunc
1083 2771 1351 2860 consequenter
1382 2764 1420 2837 in
1451 2783 1548 2859 prce-

375 2884 468 2960 senti
499 2884 606 2960 tertio
636 2885 794 2980 capitulo
823 2885 965 2982 agitet
995 2891 1128 2959 tractat
1157 2884 1204 2959 de
1235 2884 1396 2960 secunda
1428 2884 1548 2980 specie

376 3005 626 3101 relegatorum
653 3013 758 3080 extra
783 3005 1052 3104 purgatorium,
1080 3005 1144 3100 qui
1170 3006 1414 3102 neglexerunt
1439 3027 1546 3080 suam

375 3124 651 3200 conversionem
678 3126 724 3200 ad
742 3126 860 3201 Deum
878 3126 1048 3201 obstinati
1063 3117 1113 3219 (²),
1135 3147 1270 3222 magna
1294 3127 1549 3202 maledictione

375 3244 539 3320 ecclesiae
563 3245 639 3340 Dei,
667 3251 704 3320 et
729 3246 780 3320 sic
803 3247 955 3344 gravius
985 3246 1231 3340 deliquerunt.
1258 3246 1302 3320 lit
1326 3246 1423 3320 istud
1450 3245 1549 3342 capi·

375 3365 496 3438 tulum
531 3364 666 3439 sufficit
695 3364 857 3440 dividere
873 3357 909 3458 (³)
941 3366 979 3440 in
1013 3373 1088 3442 tres
1121 3372 1243 3462 partes
1271 3367 1474 3463 generales.
1509 3367 1549 3439 ln

374 3483 494 3580 prima
510 3505 673 3579 quarum
690 3492 810 3580 poeta,
830 3486 1047 3560 continuans
1066 3485 1258 3560 materiam
1278 3485 1547 3581 precedentem

374 3605 553 3701 sequenti,
580 3605 726 3681 discutit
751 3606 930 3681 subtiliter
958 3612 995 3682 et
1019 3607 1165 3681 occulte
1181 3605 1257 3680 duo
1278 3606 1400 3681 dubia.
1425 3606 1467 3679 lu
1491 3625 1550 3680 se-

375 3725 496 3802 cunda
521 3726 691 3802 describit
716 3726 753 3800 in
778 3727 941 3824 generali
967 3726 1076 3800 aliam
1104 3727 1253 3801 turbam
1277 3727 1487 3800 animarum
1512 3731 1550 3802 et

376 3867 500 3920 mores
525 3867 668 3942 earum,
694 3847 767 3921 ibi:
795 3851 864 3922 Nol
891 3850 1109 3921 divenimmo.
1141 3847 1182 3920 In
1214 3847 1321 3921 tertia
1350 3853 1388 3920 et
1418 3846 1548 3922 ultima

376 3965 547 4042 describit
576 3967 612 4041 iu
644 3967 788 4063 speciali
819 3967 979 4041 animam
1013 3965 1229 4040 modernam
1259 3966 1450 4040 cuiusdam
1481 3966 1549 4040 viri

376 4087 537 4184 illustris
564 4079 627 4182 qui
653 4107 799 4182 semper
833 4087 901 4161 luit
934 4087 1078 4162 rebellis
1107 4085 1271 4162 ecclesia
1296 4087 1334 4160 iu
1358 4086 1445 4180 vita,
1476 4085 1549 4160 ibi:

376 4214 422 4282 Et
444 4229 492 4282 cc
516 4210 554 4281 dt
578 4211 667 4282 loro.
695 4208 749 4282 Ad
775 4209 935 4304 primum
955 4208 1103 4284 veniens
1119 4207 1202 4282 dico
1222 4207 1322 4301 quod
1338 4214 1447 4302 poeta
1463 4227 1550 4302 per-

378 4334 509 4403 tractat
522 4316 557 4422 (⁴)
573 4329 665 4404 dues
682 4330 912 4424 questiones,
925 4329 989 4404 sed
1006 4336 1092 4403 ante
1108 4329 1176 4402 boc
1193 4349 1260 4423 pro
1277 4326 1550 4402 continuatione

377 4446 565 4542 praemittit
589 4447 856 4543 dispositionem
884 4449 942 4523 sui
959 4454 995 4523 et
1013 4448 1172 4544 Virgilii;
1190 4447 1277 4542 quia
1294 4447 1392 4522 enim
1410 4447 1549 4520 dictum

377 4567 520 4644 eratin
550 4567 623 4642 tine
653 4569 890 4664 praecedentis
920 4569 1079 4664 capituli,
1109 4569 1209 4663 quod
1238 4567 1288 4642 illi
1318 4567 1466 4663 spiritus
1495 4566 1551 4638 in·

377 4686 516 4784 crepati
540 4709 562 4762 a
588 4689 726 4764 Catone
751 4709 879 4764 omnes
903 4689 1139 4784 aufugerant,
1164 4687 1247 4764 ideo
1271 4707 1372 4760 nunc
1396 4684 1553 4760 ostendit

377 4810 467 4906 quid
493 4809 569 4905 ipse
594 4810 741 4886 lecerit:
761 4829 808 4886 ne
834 4809 928 4886 lorte
953 4815 1100 4904 putares
1116 4808 1235 4902 ipsum
1254 4806 1496 4882 immiscuisse
1512 4824 1553 4878 se

429 4949 470 5058 F)
485 4995 510 5045 S.
527 4999 602 5058 poeta
616 5001 714 5047 nonmr.
894 4991 922 5056 (¹)
939 4994 970 5044 E.
986 4993 1158 5046 obstinatione
1174 5007 1230 5054 sna,
1246 5005 1349 5057 magna.

441 5071 468 5136 p)
485 5076 539 5132 11⁷,
556 5073 642 5124 arum.
896 5073 923 5136 (⁸)
939 5071 966 5122 S.
982 5075 1083 5123 itacui.

512 5180 553 5224 111.
1404 5177 1419 5219 6
