4542 6842
800 984 940 1041 murus
963 986 1130 1053 qumans.
1479 976 1549 1047 tlt

369 1128 460 1223 quia
484 1134 602 1223 potest
629 1148 765 1224 rogare
789 1150 857 1225 pro
881 1130 935 1208 eis
961 1131 1049 1225 quia
1074 1138 1130 1207 est
1154 1130 1192 1207 in
1216 1137 1312 1209 statu
1334 1133 1463 1229 gratiae
1481 1154 1549 1229 po-

368 1247 473 1329 titus
493 1288 544 1303 -
569 1251 709 1341 Vapom'.
745 1240 810 1323 llio
845 1256 953 1344 poeta
984 1250 1157 1327 describit
1191 1252 1351 1329 celerem
1387 1254 1548 1331 reditum

371 1366 527 1443 istorum
553 1368 717 1447 duorum
740 1370 786 1445 ad
813 1391 900 1445 suos
928 1391 995 1465 per
1026 1372 1187 1447 nobilem
1220 1376 1545 1468 comparationem.

371 1488 426 1564 tu
450 1489 557 1566 euius
573 1490 860 1566 declarationem
878 1498 1022 1585 oportet
1040 1492 1159 1587 primo
1176 1499 1318 1587 notare,
1337 1496 1436 1589 quod
1453 1497 1549 1573 sicut

369 1609 497 1685 scribit
521 1610 757 1705 pbilosopbus
782 1611 876 1685 libro
900 1612 1192 1707 lletbaurorum‚
1219 1634 1374 1711 vapores
1403 1617 1549 1693 attraoti

370 1750 397 1805 a
421 1735 523 1805 terra
545 1731 748 1807 ascendunt
766 1732 848 1826 plus
873 1740 911 1806 et
937 1733 1058 1807 minus
1079 1733 1284 1809 seeundum
1305 1754 1438 1810 eorum
1456 1758 1549 1831 qua-

373 1849 530 1944 litatem3
556 1850 705 1945 qnidam
732 1852 830 1926 enim
857 1858 943 1926 sunt
964 1852 1014 1929 ita
1032 1854 1243 1929 materiales
1258 1860 1295 1931 et
1315 1856 1433 1950 grossi
1451 1857 1549 1951 quod

374 1991 450 2047 non
475 1970 659 2047 exoedunt
688 1971 849 2047 mediam
880 1972 1071 2068 regionem
1102 1973 1211 2067 aeris,
1238 1974 1301 2049 sed
1334 1974 1381 2049 ibi
1412 1996 1550 2073 conge·

373 2090 500 2167 lentur
515 2112 539 2165 a
555 2090 705 2187 frigore,
730 2092 790 2167 rel
807 2092 1043 2167 resolvuntur
1061 2097 1099 2169 et
1116 2092 1270 2187 cadunt3
1290 2094 1439 2187 quidam
1462 2104 1549 2171 sunt

371 2210 582 2286 subtiliores
608 2219 646 2286 et
672 2212 789 2308 magis
813 2212 1027 2306 ascendunt,
1052 2232 1215 2307 quorum
1246 2213 1359 2307 aliqui
1388 2224 1475 2289 sunt
1499 2216 1549 2291 ita

374 2331 518 2427 visensi,
543 2332 644 2429 quod
669 2352 743 2407 non
768 2338 919 2427 possunt
943 2332 1075 2407 resolvi
1093 2333 1131 2409 iu
1148 2339 1313 2428 ventum,
1331 2336 1394 2410 sed
1420 2356 1549 2411 ascen·

370 2451 466 2528 dunt
491 2452 530 2527 iu
554 2458 699 2529 tantum
726 2452 998 2547 quodpropter
1024 2452 1245 2527 vicinitatem
1268 2460 1384 2548 sperae
1402 2455 1495 2552 ignis
1512 2462 1550 2531 et

326 2659 330 2666 ⁴
375 2580 547 2647 motuum
571 2573 836 2666 accenduntur,
854 2581 891 2647 et
907 2572 939 2645 si
955 2580 1042 2647 sunt
1061 2572 1215 2647 modioae
1236 2575 1448 2667 quantitatis
1475 2576 1547 2651 nito

371 2694 524 2787 eadunt,
541 2700 579 2768 et
603 2714 671 2788 per
697 2701 839 2769 motum
866 2712 998 2769 eorum
1024 2693 1169 2768 videtur
1188 2694 1286 2788 quod
1304 2696 1442 2769 coelrrm
1461 2716 1550 2791 apo-

377 2814 507 2908 riatur,
533 2826 571 2890 et
595 2814 677 2908 plus
701 2835 775 2888 non
800 2814 961 2907 iaciunt3
986 2813 1050 2889 sed
1079 2813 1111 2887 si
1142 2821 1228 2888 sunt
1260 2836 1406 2911 magnae
1431 2838 1551 2912 quan·

375 2934 488 3011 titatis
515 2935 675 3009 multum
706 2934 851 3010 tardant
882 2935 930 3009 ad
960 2934 1232 3029 resolvendum,
1257 2935 1454 3029 aliquando
1483 2957 1550 3032 per

376 3057 502 3151 plures
525 3055 613 3148 dies,
639 3055 835 3148 aliquando
855 3074 922 3149 per
946 3056 1073 3149 plures
1094 3076 1252 3149 menses,
1269 3056 1363 3130 siout
1382 3064 1549 3151 cometa,

374 3177 425 3255 de
449 3176 583 3271 quibus
607 3174 751 3251 dicetur
774 3176 871 3253 alibi.
898 3174 953 3251 Ad
977 3176 1204 3271 propositum
1232 3196 1322 3272 ergo
1342 3185 1450 3272 poeta
1467 3178 1552 3253 iacit

377 3298 437 3373 bic
461 3294 773 3391 comparationem
799 3295 846 3369 de
871 3294 939 3370 illis
963 3296 1162 3390 vaporibus
1191 3296 1254 3389 qui
1288 3303 1373 3370 sunt
1400 3296 1552 3371 modice

376 3416 591 3511 quantitatis
615 3422 652 3491 et
678 3415 845 3491 materiae
867 3414 1065 3490 subtilioris
1090 3422 1129 3489 et
1154 3414 1549 3493 ascomannorum

376 3557 493 3634 orgo:
519 3536 606 3613 dicit
630 3537 730 3631 ipse:
756 3556 826 3609 reon
854 3538 923 3609 orit
935 3538 971 3607 lo
996 3538 1070 3609 mai
1094 3555 1209 3629 vapor
1230 3538 1342 3609 noceri
1357 3539 1481 3629 [eadm
1498 3558 1553 3611 aa·

374 3678 478 3749 roso,
504 3657 592 3751 quia
617 3658 687 3731 boc
711 3655 842 3730 aeeidit
866 3656 905 3729 in
928 3660 1067 3748 aestate,
1088 3658 1127 3729 di
1145 3658 1268 3747 primo
1292 3662 1396 3745 nom,
1418 3655 1554 3733 seilioot

378 3777 417 3853 iu
440 3796 537 3852 sero.
563 3776 608 3851 ut
632 3775 716 3851 lacit
741 3775 853 3851 etiam
879 3774 1193 3869 comparationem
1217 3774 1263 3850 de
1279 3774 1450 3867 nubibus,
1469 3796 1553 3869 qum

377 3916 446 3994 per
469 3896 690 3973 caliditatem
715 3896 811 3971 aeris
841 3895 1068 3971 descendunt
1096 3896 1144 3971 aul
1176 3902 1327 3991 terram,
1353 3897 1458 3991 quasi
1488 3916 1554 3971 ex·

379 4019 495 4113 pulsae
519 4038 545 4093 a
567 4017 663 4093 dicto
688 4018 831 4111 calore;
849 4023 888 4091 et
904 4017 974 4093 boe
990 4015 1120 4091 accidit
1145 4036 1242 4111 saepe
1266 4016 1313 4091 de
1339 4036 1465 4092 rueme
1482 4038 1553 4091 au

376 4140 489 4237 gusti,
515 4139 663 4233 quando
687 4138 743 4213 sol
767 4145 824 4212 est
848 4138 885 4211 in
910 4137 1028 4231 leone,
1055 4136 1113 4213 rel
1140 4156 1254 4232 prope
1279 4156 1410 4211 canem
1437 4137 1554 4213 maio

380 4281 473 4355 rem,
500 4258 565 4353 qui
589 4278 636 4335 eo
669 4265 838 4353 tempore
868 4256 1031 4333 aseendit
1060 4276 1148 4331 oum
1178 4257 1266 4350 sole,
1293 4263 1335 4331 ut
1365 4262 1463 4351 patet
1488 4276 1554 4351 per

378 4381 601 4457 Albumasar
625 4380 664 4455 in
687 4400 756 4453 suo
772 4377 1051 4454 lotroduotorio.
1070 4376 1162 4451 llicit
1179 4396 1290 4475 ergo:
1308 4372 1353 4451 ne*
1366 4380 1433 4468 sol,
1451 4376 1553 4471 idest,

381 4521 450 4577 uec
484 4500 558 4576 ridi
590 4500 707 4575 solem
739 4499 916 4575 mandem
934 4490 972 4590 (¹)
1008 4517 1197 4590 serenum,
1230 4500 1382 4571 calando
1417 4500 1554 4589 auom,

379 4622 486 4716 tuest,
510 4620 724 4699 cadentibus
748 4619 908 4695 nubibus
933 4618 1106 4714 expulsis,
1130 4622 1319 4713 d'oposto;
1337 4628 1375 4695 et
1398 4618 1554 4714 applicat

378 4748 581 4836 utramque
615 4740 928 4835 comparationem
957 4738 1006 4813 ad
1038 4739 1278 4835 propositum,
1312 4738 1459 4815 dicem:
1495 4742 1556 4813 clu

375 4866 492 4955 color,
517 4862 665 4956 seilicet,
690 4860 765 4937 (luo
789 4859 924 4953 nuncii,
950 4879 1024 4933 noa
1054 4867 1236 4935 banasam
1267 4880 1349 4945 aruo
1379 4862 1417 4935 ia
1442 4882 1554 4937 meno.

444 5111 474 5177 (¹)
492 5116 538 5165 tlt
553 5126 569 5165 ο
585 5112 617 5165 Β.
633 5114 759 5169 marre.
