4542 6842
818 966 957 1023 cdll'llls
981 968 1148 1035 QUlN'l'le.
1496 960 1561 1026 141

391 1111 583 1207 pigrorum
607 1112 694 1185 nihil
719 1112 873 1207 dixerat,
892 1113 974 1189 ideo
1000 1134 1098 1188 nunc
1123 1115 1230 1209 plene
1257 1116 1314 1191 iric
1339 1116 1447 1192 addit.
1474 1117 1567 1191 Dicit

390 1252 482 1328 ergo
506 1233 726 1308 continuans
750 1254 791 1308 se
814 1234 860 1308 ad
886 1235 1153 1329 praecedentia:
1180 1240 1221 1308 lo
1250 1258 1315 1310 ero
1344 1228 1407 1329 pot
1430 1242 1566 1331 partito

389 1356 438 1427 do
462 1356 564 1446 puell
576 1354 709 1445 umbre,
740 1354 888 1447 scilicet,
922 1355 1071 1429 illorum
1100 1356 1294 1451 pigrorum
1325 1358 1388 1450 qui
1422 1359 1566 1433 stabant

389 1494 476 1549 cum
508 1473 672 1567 Bilaqua,
698 1472 785 1567 quia
819 1474 906 1548 satis
938 1475 1132 1550 ridebatur
1161 1474 1300 1551 dictum
1332 1478 1377 1552 de
1409 1478 1563 1553 materia

392 1602 467 1669 lam
492 1594 566 1687 vili,
597 1598 823 1687 carpnttum
853 1597 987 1669 rome
1016 1598 1074 1669 del
1104 1599 1174 1669 mio
1206 1599 1309 1688 duco,
1336 1597 1472 1672 scilicet
1499 1618 1565 1673 re-

391 1714 495 1810 stigia
521 1714 659 1810 Virgilii
684 1716 748 1810 qni
773 1714 1004 1810 praecedebat
1025 1736 1088 1790 me
1103 1736 1265 1809 sursum,
1283 1722 1322 1791 et
1344 1719 1499 1793 vocabat
1516 1719 1563 1793 ad

391 1834 558 1909 altiorem
574 1836 780 1930 materiam,
794 1838 936 1927 quondo
952 1856 1037 1927 uua,
1052 1835 1198 1911 illarum
1217 1837 1439 1931 animarum,
1456 1831 1564 1929 ρνὶάὸ

390 1958 525 2029 AErclro
541 1976 566 2028 a
581 1976 648 2047 mc,
673 1956 769 2031 bene
793 1956 889 2049 dicit
915 1956 1001 2050 quia
1028 1957 1105 2051 ipse
1124 1956 1330 2051 recedebat,
1348 1964 1386 2033 et
1403 1958 1452 2031 illi
1469 1958 1563 2053 pigri

392 2075 633 2150 remanebant
656 2076 693 2149 in
718 2074 880 2151 sessione
904 2096 984 2170 sua,
1002 2078 1204 2149 Mazabda
1220 2080 1248 2151 tl
1264 2080 1349 2169 dito,
1368 2078 1563 2155 ostendens

391 2216 453 2271 me
477 2195 567 2289 aliis,
584 2196 671 2289 quia
696 2196 820 2269 nullus
839 2196 994 2271 istorum
1012 2196 1132 2270 adhuc
1152 2197 1396 2291 perpenderat
1413 2198 1459 2272 de
1477 2219 1564 2272 um·

390 2317 457 2392 bra
482 2316 573 2411 eius,
596 2317 683 2411 quia
708 2323 815 2391 erant
839 2317 889 2391 ita
914 2316 1001 2391 lenti
1027 2324 1065 2391 et
1089 2317 1183 2392 tardi
1207 2318 1331 2392 animo
1357 2319 1453 2396 sicut
1478 2340 1565 2393 cor-

389 2458 489 2533 pore,
516 2444 554 2512 et
578 2438 665 2531 quia
690 2443 828 2511 attente
854 2443 1072 2511 notaverant
1091 2436 1211 2531 ipsum
1231 2438 1445 2532 loquentem
1472 2460 1560 2512 cum

390 2558 552 2652 Bilaqua.
579 2557 622 2631 Et
647 2576 734 2631 ecce
758 2556 845 2649 quid
870 2556 978 2631 dixit:
1007 2560 1070 2646 uel,
1086 2560 1147 2630 cle
1163 2578 1235 2629 non
1246 2578 1320 2651 pur
1337 2562 1397 2632 cle
1413 2560 1448 2632 lo
1472 2579 1564 2649 rop-

389 2683 462 2771 pio,
489 2676 625 2751 scilicet
652 2677 749 2769 solis,
778 2678 826 2749 do
857 2678 1015 2767 siuutro,
1041 2675 1145 2769 idest,
1171 2676 1234 2770 qui
1269 2683 1324 2751 est
1353 2698 1375 2752 a
1405 2678 1561 2770 sinistra,

391 2804 482 2889 mco,
508 2799 611 2890 idest,
636 2798 756 2871 luceat
781 2796 819 2869 iu
844 2796 1049 2887 dexteram,
1076 2819 1100 2869 u
1125 2800 1205 2889 quel
1228 2800 1266 2871 di
1288 2804 1390 2890 sotto,
1411 2806 1562 2895 propter

392 2922 563 2994 umbram
582 2916 757 3012 corporis,
776 2926 813 2993 et
827 2937 894 3012 per
912 2938 1142 3013 consequeus
1159 2918 1304 2998 ridetur
1323 2920 1445 3013 vivus3
1465 2919 1562 2995 unde

388 3041 496 3116 dicit:
525 3062 545 3111 c
574 3060 670 3112 conte
695 3040 774 3109 uico
794 3058 867 3129 ραν
891 3040 1006 3111 cltesr'
1035 3041 1207 3128 maduca,
1234 3039 1447 3135 respirando
1479 3047 1560 3134 post

390 3160 521 3235 ducem
555 3180 676 3232 suum.
708 3158 752 3230 Et
785 3157 942 3231 ostendit
972 3163 1080 3254 poeta
1112 3158 1211 3252 quod
1242 3158 1347 3233 valde
1382 3159 1561 3254 placuerit

390 3280 456 3355 sibi
481 3279 607 3354 ridere
632 3285 669 3353 et
694 3278 835 3372 audire,
857 3278 956 3371 quod
983 3279 1183 3353 haberetur
1208 3279 1245 3352 in
1272 3286 1372 3354 tanta
1398 3280 1561 3355 admira-

390 3402 503 3495 tione;
531 3399 629 3475 unde
653 3399 761 3473 dicit:
787 3402 838 3489 pli
861 3403 957 3471 occdi
980 3403 1114 3492 aduolet,
1134 3420 1223 3473 cum
1250 3401 1374 3474 animo
1403 3402 1496 3495 laeto,
1523 3404 1563 3474 ol

388 3543 478 3595 ouon
502 3523 540 3594 di
564 3526 681 3612 questo
710 3526 828 3611 mutto,
860 3522 959 3613 quod
985 3518 1136 3594 cedebat
1171 3519 1208 3592 in
1242 3520 1389 3594 laudem
1425 3541 1561 3613 meam,

389 3665 409 3716 e
432 3645 536 3716 vidite
559 3644 723 3732 poordor
744 3662 811 3732 per
835 3642 1043 3730 mondolio
1062 3660 1135 3732 pur
1161 3660 1227 3731 me,
1245 3662 1316 3733 por
1339 3662 1405 3732 me,
1424 3647 1462 3715 et
1479 3641 1562 3715 nul-

388 3764 468 3836 lum
493 3762 607 3836 alium
634 3766 782 3856 propter
807 3760 933 3853 vitam,
950 3762 1008 3833 e'l
1026 3762 1116 3832 tuma
1141 3762 1270 3832 olt'ero
1287 3768 1392 3852 rotto,
1412 3768 1562 3857 propter

389 3884 574 3957 umbram.
600 3883 645 3955 Et
661 3881 720 3955 hic
738 3888 835 3973 nota,
853 3882 979 3973 lector,
997 3880 1097 3974 quod
1116 3880 1213 3954 istud
1232 3882 1445 3977 capitulum,
1463 3882 1562 3976 quod

391 4002 516 4076 multis
541 4000 686 4075 videtur
711 4001 865 4095 clarum,
884 4001 992 4074 babet
1009 4000 1047 4073 in
1063 4020 1105 4074 se
1122 4002 1258 4075 multos
1277 4023 1405 4097 passus
1428 4004 1562 4077 obscu-

391 4144 463 4217 ros,
489 4130 533 4195 ut
557 4120 702 4217 patebit.
730 4122 773 4197 Et
798 4142 886 4195 ecce
910 4120 1030 4216 primo
1056 4142 1130 4195 uon
1154 4121 1265 4197 debes
1288 4122 1490 4219 intelligere
1511 4122 1560 4197 ita

390 4244 500 4336 nude,
527 4242 625 4335 quod
653 4242 709 4315 isti
736 4242 960 4317 mirarentur
985 4241 1031 4316 de
1056 4262 1113 4336 eo,
1140 4242 1239 4336 quod
1265 4248 1372 4337 poeta
1398 4249 1478 4317 erat
1506 4242 1578 4325 ris

389 4388 471 4459 rus,
497 4372 535 4439 et
560 4364 659 4458 quod
691 4364 767 4459 ipse
798 4363 845 4437 de
877 4364 947 4437 boc
979 4362 1218 4458 gloriabatur,
1245 4369 1282 4437 et
1314 4363 1485 4459 Virgilius
1515 4362 1561 4437 de

389 4488 460 4562 boc
476 4484 657 4579 increpuit
674 4504 773 4559 eum.
788 4483 847 4557 lsti
864 4484 964 4557 euim
983 4484 1116 4557 merito
1133 4484 1364 4558 mirabantur
1381 4484 1427 4558 de
1443 4484 1560 4558 llante

389 4606 454 4702 qui
479 4612 561 4681 erat
585 4604 691 4679 vivus
717 4603 811 4679 inter
836 4610 891 4678 tot
920 4609 1098 4696 mortuos,
1126 4603 1212 4697 quia
1243 4611 1330 4679 ante
1361 4610 1505 4700 tempus
1520 4597 1557 4695 (¹)

390 4726 521 4800 mortis
544 4730 698 4799 venerat
721 4724 768 4798 ad
794 4722 1049 4820 purgatorium
1077 4724 1123 4798 ad
1149 4723 1415 4799 emendandam
1446 4724 1558 4799 vitam

391 4847 583 4938 vitiosam3
610 4844 840 4919 mirabantur
865 4843 976 4919 etiam
1003 4843 1101 4936 quod
1127 4852 1208 4918 erat
1233 4844 1375 4941 sapiens
1394 4844 1489 4919 inter
1507 4849 1559 4917 tot

453 5099 481 5162 Γ)
498 5098 529 5149 B.
545 5102 648 5163 tempus
664 5106 777 5150 renent.
