4542 6842
684 980 755 1051 eet
1039 988 1245 1046 counxruu
1271 988 1492 1045 runoxronu

682 1136 815 1212 stitiam
835 1136 910 1231 Dei,
937 1154 1046 1209 scazo
1070 1138 1231 1226 sobermi,
1250 1134 1352 1228 idest,
1373 1134 1654 1229 defensionibus,
1673 1136 1759 1231 quia
1779 1157 1857 1219 nou,

684 1266 801 1354 potest
826 1259 944 1333 vitare
963 1257 1144 1353 judicium
1162 1250 1198 1347 (¹)
1220 1256 1310 1352 justi
1330 1256 1474 1352 judicis,
1495 1257 1557 1351 qui
1581 1278 1728 1352 semper
1753 1254 1854 1332 sedet

682 1364 748 1474 pro
775 1378 946 1452 tribunali
972 1384 1008 1451 et
1028 1376 1170 1472 judicat
1189 1377 1326 1472 justius
1351 1392 1463 1471 quam
1489 1377 1679 1470 Traianus,
1702 1377 1752 1451 de
1777 1386 1853 1471 quo

680 1499 817 1573 dictum
833 1505 897 1572 est.
914 1498 956 1570 Et
973 1496 1155 1572 concludit
1168 1497 1375 1571 notabiliter
1383 1489 1420 1589 l’)
1433 1503 1551 1592 poeta,
1566 1505 1604 1571 et
1616 1494 1720 1571 dicit:
1739 1499 1778 1571 dt
1793 1500 1854 1569 cte

680 1622 835 1693 lanima
864 1626 980 1691 vostro
997 1622 1033 1691 lrt
1051 1622 1123 1691 alto
1143 1622 1269 1710 pulla?
1286 1618 1388 1706 idest,
1406 1624 1620 1712 supernatat
1637 1616 1731 1692 sicut
1755 1619 1850 1714 galla

681 1738 717 1812 in
735 1760 831 1833 aqua
850 1738 1075 1834 superbiens,
1090 1758 1176 1812 cum
1190 1732 1340 1813 deberet
1356 1730 1550 1830 bumilisl³)
1566 1744 1665 1812 stare
1683 1734 1718 1810 in
1737 1744 1847 1831 terra,

682 1859 785 1953 quasi
803 1858 921 1933 dicat:
939 1858 985 1932 de
1006 1878 1080 1951 qua
1099 1878 1142 1932 re
1161 1878 1255 1931 vana
1274 1849 1511 1932 extollimini?
1536 1844 1583 1932 de
1598 1857 1851 1951 diuturnitate,

681 1978 740 2052 vel
766 1978 945 2071 felicitate,
964 1979 1022 2051 vel
1040 1977 1217 2051 sanitate?
1234 1984 1346 2071 certe,
1370 1981 1428 2051 voi
1450 1979 1531 2051 stete
1551 1982 1653 2069 quod
1675 1986 1852 2052 automata

679 2101 719 2171 in
742 2101 869 2193 diserto.
889 2098 932 2170 Et
958 2097 1016 2171 bic
1043 2104 1141 2190 nota,
1159 2097 1256 2190 quod
1284 2098 1506 2189 entbomata,
1523 2097 1727 2172 secundum
1754 2098 1852 2191 quod

680 2218 803 2292 scribit
828 2218 1062 2313 philosophus
1081 2218 1115 2291 in
1133 2220 1179 2291 lll
1195 2218 1242 2292 de
1263 2219 1501 2314 generatione
1521 2219 1748 2313 animalium,
1766 2226 1853 2293 sunt

680 2337 849 2413 animalia
875 2346 1050 2434 generata
1077 2358 1144 2433 per
1169 2338 1472 2432 putrefactionem
1497 2347 1535 2413 et
1555 2362 1578 2413 a
1598 2360 1698 2434 casu,
1717 2347 1755 2413 et
1776 2340 1853 2415 sine

681 2458 791 2551 coitu,
817 2458 911 2532 sicut
936 2458 1048 2552 aliqui
1074 2478 1221 2532 vermes
1246 2466 1284 2532 et
1307 2478 1394 2552 apes
1423 2465 1460 2533 et
1490 2453 1632 2554 ¹vespae3
1657 2466 1696 2533 et
1720 2460 1854 2534 dicitur

681 2579 827 2673 proprie
853 2579 1119 2671 entbomatum,
1145 2578 1247 2672 idest,
1267 2578 1456 2672 mirabile3
1480 2575 1560 2653 ideo
1585 2579 1689 2655 dicit:
1706 2572 1737 2653 sl
1757 2601 1854 2653 come

683 2720 797 2771 omme
822 2701 858 2772 irt
884 2701 939 2771 cui
959 2702 1177 2791 fmulozlm,
1202 2699 1349 2791 scilicet,
1375 2700 1600 2794 generativa,
1617 2703 1722 2793 sollo,
1749 2700 1851 2794 idest,

681 2817 812 2893 delicit.
843 2819 928 2893 ldeo
965 2819 1059 2893 bene
1089 2819 1179 2892 dixit
1209 2819 1269 2893 ille
1301 2820 1448 2892 bumilis
1478 2820 1570 2894 lob:
1612 2824 1742 2894 Vermis
1774 2844 1851 2895 sum

681 2958 745 3031 epo
770 2948 802 3012 et
825 2960 896 3013 non
921 2942 1032 3013 tomo.
1048 2980 1097 2993 -
1113 2944 1226 3013 Come.
1245 2940 1310 3013 llic
1332 2939 1460 3014 ultimo
1478 2948 1596 3034 pocta,
1615 2941 1707 3016 lacta
1726 2944 1850 3018 excla-

682 3061 843 3135 matione
868 3066 992 3135 contra
1011 3061 1199 3155 superbos,
1223 3060 1421 3135 revertitur
1438 3060 1484 3133 ad
1501 3062 1753 3155 explicandam
1773 3063 1849 3137 lor-

677 3182 781 3256 'mam
808 3202 926 3276 poenae
951 3202 1081 3256 eorum
1110 3202 1175 3275 per
1202 3202 1312 3254 unam
1340 3182 1651 3275 comparationem
1677 3184 1852 3278 propriis·

680 3302 810 3377 simam
845 3302 890 3375 ad
923 3322 1032 3375 suum
1067 3302 1304 3395 propositum.
1339 3302 1383 3374 Et
1413 3302 1491 3374 rult
1524 3302 1685 3376 breviter
1718 3303 1851 3396 dicere,
1935 3311 1938 3317 ’

681 3425 779 3520 quod
804 3422 935 3519 singuli
961 3422 1114 3495 istorum
1146 3422 1289 3494 stabant
1315 3422 1383 3495 sub
1409 3422 1571 3516 pondere
1597 3443 1772 3497 saxorum
1801 3425 1849 3499 ita

680 3545 840 3640 oppressi
869 3550 908 3617 ut
933 3563 1085 3637 crepare
1118 3542 1323 3636 videantur,
1354 3544 1448 3618 sicut
1477 3564 1499 3618 a
1532 3542 1637 3618 simili
1672 3545 1851 3641 videmus,

681 3666 779 3760 quod
805 3664 923 3761 ligura
951 3663 1106 3737 bominis
1133 3684 1344 3739 marmorea
1373 3665 1442 3738 sub
1472 3684 1586 3740 onere
1615 3666 1754 3741 aedibcii
1781 3674 1852 3742 stat

680 3790 754 3859 tota
781 3790 977 3877 contracta,
1005 3783 1053 3856 ita
1079 3790 1120 3857 ut
1145 3783 1304 3858 delicere
1329 3784 1508 3859 videatur.
1533 3784 1714 3861 Construe
1739 3787 1852 3862 sic:e

680 3907 748 3979 old
761 3907 795 3977 lo
820 3907 953 3995 coloro,
979 3903 1125 3997 scilicet,
1153 3904 1342 3997 superbos,
1369 3896 1440 3977 ensi
1456 3907 1549 3997 fatti,
1575 3906 1677 4001 idest,
1694 3908 1743 3982 ita
1761 3929 1851 3983 con·

678 4030 824 4117 tractos,
851 4024 1344 4115 decoramentum,
1371 4024 1474 4117 idest,
1496 4046 1582 4099 cum
1607 4027 1702 4101 bene
1727 4029 1849 4104 nomvi

679 4146 834 4221 lormam
862 4162 1005 4237 eorum,
1040 4164 1136 4217 corne
1160 4165 1232 4217 uno
1254 4147 1387 4236 figura,
1420 4148 1558 4240 sculpta
1590 4148 1649 4221 rel
1679 4147 1784 4242 picta,
1819 4151 1852 4221 ri

678 4268 762 4338 ocdc
786 4267 837 4338 tol
861 4267 953 4337 volta
977 4266 1125 4355 manger
1151 4267 1182 4338 le
1205 4267 1385 4355 pirocclrio
1402 4270 1440 4339 at
1457 4274 1549 4358 petto
1559 4294 1574 4360 ;
1592 4268 1629 4340 in
1650 4268 1712 4342 tali
1731 4268 1848 4343 torma

679 4386 776 4480 quali
803 4390 874 4458 stat
899 4384 1010 4458 miser
1035 4385 1147 4458 bomo
1178 4385 1214 4458 in
1246 4393 1354 4460 utero
1387 4387 1526 4479 matris,
1555 4394 1681 4461 tenens
1706 4389 1850 4462 cubitos

678 4527 789 4601 super
814 4526 949 4601 genua,
972 4511 1008 4579 et
1029 4505 1157 4579 taciem
1186 4526 1297 4601 super
1321 4527 1465 4602 pugnos
1490 4508 1655 4601 clausos;
1681 4515 1719 4583 et
1743 4508 1849 4581 dicite
1973 4529 1976 4539 ’

675 4649 742 4721 per
765 4634 938 4700 sorunlor
961 4628 1119 4699 solato-o
1146 4634 1237 4717 tatto,
1263 4626 1357 4701 sicut
1382 4628 1505 4702 scribit
1527 4628 1662 4702 Plinius
1686 4629 1733 4703 de
1757 4630 1847 4703 ller-

678 4748 761 4823 cule
788 4766 997 4821 marmoreo
1024 4746 1117 4820 lacto
1142 4768 1165 4820 a
1190 4747 1383 4841 Praxitele,
1399 4748 1461 4841 qui
1485 4748 1677 4823 videbatur
1703 4756 1850 4822 susten·

680 4874 758 4942 tare
793 4866 929 4941 atrium
968 4864 1034 4938 Titi
1070 4867 1311 4961 imperatoris,
1343 4890 1410 4961 per
1442 4873 1611 4960 munnio,
1644 4868 1745 4963 idest,
1781 4879 1849 4963 pro

741 5054 768 5111 ll)
785 5052 815 5101 E.
826 5050 953 5114 judicium
970 5052 1034 5101 recti
1047 5050 1151 5114 judicis.
1340 5053 1367 5115 (¹)
1385 5052 1414 5103 a.
1431 5054 1560 5105 nobiliter.
1631 5065 1634 5075 ·

741 5127 768 5191 (¹)
786 5127 816 5177 Ε.
833 5127 967 5177 humiliter
983 5132 1060 5178 stare.
