4542 6842
700 965 769 1031 lu
1058 971 1262 1027 counuruur
1286 971 1506 1027 runcumru

696 1120 767 1194 lete
792 1125 918 1193 eutem
936 1116 1133 1192 Palinurus
1159 1116 1237 1192 viso
1262 1118 1363 1191 Enen
1388 1116 1425 1189 in
1450 1115 1592 1191 interno
1611 1116 1766 1213 rogabat
1782 1136 1870 1191 eum

696 1239 905 1336 suppliciter
931 1243 973 1312 ut
997 1237 1173 1313 educeret
1198 1258 1287 1311 eum
1313 1235 1416 1331 inde3
1434 1235 1495 1311 cui
1511 1236 1648 1332 Sibylla
1674 1236 1870 1332 respoudit,

695 1358 794 1453 qnod
816 1357 952 1453 judicia
982 1356 1142 1433 deorum
1174 1378 1247 1432 non
1280 1363 1449 1452 poterant
1478 1356 1869 1452 precibuslrcminum

697 1478 874 1553 revocari.
901 1476 1006 1553 lllodo
1031 1477 1078 1552 ed
1104 1477 1332 1573 propositum
1353 1478 1489 1552 Dentes
1512 1475 1656 1551 dubitat
1681 1485 1719 1552 et
1743 1476 1870 1573 petitu

696 1597 845 1693 Virgilio
878 1597 1065 1691 quomodo
1100 1597 1167 1672 ista
1201 1603 1298 1674 sunt
1329 1596 1450 1691 simul,
1480 1596 1627 1691 scilicet,
1661 1597 1760 1690 quod
1791 1596 1871 1672 istm

697 1718 830 1793 enimae
856 1724 987 1815 rogent
1003 1724 1045 1791 ut
1066 1724 1220 1815 rogetur
1244 1736 1312 1813 pro
1336 1716 1401 1810 eis,
1419 1724 1461 1790 ut
1481 1716 1671 1791 brevietur
1697 1724 1868 1814 ternpus3

698 1857 745 1913 eu
772 1858 847 1932 quo
877 1838 1023 1913 videtur
1052 1836 1233 1935 judicium
1266 1837 1331 1912 Dei
1362 1856 1469 1931 posse
1501 1836 1662 1932 mutari3
1692 1838 1871 1914 sententia

698 1977 790 2033 vero
816 1966 880 2032 tue
897 1956 1124 2033 contrarium
1143 1962 1259 2050 sonet,
1277 1956 1414 2032 scilicet
1432 1956 1532 2050 quod
1553 1976 1627 2031 nou
1648 1957 1760 2052 possit
1776 1957 1871 2033 flecti

698 2077 878 2174 precibus.
906 2076 1030 2152 Primo
1057 2098 1147 2175 ergo
1172 2079 1305 2153 Dentes
1331 2088 1457 2153 movet
1487 2077 1594 2152 istem
1629 2078 1869 2171 questionem

699 2198 859 2295 Virgilio,
894 2198 1041 2274 diceus:
1074 2202 1116 2273 lo
1150 2201 1346 2290 comedint,
1378 2198 1522 2295 supple,
1554 2198 1679 2274 dicere
1709 2198 1871 2296 Virgilio,

698 2320 1014 2413 centcllderosld,
1040 2318 1143 2412 idest,
1169 2318 1381 2412 quamcito
1412 2318 1464 2393 fui
1499 2320 1686 2416 liberatus,
1712 2324 1762 2393 da
1791 2328 1871 2394 tede

699 2446 824 2531 quarite
850 2442 958 2529 quelle
977 2438 1110 2530 omdrc,
1128 2433 1248 2513 soluto
1267 2438 1404 2513 eisdem
1427 2440 1625 2536 promissis
1642 2444 1703 2513 cde
1717 2460 1868 2533 proper,

699 2558 802 2652 idest,
829 2578 913 2651 qnae
939 2558 1082 2631 umbrae
1108 2566 1334 2655 rogauerunt
1366 2579 1439 2652 me,
1462 2580 1535 2651 pur
1563 2562 1616 2633 ct'
1629 2563 1714 2635 altri
1734 2562 1871 2654 prendi,

699 2677 834 2753 scilicet
847 2698 913 2772 pro
926 2677 996 2772 eis;
1014 2683 1052 2752 et
1067 2696 1154 2752 ecce
1169 2677 1215 2752 ud
1233 2672 1375 2772 quidsi
1391 2681 1452 2751 cle
1467 2682 1626 2753 o'uoucct'
1640 2683 1668 2754 il
1683 2682 1753 2772 lor,
1767 2666 1881 2775 idest,

699 2798 928 2872 acceleretur
958 2796 1022 2892 eis,
1053 2798 1189 2871 devenir
1212 2806 1325 2889 sante,
1349 2797 1452 2892 idest,
1479 2806 1521 2872 ut
1552 2798 1625 2874 cito
1650 2800 1798 2875 veniunt
1824 2798 1872 2874 ud

700 2917 971 3014 purgatorium,
988 2916 1087 3011 quod
1114 2916 1230 2992 reddit
1250 2918 1392 2993 animus
1408 2926 1552 2993 sanctas
1568 2926 1606 2993 et
1621 2920 1758 2994 amices
1775 2920 1870 3013 De03

701 3043 738 3113 et
760 3037 893 3133 petivi:
919 3058 942 3111 o
968 3041 1040 3111 luce
1065 3040 1151 3130 ntia,
1168 3037 1271 3132 idest,
1289 3058 1312 3111 o
1332 3037 1469 3135 virgili,
1486 3039 1550 3133 qui
1570 3040 1672 3135 pellis
1689 3042 1737 3115 ab
1756 3041 1873 3114 oculis

702 3158 833 3233 mentis
859 3176 952 3233 mere
977 3177 1125 3233 omnem
1152 3157 1341 3233 tenebram
1369 3158 1595 3255 ignoruntiae,
1623 3160 1720 3235 unde
1744 3160 1782 3233 in
1816 3160 1873 3233 in·

702 3277 805 3353 terno
838 3278 982 3353 vocavit
1013 3298 1100 3352 eum
1135 3278 1250 3353 soleur
1281 3278 1319 3352 in
1348 3279 1456 3353 simili
1487 3300 1587 3374 cusu,
1612 3284 1731 3375 c'pnr
1754 3283 1815 3353 clu
1838 3288 1875 3353 tu

699 3401 751 3471 mi
773 3401 900 3490 rtlcpld,
919 3420 1090 3492 espresse
1108 3398 1210 3494 idest,
1227 3419 1411 3495 expresse,
1433 3404 1473 3473 ln
1497 3404 1600 3475 alcun
1624 3401 1874 3492 testo,.scilicet

699 3519 745 3593 Vl
770 3518 936 3615 Eueidos,
967 3521 1027 3591 cte
1059 3523 1211 3593 oruzion
1235 3523 1366 3614 puple,
1396 3520 1498 3616 idest,
1531 3529 1680 3598 moreat
1711 3524 1770 3596 rel
1803 3522 1875 3596 irn-

699 3647 829 3735 mutet,
857 3643 993 3713 demelo
1025 3642 1082 3714 del
1111 3644 1210 3733 culo,
1236 3640 1338 3737 idest,
1360 3641 1541 3739 judicium
1571 3643 1648 3738 Dei,
1676 3643 1738 3717 ubi
1763 3642 1871 3718 dicit:

701 3764 926 3853 pennafora
951 3764 1063 3835 Deum
1086 3764 1175 3853 [lecti
1197 3782 1346 3853 operm
1367 3765 1559 3855 precando.
1581 3764 1625 3836 Et
1650 3783 1737 3837 ecce
1761 3783 1875 3859 oppo-

700 3880 830 3955 situm:
849 3903 867 3953 e
884 3888 1002 3971 questu
1018 3889 1117 3976 pente
1130 3903 1246 3974 propa
1256 3903 1330 3975 pur
1346 3886 1385 3957 di
1400 3891 1532 3975 questo,
1550 3890 1592 3959 ut
1608 3890 1797 3959 ostensum
1818 3891 1876 3959 est

701 4001 738 4075 iu
763 4000 958 4075 nominatis
982 4001 1051 4097 hic,
1078 4008 1116 4077 et
1141 4024 1253 4098 supra
1278 4002 1316 4076 in
1340 4002 1507 4099 capitulis
1531 4005 1641 4080 lertio
1665 4011 1703 4080 et
1728 4012 1873 4100 quarto

701 4122 754 4196 De
778 4122 924 4197 dnobus
949 4142 1039 4219 crgo
1065 4128 1120 4198 est
1144 4123 1316 4217 alterum,
1335 4124 1445 4218 quin:
1470 4124 1609 4198 smedde
1632 4127 1771 4218 ducque
1795 4128 1875 4200 loro

700 4262 815 4335 spectu
840 4262 948 4335 vanc,
974 4242 1004 4316 si
1029 4262 1157 4339 preces
1177 4263 1252 4317 uon
1270 4251 1464 4319 moverent
1488 4243 1632 4339 Denm3
1658 4264 1681 4318 o
1704 4266 1778 4318 non
1797 4236 1878 4319 m'e'

701 4365 729 4437 ll
751 4364 841 4435 dello
866 4370 924 4436 uro
948 4363 1013 4437 den
1029 4365 1225 4459 musceto,
1251 4363 1355 4457 quusi
1379 4362 1494 4439 dicet:
1522 4365 1579 4441 vel
1605 4386 1678 4439 non
1699 4366 1795 4442 bene
1817 4366 1875 4440 iu-

701 4482 824 4579 telligo
846 4482 984 4558 dictum
1002 4490 1121 4559 tuum.
1140 4483 1264 4559 Noluit
1278 4477 1315 4577 (¹)
1332 4482 1475 4561 dicere:
1506 4482 1565 4561 vel
1594 4486 1733 4562 dictum
1765 4494 1872 4563 tuum

702 4608 757 4677 est
778 4602 921 4697 falsum,
939 4611 1089 4700 propter
1114 4603 1373 4679 urbanitatem.
1387 4610 1491 4679 -ut
1513 4603 1579 4679 elli.
1601 4606 1666 4680 llic
1682 4614 1790 4703 poete
1807 4630 1875 4705 po·

703 4722 755 4797 nit
781 4723 1054 4817 responsionem
1080 4723 1218 4821 Virgilii
1245 4724 1396 4819 clerum,
1422 4723 1568 4801 diceus:
1595 4732 1642 4800 El
1666 4730 1724 4802 elli
1740 4718 1778 4801 'a
1807 4750 1874 4822 me,

703 4843 831 4937 supple
848 4844 1018 4940 Virgilius
1039 4843 1240 4941 respondit:
1257 4847 1295 4917 ln
1313 4848 1385 4919 nun
1403 4848 1570 4921 emittm
1589 4840 1749 4941 dpiunn,
1767 4848 1871 4947 idest,

767 5108 795 5173 (¹)
811 5110 841 5161 E.
859 5112 947 5201 Nolull
962 5114 1032 5165 enlm
1048 5114 1135 5166 dicere
1152 5114 1251 5165 dictum
1266 5119 1343 5166 tun
1355 5120 1406 5167 etl.
