4542 6842
702 920 773 986 264
1062 928 1267 985 COMENTUM
1291 930 1510 986 eununuonu

570 1112 571 1115 Ν
696 1078 794 1154 sicut
819 1076 920 1154 sedet
939 1075 1055 1172 J'udex
1073 1074 1110 1149 in
1127 1074 1201 1157 alto
1218 1075 1391 1151 tribunali
1407 1075 1454 1150 ad
1474 1074 1757 1151 examinandam
1777 1093 1871 1149 cau·

699 1219 778 1273 sam
805 1196 1054 1272 atterendam
1080 1194 1298 1269 sententiam
1310 1196 1431 1290 Juste3
1453 1194 1536 1270 idco
1559 1195 1622 1269 dat
1647 1194 1714 1269 sibi
1740 1214 1867 1271 ensem

699 1315 737 1391 in
763 1322 889 1411 manu,
906 1322 943 1391 et
969 1314 1072 1390 dicit:
1091 1318 1143 1389 tol
1157 1318 1252 1389 nella
1265 1318 1393 1410 sardo,
1411 1314 1513 1408 idest,
1532 1322 1608 1389 tam
1628 1314 1870 1412 splendidum,

702 1439 752 1511 clt'
765 1440 800 1510 io
825 1457 897 1509 non
913 1439 948 1510 lo
964 1438 1115 1529 supersi,
1135 1441 1285 1531 propter
1301 1455 1494 1511 excessum
1512 1433 1713 1531 splendoris
1728 1429 1778 1528 (¹).
1799 1436 1871 1509 Per

702 1558 772 1632 hoc
798 1556 943 1655 figurat,
970 1556 1067 1652 quod
1092 1556 1263 1632 sacerdos
1287 1554 1397 1631 debet
1415 1576 1497 1631 esse
1511 1555 1719 1631 luminosus
1739 1564 1776 1631 et
1794 1557 1871 1631 cla·

703 1700 767 1753 rus
792 1678 966 1773 sapientia
991 1685 1029 1751 et
1055 1675 1201 1772 virtute,
1227 1677 1329 1753 velut
1353 1676 1506 1773 angelus
1534 1676 1689 1751 Domini.
1719 1678 1764 1751 ut
1797 1696 1871 1751 nou

705 1797 860 1893 mireris,
886 1798 1013 1891 lector,
1038 1796 1067 1871 si
1101 1804 1208 1891 poeta
1242 1802 1481 1892 representat
1510 1796 1615 1871 nobis
1643 1797 1871 1871 sacerdotem

704 1919 774 1994 sub
799 1918 918 1993 iorma
942 1916 1072 2013 angeli,
1091 1917 1178 2011 quia
1196 1918 1378 1991 lohannes
1402 1917 1440 1990 in
1457 1916 1669 2013 Apocalypsi
1687 1923 1795 1991 vocat
1812 1936 1873 1991 sa-

704 2038 870 2113 cerdotes
887 2036 1134 2131 quarumdam
1150 2036 1390 2111 ecclesiarum
1403 2037 1572 2133 angelos:
1587 2035 1759 2112 sacerdos
1772 2036 1869 2112 enirn

704 2158 805 2234 velut
834 2157 987 2253 angelus
1020 2156 1199 2233 ministrat
1233 2156 1320 2250 ileu,
1351 2156 1428 2231 imo
1460 2156 1605 2231 ridetur
1637 2156 1873 2231 excellentior

703 2279 833 2375 angelo
859 2277 897 2351 in
923 2297 979 2373 eo,
998 2277 1096 2372 quod
1117 2276 1262 2352 coniicit
1278 2297 1411 2372 corpus
1428 2276 1586 2370 Domini,
1603 2276 1701 2372 quod
1719 2277 1873 2374 angelus

703 2393 825 2475 iacere
850 2420 924 2473 non
950 2404 1076 2493 potest.
1103 2398 1148 2471 Et
1172 2398 1234 2472 dat
1260 2398 1403 2494 virgam
1435 2397 1594 2471 debitam
1624 2397 1712 2471 huic
1735 2396 1871 2491 pastori

703 2520 925 2612 animarum,
943 2518 1084 2593 dicens:
1102 2524 1135 2590 ct
1149 2538 1223 2591 unc
1238 2520 1353 2611 spada
1369 2519 1466 2590 nudo
1483 2538 1593 2591 cccco
1609 2521 1647 2591 in
1664 2538 1791 2612 roano5
1808 2537 1875 2612 per

704 2642 799 2715 hanc
824 2638 984 2734 intellige
1011 2637 1175 2734 linguam
1200 2637 1409 2731 sacerdotis,
1428 2658 1539 2732 quam
1557 2638 1667 2713 debet
1682 2637 1821 2713 habere
1836 2637 1875 2711 in

705 2780 831 2852 manu,
846 2757 947 2852 idest,
961 2764 1139 2853 potestate
1156 2778 1236 2852 sua,
1248 2758 1335 2853 quia
1352 2778 1452 2833 mors
1469 2764 1507 2833 et
1519 2758 1593 2833 vita
1606 2750 1690 2853 ini‘)
1706 2758 1875 2833 manibus

707 2882 858 2976 linguae3
871 2898 956 2973 quae
968 2878 1092 2974 lingua
1105 2876 1144 2952 in
1155 2864 1345 2953 sacerdote
1357 2878 1466 2954 debet
1478 2898 1559 2953 esse
1575 2879 1673 2955 nuda
1686 2886 1724 2955 et
1734 2885 1874 2975 aperta,

708 3006 750 3075 ut
774 3000 832 3075 hic
856 3000 989 3075 dicitur
1014 2998 1060 3073 de
1085 3006 1198 3094 spata,
1224 3005 1261 3071 et
1285 3004 1394 3073 acute
1425 3018 1590 3095 pungere
1619 3005 1657 3074 et
1681 3006 1876 3094 penetrare

708 3140 826 3214 usquc
850 3118 897 3194 ad
922 3139 999 3212 cor,
1025 3124 1062 3192 et
1086 3117 1135 3192 ibi
1157 3117 1283 3192 rimari
1299 3115 1480 3192 subtiliter
1500 3124 1661 3213 peccata,
1678 3125 1715 3195 et
1732 3107 1876 3194 abscin-
1942 3138 1949 3155 ·

707 3239 796 3315 dere
822 3244 859 3314 et
884 3237 1091 3333 extirpare3
1118 3235 1177 3311 vel
1202 3237 1298 3312 ensis
1314 3244 1369 3311 est
1380 3236 1561 3332 judicium
1582 3238 1790 3334 sacerdotis,
1811 3239 1875 3333 qui

710 3367 809 3435 recte
843 3358 1035 3455 investigat
1068 3364 1228 3453 peccata,
1259 3365 1297 3433 et
1319 3359 1421 3452 juste
1452 3357 1575 3433 indicit
1610 3357 1872 3454 poeniteutiam,

707 3488 744 3557 et
764 3482 865 3576 juste
899 3478 1053 3555 absolvit
1084 3484 1315 3573 peccatorem
1347 3499 1434 3554 cum
1466 3477 1675 3554 transiverit
1705 3500 1771 3574 per
1801 3486 1877 3555 tres

706 3601 843 3699 gradus
869 3599 931 3695 qui
957 3599 1015 3674 hic
1039 3598 1314 3674 describuntur:
1341 3604 1377 3673 et
1401 3598 1487 3674 dicit
1510 3598 1557 3673 de
1581 3598 1649 3673 ista
1675 3604 1788 3694 spata,
1817 3601 1878 3672 cle

707 3724 855 3814 reflectea
880 3722 893 3792 ι’
916 3721 1023 3811 roppt'
1045 3710 1077 3791 sl
1101 3741 1163 3791 ver
1186 3721 1259 3810 noi,
1284 3717 1423 3793 directe
1447 3717 1642 3813 respiciens
1672 3739 1751 3813 nos,
1776 3720 1827 3792 clt'
1841 3720 1877 3792 io

708 3844 896 3915 dirtzzaca
910 3859 1029 3931 spesso
1053 3840 1080 3911 tt
1103 3840 1178 3911 niso
1200 3842 1345 3930 inpono,
1364 3857 1493 3913 versus
1510 3856 1607 3932 eam,
1624 3837 1711 3932 quia
1728 3857 1802 3911 uon
1821 3836 1876 3912 vi·

707 3960 850 4036 debam.
865 3998 915 4012 -
927 3960 1027 4031 Dttcl.
1049 3958 1113 4032 llic
1133 3964 1241 4052 poeta
1265 3956 1435 4033 describit
1459 3956 1664 4031 orationem
1681 3956 1801 4053 angeli
1819 3976 1878 4032 se-

707 4079 823 4155 dentis
849 4078 896 4154 ad
921 4098 997 4173 eos,
1023 4078 1086 4172 qui
1111 4078 1201 4173 petit
1228 4077 1275 4153 ad
1305 4077 1393 4172 quid
1422 4076 1571 4151 veniant
1599 4083 1636 4151 et
1664 4076 1876 4172 quomod03

709 4199 807 4274 unde
840 4198 948 4273 dicit:
978 4201 1058 4291 epti,
1083 4197 1230 4294 scilicet,
1256 4198 1411 4295 angelus
1439 4197 1610 4273 sacerdos
1634 4197 1791 4293 Domini,
1816 4218 1877 4271 co-

709 4312 834 4395 mtnct'd
859 4340 883 4392 o
908 4322 1008 4393 dire:
1034 4322 1187 4409 coeliaci,
1213 4318 1316 4412 idest,
1337 4338 1359 4393 a
1384 4319 1505 4414 longe,
1522 4323 1722 4412 antequam
1747 4338 1876 4394 ascen-

708 4440 882 4516 deremus
911 4441 1044 4515 scalam
1078 4439 1190 4514 trium
1219 4439 1417 4536 graduum,
1443 4442 1536 4531 ditet,
1568 4438 1669 4533 idest,
1703 4438 1811 4514 dicite
1841 4445 1879 4514 et

710 4559 937 4636 manifestate
964 4559 1061 4654 milri,
1088 4562 1148 4633 cle
1172 4562 1278 4633 volctc
1297 4562 1385 4633 voi?
1402 4558 1507 4653 qtrasi
1533 4558 1647 4633 dicat:
1674 4558 1793 4653 petitis
1813 4577 1879 4635 vos

709 4686 837 4775 sponte
871 4679 1151 4775 poenitentiamt
1192 4676 1281 4754 ov'e‘
1319 4682 1356 4753 la
1395 4686 1527 4771 scorto,
1560 4677 1706 4774 scilicet,
1739 4678 1876 4773 Lucia3

709 4801 883 4892 puordatc
906 4800 965 4872 cle
988 4800 1014 4871 'l
1037 4802 1136 4873 vaur
1159 4820 1201 4873 cu
1225 4818 1298 4872 non
1328 4801 1364 4871 oi
1393 4795 1462 4872 rtdi.
1497 4799 1641 4893 Optime
1664 4798 1761 4894 dicit,
1789 4798 1875 4893 quia

774 5063 802 5128 (Ἴ
819 5064 849 5117 Fu
865 5065 984 5131 illlsoris·
1259 5063 1288 5131 (¹)
1303 5067 1335 5118 lt
1350 5068 1378 5117 ln
1391 5080 1470 5117 manu
1487 5066 1591 5131 lingue.
