4542 6842
738 991 876 1047 CA'NTUS
902 993 1057 1048 DECIMUS
1078 994 1277 1049 SECUNDUS.
1521 982 1592 1050 323

419 1156 521 1229 saxo,
548 1140 589 1207 ut
614 1135 830 1211 domaretur
847 1141 884 1210 et
905 1136 1115 1212 efficeretur
1130 1138 1289 1211 lrumilis
1307 1144 1345 1213 et
1366 1145 1594 1231 mansuetus,

420 1262 457 1331 et
481 1256 760 1331 oblivisceretur
787 1277 859 1331 non
885 1257 995 1331 ierire
1024 1258 1113 1332 alios
1141 1258 1285 1353 lingua:
1311 1262 1349 1333 et
1374 1258 1507 1332 Dantes
1526 1258 1593 1351 qui

420 1377 585 1451 similiter
610 1378 731 1453 iuerat
756 1377 936 1473 superbus
962 1378 1036 1451 ibat
1061 1400 1127 1474 par
1159 1400 1246 1453 cum
1271 1378 1344 1473 illo,
1371 1384 1413 1451 ut
1439 1379 1594 1453 habilius

421 1500 635 1593 loqueretur
661 1520 802 1592 secum,
828 1503 865 1573 et
889 1499 1045 1574 disceret
1070 1498 1234 1573 inclinari
1265 1504 1302 1574 et
1328 1498 1523 1574 humiliari.
1551 1502 1595 1573 lit

420 1618 528 1692 dicit:
552 1622 601 1711 fin
637 1622 696 1692 olre
712 1622 738 1692 ’l
767 1624 912 1711 soporae
938 1622 966 1692 tl
995 1622 1092 1692 dolce
1107 1622 1317 1713 ‚pedagogo
1344 1619 1446 1713 idest,
1476 1618 1593 1694 donec

422 1740 585 1835 permisit
611 1740 699 1813 milri
725 1740 899 1837 magister
925 1744 962 1813 et
985 1740 1060 1813 dux
1092 1759 1200 1813 meus
1230 1739 1426 1835 Virgilius
1443 1741 1518 1815 Nec
1544 1741 1595 1814 ri·

420 1858 508 1933 deas
533 1860 580 1935 de
613 1859 679 1933 ista
707 1859 921 1954 metaphora
946 1865 1137 1953 tamquam
1168 1858 1311 1954 puerili,
1342 1860 1429 1954 quia
1454 1860 1594 1934 Aristo-

422 1979 511 2054 teles
540 1980 641 2075 ponit
672 2000 754 2054 eam
782 1979 876 2053 libro
893 1978 1134 2054 ethicorum.
1168 1979 1338 2075 Virgilius
1373 1981 1470 2054 enim
1497 1981 1593 2077 ligu-

420 2105 477 2172 rat
502 2101 694 2193 rationem,
711 2100 796 2193 quae
816 2100 916 2174 ducit
934 2104 971 2173 et
988 2099 1083 2195 regit
1104 2100 1310 2192 passionem
1329 2104 1366 2172 et
1382 2099 1593 2195 disciplinat,

278 2252 281 2259 ·
419 2218 512 2292 sicut
536 2219 747 2316 pedagogus
773 2240 944 2313 puerum.
971 2217 1110 2293 Dicitur
1136 2219 1234 2294 enim
1257 2218 1468 2315 pedagogus
1485 2240 1508 2293 a
1528 2241 1593 2311 pe-

419 2342 496 2428 dor,
527 2340 627 2433 quod
661 2345 716 2415 est
747 2361 854 2434 puer,
887 2346 924 2415 et
957 2360 1069 2433 pope·
1091 2339 1190 2434 quod
1224 2346 1279 2414 est
1308 2339 1457 2433 ducere,
1488 2339 1594 2433 quasi
1731 2408 1761 2460 ,⁸

418 2460 556 2535 ducens
581 2481 765 2556 puerum;
791 2467 829 2537 et
852 2460 938 2535 dicit
968 2466 1138 2535 notanter
1167 2460 1294 2555 dulcis
1320 2460 1406 2553 quia
1432 2459 1593 2556 pedago-

419 2603 489 2678 gus
515 2581 606 2656 solet
632 2581 745 2656 rideri
760 2575 797 2675 (¹)
822 2581 993 2656 terribilis
1018 2587 1055 2655 et
1079 2602 1230 2656 amarus
1255 2580 1385 2655 scolari
1410 2600 1499 2673 suo;
1525 2580 1594 2655 iste

421 2721 514 2776 vero.
537 2701 822 2797 erat-benignus
847 2707 884 2776 et
908 2722 1028 2775 carus.
1042 2742 1092 2755 -
1105 2706 1177 2775 Mo.
1196 2701 1261 2775 Hic
1277 2705 1386 2793 poeta
1403 2698 1592 2794 praemissa

420 2821 694 2897 continuatione
714 2821 883 2896 describit
902 2842 1007 2897 suam
1026 2822 1295 2916 dispositionem
1322 2822 1369 2896 ad
1394 2826 1591 2895 tractatum

422 2948 656 3037 sequentem3
683 2948 720 3017 et
745 2942 846 3035 dicit,·
867 2942 964 3036 quod
979 2942 1037 3017 ad
1062 2944 1285 3039 praeceptum
1313 2940 1448 3038 Virgilii
1475 2942 1593 3016 erexit

420 3082 460 3135 se
486 3062 548 3134 ubi
575 3062 650 3136 ibat
675 3062 794 3157 primo
819 3063 1033 3137 incurvatus
1057 3082 1152 3137 eum*
1169 3062 1344 3136 Odorisio.
1364 3060 1455 3136 Dicit
1481 3080 1592 3157 ergo:

421 3187 485 3255 Mo
510 3185 627 3275 riserat
651 3185 758 3257 oudo
783 3202 850 3255 coo
881 3186 918 3256 lo
945 3203 1103 3275 persono
1127 3175 1158 3256 sl
1182 3204 1279 3256 como
1304 3184 1414 3255 ouolsi
1438 3184 1590 3270 undaro,

420 3300 521 3395 idest,
540 3302 633 3375 sicut
650 3308 705 3375 est
722 3302 890 3375 naturale
906 3309 943 3377 et
962 3302 1176 3377 rationabile
1187 3294 1224 3394 (²)
1244 3301 1380 3375 homini
1398 3302 1452 3375 ire
1480 3306 1591 3375 recte.

419 3422 610 3496 Rectitudo
628 3422 726 3496 enim
748 3420 872 3517 arguit
896 3421 1142 3515 nobilitatem3
1161 3420 1259 3495 unde
1278 3441 1365 3495 cum
1386 3426 1519 3495 natura
1537 3420 1591 3493 ie·

418 3542 509 3617 cerit
534 3548 667 3616 caetera
692 3540 864 3615 animalia
881 3562 996 3641 prona
1022 3541 1068 3615 ad
1092 3547 1246 3634 terram,
1264 3540 1382 3613 solum
1406 3538 1591 3613 hominem

419 3664 505 3738 lecit
528 3668 670 3738 rectum
696 3662 742 3735 ad
774 3663 923 3755 coelum,
950 3668 991 3736 ut
1020 3661 1105 3736 dicit
1135 3661 1276 3755 Cicero,
1299 3660 1460 3753 Ovidius,
1487 3659 1593 3734 Salu-

419 3785 519 3878 stius,
545 3783 736 3857 luvenalis
757 3788 794 3857 et
819 3803 948 3857 omnes
974 3783 1173 3878 sapientes3
1194 3788 1232 3857 et
1252 3782 1356 3856 dicit:
1379 3802 1517 3872 ooeyno
1533 3783 1593 3853 rire

333 3952 336 3957 ·
418 3906 606 3998 iperoieri
629 3906 678 3976 mi
700 3906 935 3976 minonemero
966 3924 985 3975 o
1011 3905 1182 3976 olinolie
1209 3904 1326 3993 coemi,
1351 3901 1456 3995 quasi
1481 3900 1589 3993 dicat,

421 4024 590 4120 quamvis
615 4023 814 4098 erexissem
842 4043 904 4098 me
929 4044 1090 4117 sursum,
1108 4029 1234 4099 tamen
1253 4022 1394 4117 pondus
1414 4041 1591 4095 curarum

420 4144 636 4219 incurvabat
651 4134 687 4236 (³)
717 4164 778 4219 me
802 4144 850 4219 ad
873 4150 1027 4239 terram,
1053 4144 1139 4239 quia
1167 4144 1226 4218 ille
1249 4143 1437 4218 Odorisius
1462 4142 1594 4238 praedi-

422 4270 526 4340 xerat
550 4265 615 4339 sibi
633 4265 737 4357 quod
750 4265 826 4359 ipse
851 4264 923 4339 cito
940 4264 1096 4339 disceret
1113 4284 1227 4358 quam
1244 4284 1359 4360 grave
1376 4262 1421 4336 sit
1439 4284 1592 4359 rogare3

420 4386 587 4481 sicergo
620 4384 721 4459 erexi
755 4404 827 4477 me,
859 4386 1014 4476 quondo,
1041 4382 1224 4480 Virgilius,
1255 4386 1370 4458 dure:
1397 4386 1507 4456 loscio
1532 4385 1593 4473 tui,
1635 4471 1639 4478 ¹

419 4504 565 4597 scilicet,
590 4502 810 4596 Odorisium‚
833 4525 852 4576 o
876 4524 1001 4595 vareo,
1019 4502 1122 4597 idest,
1149 4504 1262 4577 transi
1286 4503 1334 4578 ad
1360 4524 1498 4577 novam
1512 4524 1594 4577 ma-

419 4624 571 4717 teriam3
590 4629 627 4699 et
646 4624 806 4720 assignat
822 4623 997 4718 optimam
1025 4622 1217 4716 rationem,
1235 4622 1375 4697 dicens:
1396 4624 1469 4713 ote,
1487 4623 1590 4716 idest,

420 4744 519 4837 quia,
545 4736 565 4817 d
588 4743 693 4833 deon,
718 4743 820 4837 idest,
840 4742 928 4817 utile
954 4747 990 4817 et
1016 4743 1277 4835 necessarium,
1303 4745 1444 4816 dormo
1465 4746 1593 4835 ptrrper

1486 4886 1594 4896 —

481 4956 509 5017 (¹)
525 4956 555 5005 Ε.
572 4956 654 5009 rideri
669 4957 696 5007 ln
712 4948 856 5009 scolaribus
869 4955 995 5007 terribilis
1010 4962 1038 5006 et
1057 4968 1171 5015 omarus,
1192 4956 1240 5006 isle
1261 4955 1331 5006 enim
1351 4958 1409 5005 erat
1429 4966 1477 5005 sno
1497 4954 1593 5003 scolari

422 5034 547 5097 benignus
562 5038 589 5083 et
605 5046 688 5083 rurus.

484 5107 558 5173 (¹113.
576 5109 709 5161 rationale.
767 5106 769 5109 ’
813 5165 817 5173 ,
959 5108 986 5175 (⁸)
1003 5113 1056 5171 117,
1074 5110 1205 5161 currebat.
