4542 6842
794 987 933 1043 caurus
957 987 1151 1043 sncuuous.
1511 975 1556 1044 73

385 1132 585 1234 receptavit
609 1132 647 1205 in
672 1132 768 1226 navi,
794 1135 848 1206 cdi
875 1136 921 1206 iro
951 1136 1066 1206 voluto
1095 1137 1213 1207 intrat·
1244 1153 1312 1207 con
1342 1139 1429 1206 tutto
1451 1153 1556 1226 poce,

385 1253 487 1348 idest,
514 1252 741 1349 quicumque
766 1254 883 1329 voluit
907 1255 1090 1329 conciliari
1124 1261 1162 1329 et
1187 1253 1369 1350 pacificari
1394 1254 1482 1348 beo,
1507 1256 1558 1330 dn

385 1381 438 1448 tre
462 1376 559 1463 mesi,
585 1373 676 1448 idest
700 1394 723 1449 a
749 1373 866 1448 tribus
891 1375 1078 1450 mensibus
1103 1374 1207 1468 citra,
1230 1374 1329 1469 quod
1354 1379 1410 1450 est
1433 1373 1557 1450 dicere

385 1515 408 1570 a
433 1493 544 1566 natali
569 1493 670 1568 citra.
697 1493 802 1586 Nam,
824 1500 864 1568 nt
888 1495 973 1568 alibi
999 1495 1136 1568 dictum
1163 1502 1230 1587 est,
1251 1516 1371 1568 annus
1394 1494 1455 1569 iiie
1481 1514 1556 1588 quo

385 1619 490 1709 poeta
519 1613 646 1686 habuit
671 1634 775 1686 suam
804 1614 1008 1689 mirabilem
1035 1614 1225 1708 visionem,
1247 1614 1383 1688 scilicet
1408 1614 1557 1690 millesi-

386 1755 471 1808 mus
495 1733 787 1828 trecentesimus,
812 1734 880 1807 init
904 1755 1023 1809 annus
1043 1733 1195 1829 J'ubilaei,
1217 1735 1281 1829 qui
1307 1735 1554 1828 incoeperata

385 1854 583 1946 nativitate,
614 1861 651 1928 et
680 1875 779 1928 nnnc
811 1861 891 1929 erat
925 1861 1071 1950 tempus
1104 1855 1212 1950 primi
1241 1855 1349 1948 veris,
1381 1855 1468 1948 quia
1502 1855 1555 1928 soi

384 1975 586 2049 intraverat
601 1975 767 2049 arietem.
777 1976 938 2049 Vocatur
954 1982 1080 2050 autem
1098 1975 1158 2049 bic
1174 1997 1305 2069 annus,
1325 1996 1437 2068 quem
1455 1975 1556 2069 Moy·

384 2115 442 2170 ses
466 2096 592 2170 statuit
609 2096 646 2168 in
663 2097 818 2189 deserte,
841 2096 1025 2191 jubiiaeus,
1044 2105 1081 2170 et
1107 2104 1188 2171 erat
1213 2096 1555 2192 quinquagesimus,

385 2223 426 2290 ut
443 2216 557 2290 refert
569 2217 746 2311 Iosephus
761 2217 869 2290 tertio
882 2216 1163 2310 Antiquitatum,
1182 2216 1217 2290 in
1241 2236 1316 2311 qno
1332 2217 1516 2292 debitores
1532 2235 1556 2290 a

382 2337 564 2411 creditore
581 2337 812 2430 laxabantur,
831 2343 868 2410 et
885 2337 981 2410 servi
998 2337 1277 2411 dimittebantur
1294 2336 1409 2411 liberi,
1430 2337 1556 2412 Stante

382 2456 562 2551 siquidem
583 2456 745 2550 jubiiaeo,
768 2457 866 2550 quod
888 2477 1023 2531 nomen
1043 2456 1222 2552 significat
1249 2456 1468 2550 libertatem,
1495 2476 1556 2530 re·

383 2577 626 2653 stituebantur
660 2577 771 2652 etiam
805 2577 924 2672 campi
959 2577 1117 2671 antiquis
1152 2577 1328 2670 dominis,
1355 2577 1436 2652 ideo
1468 2576 1554 2652 dicit

382 2698 522 2773 Casella
547 2696 645 2791 quod
673 2697 734 2771 tali
760 2706 926 2792 tempore
951 2698 1126 2772 liberatus
1149 2705 1205 2771 est
1221 2698 1267 2772 de
1284 2697 1442 2793 AEgypto
1454 2704 1492 2770 et
1508 2697 1554 2771 de
1690 2769 1709 2796 ‚

382 2824 561 2914 potestate
586 2817 794 2891 Pharaonis.
813 2818 905 2892 Dicit
929 2837 1038 2914 crgo:
1057 2821 1188 2892 ond'io
1212 2820 1272 2890 cde
1297 2839 1362 2890 era
1381 2821 1455 2890 otta
1475 2837 1555 2890 ma·

380 2943 465 3013 rino
489 2943 593 3031 cotto,
614 2938 759 3032 scilicet,
777 2940 824 3013 ad
844 2939 1065 3014 maritimam
1087 2960 1292 3033 romanam,
1311 2941 1399 3012 dove
1416 2942 1576 3044 tueque
1719 3025 1725 3034 .

381 3065 420 3135 di
449 3065 574 3133 Teoere
598 3062 767 3151 s't'rtsoto,
798 3061 900 3153 idest,
934 3061 1046 3135 intrat
1071 3061 1204 3154 salum,
1229 3060 1307 3135 sire
1339 3081 1461 3154 mare3
1487 3080 1554 3154 per

382 3181 481 3276 quod
506 3181 671 3276 intelligit
692 3182 791 3275 quod
816 3187 897 3256 erat
921 3201 1122 3256 conversus
1147 3181 1194 3255 ad
1219 3181 1462 3256 obedientiam
1490 3200 1553 3253 ro-

381 3321 501 3375 manae
527 3300 700 3394 eeclesiae,
731 3303 990 3392 bentpnnmeute
1019 3304 1071 3396 su'
1091 3304 1142 3374 da
1175 3305 1224 3374 tui
1252 3304 1389 3390 ricolto,
1415 3301 1551 3376 scilicet

293 3423 298 3440 “
379 3423 427 3496 ab
444 3422 504 3494 iiio
521 3421 672 3517 bugeio,
686 3422 750 3516 qui
770 3422 923 3498 libenter
941 3421 1068 3516 recipit
1087 3421 1283 3496 redeuntes
1300 3421 1346 3494 ad
1364 3420 1550 3516 gremium

379 3541 542 3616 ecclesiae
568 3549 913 3637 quantumcumque
935 3541 1048 3616 tarde.
1074 3541 1118 3615 Et
1139 3543 1198 3616 bic
1219 3550 1305 3615 nota
1327 3543 1426 3634 quod
1443 3540 1552 3614 Tiber

378 3661 513 3735 durius
538 3682 714 3736 romanus
740 3663 851 3735 intrat
873 3682 977 3736 mare
995 3663 1104 3757 longe
1128 3683 1152 3736 a
1176 3663 1291 3736 Roma
1319 3681 1385 3756 per
1409 3659 1552 3734 duode-

379 3782 450 3858 cim
476 3781 643 3855 milliaria
664 3783 771 3878 juxta
798 3781 980 3856 civitatem
999 3801 1083 3875 quae
1105 3789 1259 3855 vocatur
1284 3781 1418 3872 Hostia,
1438 3800 1550 3873 quant

378 3904 465 3988 olim
498 3902 655 3976 condidit
683 3906 805 3976 Ancus
835 3903 984 3976 Martius
1017 3907 1172 3996 quartus
1204 3921 1268 3975 rex
1309 3918 1549 3975 romanorum

378 4023 518 4118 inipso
548 4022 703 4097 confinio
735 4022 846 4095 maris
878 4029 915 4096 et
945 4023 1115 4115 fluminis,
1143 4029 1185 4095 nt
1213 4022 1264 4096 ait
1299 4021 1439 4112 Florus,
1468 4022 1548 4115 jam

379 4153 467 4218 tnnc
504 4145 724 4240 praesagiens
757 4143 880 4217 animo
916 4143 1051 4218 debere
1083 4164 1175 4237 esse,
1204 4151 1244 4216 ut
1274 4143 1407 4216 divitiae
1439 4140 1552 4216 totins

378 4264 506 4338 mundi
531 4271 568 4338 et
593 4265 763 4338 victualia
789 4263 1041 4359 reciperentur
1066 4265 1127 4338 iiio
1150 4264 1255 4357 qnasi
1276 4263 1461 4337 maritimo
1482 4264 1551 4337 bo-

377 4386 482 4480 spitio
510 4385 618 4458 urbis.
647 4385 690 4458 nt
720 4385 840 4458 subdit
865 4383 1003 4458 Casella
1030 4385 1128 4478 quod
1158 4385 1319 4480 Angelus
1350 4384 1550 4459 revertitur

377 4526 477 4578 nunc
503 4525 633 4579 versus
658 4505 792 4579 ostium
815 4505 964 4596 Tiberis,
983 4505 1069 4598 quia
1096 4505 1215 4579 omnis
1235 4505 1358 4578 anima
1374 4504 1548 4579 salvanda

378 4626 506 4699 transit
531 4645 597 4718 per
622 4647 768 4720 passum
796 4626 912 4719 iilum,
931 4624 1065 4699 scilieet
1092 4645 1157 4718 per
1182 4631 1364 4719 praecepta
1386 4643 1550 4698 romane

376 4743 549 4819 eeclesiae.
564 4744 655 4819 Dicit
669 4766 779 4842 ergo:
793 4748 862 4836 etti,
876 4745 1011 4819 sedicet
1024 4745 1195 4840 Angelus,
1210 4747 1256 4817 bo
1269 4766 1313 4816 or
1326 4747 1432 4818 dritta
1449 4747 1548 4835 toto,

378 4863 479 4956 idest,
506 4885 604 4938 nunc
635 4865 682 4940 de
711 4865 880 4961 praesenti
915 4865 1067 4957 revolat,
1100 4885 1124 4936 α
1156 4868 1271 4957 quello
1299 4867 1389 4957 soce,
1414 4863 1551 4938 scilieet

378 4984 591 5077 tiberinam,
610 4992 647 5060 et
665 5007 751 5062 ecce
777 4987 969 5077 rationem,
988 4977 1077 5078 perd
1101 4987 1162 5058 ebe
1187 4988 1284 5077 quat,
1306 4985 1406 5076 idest,
1429 4985 1549 5058 omnis

377 5103 501 5180 anima
531 5125 624 5200 quae,
655 5128 727 5180 nort
759 5111 790 5180 si
819 5109 899 5179 cota
933 5127 1033 5177 verso
1064 5107 1313 5194 d'dcberonte,
1339 5104 1443 5196 idest,
1473 5125 1548 5178 non
