4542 6842
721 974 769 1040 aa
956 1008 960 1021 ι
1078 982 1284 1037 connnruu
1311 980 1531 1035 runnnronu

719 1128 983 1220 difficultatem,
1009 1124 1156 1200 dicens:
1183 1128 1277 1223 quini
1306 1131 1502 1197 trouummo
1532 1126 1569 1197 tn
1598 1126 1718 1197 roano
1742 1116 1772 1197 si
1804 1130 1894 1215 erto,

720 1250 824 1345 idest,
845 1250 960 1344 ripam
981 1254 1056 1323 tam
1074 1247 1243 1341 arduam,
1269 1248 1329 1319 otte
1344 1248 1498 1319 ’murtro
1524 1248 1559 1318 ui
1577 1246 1697 1319 sumen
1714 1248 1746 1319 te
1770 1246 1894 1337 pambo

717 1378 858 1464 monte,
896 1368 998 1461 idest,
1033 1367 1169 1441 trustra
1204 1367 1286 1461 quis
1319 1370 1476 1441 tentaret
1511 1364 1711 1440 ascendere
1743 1364 1894 1460 podibus

720 1498 1067 1585 quantumcumque
1091 1488 1194 1585 agitis
1222 1493 1427 1562 montanus.
1454 1486 1498 1559 Et
1524 1486 1697 1560 continuo
1722 1485 1894 1560 describit

720 1612 973 1687 difficultatem
998 1610 1109 1683 huius
1124 1604 1162 1702 (¹)
1190 1608 1321 1684 montis
1347 1628 1414 1703 per
1430 1606 1742 1702 comparationem
1762 1606 1808 1680 ad
1826 1606 1893 1679 dii-

723 1732 923 1808 ficuttatcm
952 1736 1161 1804 nostrorum
1188 1728 1369 1803 montium
1398 1728 1614 1802 italicorum.
1642 1728 1686 1801 Et
1707 1728 1741 1801 in
1760 1728 1892 1803 effectu

723 1858 830 1949 poeta
857 1852 936 1925 uutt
960 1850 1083 1924 dicere
1108 1850 1207 1945 quod
1236 1848 1273 1922 in
1306 1848 1436 1944 ripenia
1469 1848 1608 1943 Januae,
1635 1848 1670 1921 in
1705 1870 1779 1943 qua
1808 1854 1893 1921 sunt

725 1974 854 2047 itinera
886 1970 1095 2045 difficittima
1121 1970 1301 2063 omnium,
1331 1969 1430 2042 nnita
1465 1969 1522 2042 via
1556 1974 1610 2043 est
1644 1976 1717 2041 tam
1752 1988 1893 2063 aspera,

724 2114 808 2189 quae
835 2113 907 2165 non
932 2090 978 2164 sit
1002 2091 1108 2185 ptana
1134 2095 1171 2163 et
1197 2088 1309 2163 tacitis
1341 2094 1508 2183 respectu
1540 2087 1652 2161 istius.
1684 2088 1786 2163 Unde
1813 2088 1895 2163 volo

726 2220 764 2287 te
790 2218 918 2285 notare
947 2209 993 2283 ad
1023 2209 1292 2305 intelligendam
1327 2208 1434 2303 piane
1463 2208 1567 2282 istam
1600 2208 1758 2284 nobilem
1791 2229 1894 2283 eom-

726 2331 965 2427 parationem,
993 2329 1097 2403 istam
1125 2327 1315 2423 regionam
1343 2328 1453 2402 tuisse
1478 2327 1564 2401 otim
1586 2329 1740 2403 alteram
1759 2336 1891 2424 cotem,

615 2534 620 2540 ,
725 2474 809 2547 quae
836 2472 999 2526 romanae
1024 2450 1170 2523 virtutis
1195 2448 1311 2523 aciem
1339 2450 1448 2545 longo
1474 2450 1648 2524 exercitio
1668 2470 1733 2546 per
1761 2450 1896 2525 multos

724 2593 841 2648 annos
867 2571 1024 2645 exacuit.
1052 2570 1153 2643 Sicut
1178 2570 1276 2643 enim
1304 2568 1427 2643 scribit
1452 2568 1575 2643 Livius
1593 2569 1749 2644 hahebat
1773 2570 1896 2645 omnia

724 2694 762 2765 in
788 2713 829 2767 se
854 2712 938 2785 quae
964 2691 1142 2764 haberent
1161 2680 1198 2781 ρ’)
1217 2690 1338 2763 iacere
1359 2710 1554 2763 romanum
1578 2689 1728 2763 mititem
1749 2689 1895 2786 vigilem

725 2819 764 2888 et
790 2810 994 2903 sollicitum,
1021 2808 1156 2885 scilicet
1187 2809 1354 2883 iocorum
1383 2816 1594 2883 montanam
1619 2809 1804 2903 duritiem,
1831 2811 1897 2884 ho-

726 2932 837 3007 stium
874 2937 1081 3026 promptam
1112 2929 1356 3024 velocitatem,
1389 2929 1601 3004 victualium
1634 2930 1896 3023 difficultatem,

579 3099 584 3105 -
662 3044 666 3051 ’
726 3049 1530 3146 insidiarumopportunitatem,munitionem
1546 3051 1790 3145 castellorum,
1809 3073 1898 3126 con-

728 3173 970 3248 tinuationem
988 3171 1170 3263 laborum,
1190 3170 1389 3265 plurimum
1408 3171 1571 3266 periculi,
1590 3172 1782 3245 minimum
1803 3194 1896 3267 prae-

725 3295 793 3388 dae,
821 3294 907 3367 nituit
932 3292 1006 3366 otii.
1033 3292 1087 3364 Ex
1113 3290 1168 3363 his
1194 3311 1284 3388 ergo
1309 3291 1404 3385 vide,
1434 3292 1560 3387 tector,
1593 3300 1770 3386 quantum
1804 3314 1898 3388 prae-

725 3414 822 3489 dicta
848 3413 980 3486 saciant
1004 3411 1049 3484 ad
1076 3410 1316 3506 propositum,
1343 3412 1430 3504 quia
1456 3410 1512 3485 vir
1529 3412 1680 3487 tendens
1697 3419 1734 3488 et
1758 3419 1899 3487 tentans

724 3533 926 3609 ascendere
950 3533 997 3607 ad
1017 3538 1180 3607 montem
1206 3532 1362 3626 virtutis,
1381 3538 1569 3627 tamquam
1590 3532 1693 3608 miles
1710 3555 1897 3631 mmanus‚

726 3655 866 3728 invenit
878 3652 1002 3728 omnia
1015 3653 1286 3748 impedimenta,
1307 3653 1401 3727 siout
1418 3652 1497 3727 toea
1519 3660 1556 3728 et
1572 3659 1738 3748 tempora
1757 3676 1898 3749 aspera,

729 3774 841 3849 sortes
866 3774 1107 3867 adversarios,
1125 3774 1298 3848 continua
1317 3772 1423 3868 helia,
1439 3772 1564 3848 omnia
1586 3774 1836 3869 incommoda3
1864 3786 1900 3851 et

727 3902 769 3969 ut
800 3894 1016 3971 conctndam
1050 3915 1136 3969 oum
1168 3894 1280 3987 Livio,
1306 3914 1392 3967 oum
1420 3892 1558 3988 ubique
1589 3901 1773 3968 terrarum
1805 3904 1899 3972 esset

729 4015 968 4113 pugnandum
995 4035 1081 4089 cum
1108 4014 1257 4110 singuiis
1282 4014 1567 4108 difficultatibus,
1585 4015 1643 4089 hic
1668 4036 1754 4089 cnm
1777 4018 1899 4091 multis

728 4157 805 4210 uno
831 4143 997 4231 tempore
1023 4134 1263 4231 pugnandum
1289 4141 1386 4228 erat;
1413 4141 1450 4209 et
1484 4134 1577 4209 sicut
1604 4136 1749 4211 tandem
1776 4157 1900 4211 ronna-

728 4278 799 4330 nus
825 4256 920 4349 vicit,
946 4257 995 4330 ita
1022 4256 1079 4328 vir
1104 4254 1205 4329 tortis
1230 4254 1354 4329 omnia
1383 4254 1504 4328 vincit.
1532 4254 1575 4327 m
1603 4254 1688 4329 dicit
1721 4256 1818 4350 quod
1844 4258 1913 4331 vir.

731 4384 839 4452 natus
865 4383 921 4452 est
937 4376 982 4450 ad
999 4376 1187 4469 virtutem,
1206 4376 1299 4449 sicut
1316 4374 1393 4449 avis
1413 4374 1459 4448 ad
1481 4376 1655 4451 volatum.
1678 4376 1768 4452 Nota
1791 4378 1900 4453 etiam

731 4497 965 4572 manifestum
992 4516 1159 4571 errorem
1186 4515 1318 4569 eorum
1338 4496 1400 4589 qui
1422 4494 1547 4569 dicunt
1565 4496 1661 4590 quod
1679 4498 1826 4597 Liguria
1849 4511 1904 4577 est

728 4616 945 4692 Lombardia
971 4618 1089 4713 plana,
1116 4616 1191 4690 imo
1216 4615 1354 4691 directe
1369 4606 1404 4708 (³)
1439 4637 1504 4710 per
1538 4618 1763 4691 eontrarium
1798 4620 1901 4717 regio

728 4743 914 4831 montana,
941 4757 1025 4832 quae
1051 4743 1106 4811 est
1131 4736 1227 4811 inter
1252 4737 1391 4810 Varum
1418 4745 1455 4811 et
1480 4738 1639 4812 Macram
1673 4738 1834 4834 flumina,
1863 4748 1902 4815 ut

728 4859 778 4933 ait
804 4859 943 4932 Florus.
971 4858 1040 4933 Per
1066 4859 1136 4932 hoc
1166 4878 1256 4953 ergo
1287 4864 1392 4952 poeta
1426 4858 1582 4933 ostendit
1610 4880 1723 4954 quam
1750 4861 1903 4939 diffictus

1797 5030 1902 5042 —

796 5124 823 5187 (⁸)
841 5130 894 5185 mr,
911 5124 983 5176 tlttua
998 5126 1101 5177 montis.
1227 5126 1448 5189 erumpebant.
1575 5128 1601 5191 (³)
1618 5126 1647 5179 E.
1664 5128 1762 5179 directe
1778 5135 1817 5179 ont
1832 5144 1885 5193 per.
