4542 6842
707 951 778 1017 dtu
1065 962 1271 1019 connuruu
1294 911 1515 1018 uunoaronu

703 1128 788 1183 uem
815 1107 910 1203 vitae,
936 1113 972 1182 et
997 1107 1167 1183 subiicias
1192 1108 1268 1204 ipsa
1294 1106 1448 1203 pedibus
1472 1105 1545 1180 tuis
1573 1112 1764 1201 umquam
1791 1106 1877 1183 vilia

702 1233 890 1325 caparra,
917 1235 954 1303 et
979 1228 1082 1325 erige
1108 1228 1395 1325 speculationem
1422 1226 1621 1301 mentalem
1645 1226 1692 1301 ad
1724 1227 1875 1320 omium,

703 1347 804 1443 quud
828 1355 883 1423 ent
907 1354 1090 1423 aetoruum
1115 1356 1153 1423 et
1177 1349 1408 1439 immortale;
1430 1346 1512 1422 ideo
1537 1346 1742 1423 intellectus
1767 1346 1878 1422 debet

704 1488 876 1563 quaercre
901 1469 1030 1564 ipsum.
1045 1510 1095 1523 -
1111 1472 1229 1559 Quale.
1249 1469 1315 1543 llic
1334 1474 1442 1564 poeta
1458 1466 1614 1542 ostendit
1632 1486 1698 1562 per
1718 1466 1877 1542 nobilem

705 1590 1020 1685 comparationem
1046 1588 1233 1683 quomodo
1265 1588 1387 1663 statim
1418 1607 1458 1661 se
1489 1586 1664 1682 disposuit
1693 1586 1801 1661 aride
1831 1587 1879 1661 ad

706 1716 932 1807 praeceptum
959 1710 1106 1807 Virgilii.
1140 1709 1232 1784 Dicit
1258 1730 1368 1805 crgo:
1395 1711 1438 1781 lo
1466 1711 1522 1781 ml.
1540 1710 1609 1801 decl
1636 1709 1705 1781 tole
1729 1710 1831 1815 quola
1853 1709 1882 1780 il

702 1834 824 1926 falcon
849 1832 909 1903 cde
928 1832 1051 1923 primu
1077 1833 1115 1903 nl
1136 1823 1196 1923 pte*
1220 1852 1259 1903 se
1289 1831 1397 1921 mua,
1420 1830 1497 1902 iudi
1519 1830 1551 1901 u·
1576 1830 1675 1919 vulpe
1699 1830 1739 1901 nl
1760 1830 1879 1919 pride,

707 1950 855 2044 scilicet,
881 1948 1081 2043 lalcouerii,
1105 1972 1124 2023 e
1148 1952 1384 2044 siprotende,
1418 1948 1520 2041 idest,
1546 1947 1708 2023 extendit
1739 1968 1791 2040 se,
1811 1968 1880 2040 per

706 2074 741 2145 lo
766 2074 856 2145 disin
880 2072 938 2144 del
959 2079 1062 2163 pastu
1087 2073 1147 2143 cire
1171 2060 1209 2143 ul
1223 2074 1260 2145 il
1282 2073 1366 2162 tiro,
1384 2068 1531 2162 scilicet,
1552 2068 1600 2143 ad
1622 2067 1742 2163 ipsum
1769 2068 1881 2143 lalco-

707 2191 864 2266 nerium.
892 2191 935 2263 Et
960 2190 1018 2263 hic
1045 2196 1131 2264 nota
1163 2196 1345 2283 quantum
1375 2188 1601 2283 comparatio
1633 2196 1690 2262 est
1719 2187 1877 2283 propria.

708 2310 932 2385 sicutenim
960 2310 1054 2385 laico
1080 2310 1125 2385 de
1151 2310 1209 2383 sui
1235 2317 1367 2385 uatura
1394 2308 1494 2404 levis,
1515 2307 1703 2383 animosus
1729 2308 1827 2383 volat
1844 2306 1882 2381 ln

707 2431 825 2505 altum
852 2450 918 2524 per
945 2436 1043 2503 rotas
1069 2428 1205 2505 multas
1230 2450 1394 2526 magnas,
1421 2429 1470 2503 ita
1497 2436 1604 2525 poeta
1629 2437 1753 2504 noster
1779 2429 1883 2503 vola-

708 2550 771 2625 bat
795 2550 861 2624 alis
888 2550 1021 2647 ingenii
1047 2570 1113 2645 per
1138 2548 1274 2623 multos
1291 2556 1328 2625 et
1348 2570 1502 2646 magnos
1519 2548 1677 2625 circulos
1693 2549 1756 2623 alti
1775 2569 1883 2623 mou·

709 2671 765 2743 tis.
794 2672 837 2744 Et
862 2671 956 2744 sicut
981 2670 1073 2745 lalco
1098 2670 1200 2767 prius
1227 2670 1370 2766 respicit
1394 2670 1462 2744 sibi
1486 2670 1533 2744 ad
1558 2669 1679 2766 pedes,
1706 2670 1756 2745 ita
1784 2690 1883 2745 uunc

712 2791 866 2866 iaciebat
893 2791 969 2885 ipse
995 2797 1121 2885 poeta;
1139 2799 1177 2865 et
1193 2791 1288 2865 sicut
1304 2791 1398 2867 laico
1414 2792 1540 2866 levans
1565 2798 1676 2888 caput
1695 2812 1736 2865 se
1753 2797 1883 2866 erton

709 2912 761 2986 dit
786 2910 957 2987 aviditate
982 2930 1087 3005 escae,
1114 2931 1199 3005 quae
1225 2910 1335 2988 trahit
1363 2932 1463 3005 eum,
1491 2912 1539 2986 lta
1569 2924 1676 3008 poeta
1692 2905 1729 3004 (¹)
1755 2919 1881 2986 noster

710 3032 855 3127 erigens
880 3036 991 3126 caput
1015 3032 1179 3107 extendit
1203 3048 1244 3106 se
1264 3053 1328 3126 spe
1344 3034 1427 3107 coeli
1444 3032 1491 3108 ad
1508 3035 1709 3108 clamorem
1729 3032 1878 3129 Virgilii,

711 3151 787 3246 qui,
813 3151 906 3225 siout
932 3151 1060 3226 nobilis
1087 3151 1316 3248 falconarius,
1341 3153 1499 3228 ducebat
1532 3154 1692 3228 eumad
1718 3154 1883 3229 venatio-

711 3292 809 3347 nem.
836 3272 878 3344 Et
905 3272 1088 3346 concludit
1106 3274 1293 3367 quomodo
1312 3274 1485 3369 ascendit,
1503 3275 1643 3350 diceus:
1663 3278 1771 3367 Elui,
1790 3297 1883 3369 qua-

711 3391 755 3465 lis
780 3391 885 3487 laico,
910 3395 1072 3466 rt'nodui
1095 3401 1226 3485 quanto
1250 3396 1288 3466 ln
1311 3397 1445 3486 roccio,
1470 3395 1572 3488 idest,
1599 3394 1687 3490 ripa,
1714 3398 1882 3489 sisende,

711 3511 813 3605 idest,
833 3519 1021 3607 wquantum
1049 3514 1146 3587 scala
1172 3514 1283 3588 durat
1306 3535 1373 3610 per
1395 3521 1525 3609 totum,
1544 3537 1610 3609 per
1626 3518 1698 3588 dnr
1715 3519 1773 3589 uio
1789 3540 1814 3590 u
1829 3520 1884 3591 cli

711 3653 757 3705 uu
782 3620 864 3706 suso
888 3636 993 3725 influe
1018 3654 1081 3706 oue
1101 3637 1126 3708 'l
1150 3636 1309 3707 cercltinr
1335 3638 1367 3707 sl
1392 3637 1539 3726 prende,
1565 3634 1667 3729 idest,
1693 3636 1884 3731 usquead

709 3751 902 3826 introitum
929 3752 1045 3845 quinti
1071 3753 1211 3846 circuli,
1237 3754 1301 3828 ubi
1330 3755 1530 3829 ascendens
1559 3755 1682 3852 incipit
1713 3757 1881 3852 circuire,

711 3870 804 3946 sicut
830 3870 868 3945 lit
895 3871 930 3945 iu
956 3872 1128 3947 omnibus
1145 3874 1224 3970 aliis
1243 3862 1444 3970 girouibus,
1470 3876 1558 3970 quia
1583 3878 1679 3951 scala
1705 3884 1761 3951 est
1785 3898 1884 3953 sem-

710 4010 779 4086 per
804 3998 916 4085 recta,
938 3992 1002 4067 sou
1027 3992 1085 4068 ria
1107 4014 1192 4087 quae
1207 3995 1412 4090 appellatur
1428 3995 1554 4069 cornix
1573 4003 1629 4070 est
1648 4016 1794 4092 semper
1810 3998 1884 4072 cir·

712 4111 858 4187 cularis.

790 4235 941 4306 Com'io.
969 4236 1037 4307 lsta
1064 4241 1119 4308 est
1145 4233 1252 4309 tertia
1282 4256 1367 4329 pars
1396 4236 1589 4331 generalis,
1616 4236 1653 4309 in
1678 4259 1752 4331 qua
1777 4244 1884 4334 poeta

713 4350 886 4427 describit
911 4352 1136 4449 punitionem
1165 4362 1202 4429 et
1226 4353 1481 4451 purgationem
1515 4376 1714 4430 avarorum
1747 4357 1783 4431 iu
1808 4378 1885 4431 uno

713 4471 841 4567 spiritu
869 4472 1047 4548 moderno
1072 4473 1298 4549 avarissimo.
1330 4474 1375 4547 llt
1399 4481 1442 4548 ut
1470 4474 1576 4551 litera
1607 4476 1671 4550 liat
1699 4477 1800 4553 clara
1827 4484 1883 4579 eat

713 4592 927 4687 noandum,
954 4594 1053 4687 quod
1078 4601 1187 4690 poeta
1212 4595 1473 4689 perlectissime
1496 4602 1631 4693 purgat
1656 4596 1714 4672 laio
1738 4618 1883 4674 avaros.

711 4710 831 4807 Fingit
855 4713 952 4787 euim
980 4714 1079 4808 quod
1104 4735 1234 4789 omnes
1258 4720 1355 4789 stant
1371 4716 1557 4811 plorantes
1578 4717 1776 4811 resupinati
1796 4738 1882 4793 cum

715 4832 807 4907 lanio
831 4833 877 4907 ad
904 4840 1056 4930 terram,
1081 4842 1117 4911 et
1137 4843 1250 4949 ,tergo
1274 4842 1402 4911 contra
1428 4836 1576 4931 coelum,
1601 4858 1688 4911 cunr
1715 4838 1884 4913 manibus

779 5096 805 5158 (¹)
822 5094 852 5145 Ε.
869 5101 944 5158 poeta
960 5110 1029 5147 nunc
1044 5098 1154 5163 erigens.
