4542 6842
803 968 942 1024 munus
965 970 1143 1037 nonanus.
1494 959 1562 1027 133

387 1113 447 1208 ple
471 1119 528 1187 est
559 1111 675 1206 lacile,
707 1119 745 1187 et
773 1112 853 1187 sine
883 1111 1020 1208 labore,
1047 1117 1141 1188 altor
1170 1118 1273 1188 sarni
1298 1116 1337 1189 nl
1359 1119 1411 1208 fia
1440 1117 1475 1188 d'
1489 1123 1564 1189 eolo

386 1236 549 1325 emano,
575 1232 667 1308 idest
692 1232 730 1305 in
754 1233 967 1309 summitate
992 1234 1138 1330 montis,
1164 1234 1201 1309 in
1227 1236 1395 1331 paradiso
1412 1237 1564 1312 delicia-

388 1372 487 1447 rum,
500 1352 536 1426 in
555 1351 629 1426 fine
645 1352 834 1447 laborum3
849 1353 947 1429 uude
963 1354 1065 1429 dicit:
1083 1358 1178 1448 quim
1192 1359 1231 1429 di
1246 1360 1391 1450 riposar
1408 1360 1430 1430 l’
1438 1362 1560 1432 naimo

262 1478 266 1485 '
388 1473 445 1547 vel
476 1478 638 1566 offanae,
663 1481 811 1566 mpedn,
837 1474 924 1569 quia
949 1482 1036 1549 ante
1061 1497 1135 1550 non
1160 1476 1297 1572 poteris
1331 1478 1469 1553 habere
1494 1500 1561 1555 vo-

387 1614 470 1669 ram
495 1593 671 1697 quietem.
696 1594 789 1668 Nam
815 1615 901 1669 curn
928 1596 1138 1690 pervenerit
1153 1596 1201 1670 ad
1217 1596 1356 1671 dictum
1373 1592 1409 1691 (¹)
1435 1601 1558 1675 locum

387 1736 462 1790 non
486 1715 666 1790 laborabit
690 1716 849 1811 amplius
865 1715 903 1789 in
919 1716 1162 1811 ascendend0,
1179 1718 1273 1792 sicut
1294 1719 1444 1815 videbis,
1462 1720 1560 1814 quod

388 1835 618 1913 ascendendo
643 1856 709 1931 per
733 1856 864 1912 omnes
886 1854 1014 1931 speras
1038 1837 1122 1911 coeli
1148 1859 1339 1933 nunquam
1359 1846 1466 1934 poeta
1492 1839 1562 1918 lin·

388 1957 442 2053 git
466 1977 507 2033 se
531 1955 668 2033 sentire
693 1956 877 2051 laborem3
903 1963 941 2031 et
959 1942 1070 2031 dicit:
1086 1953 1151 2049 pial
1167 1980 1240 2031 aaa
1264 1963 1448 2053 nspmndo,
1472 1962 1561 2057 quia

389 2078 475 2152 satis
500 2085 603 2173 potes
627 2097 689 2153 mc
714 2076 929 2174 intelligere,
954 2099 974 2149 e
998 2086 1116 2168 quest)
1140 2099 1181 2151 so
1207 2100 1275 2172 per
1299 2100 1395 2172 vero,
1426 2079 1561 2156 scilicet

388 2218 435 2273 er
464 2203 566 2273 certa
594 2196 745 2273 scientia
778 2203 815 2270 et
844 2196 1069 2291 experientia
1096 2198 1202 2272 iaciat
1236 2204 1271 2273 te
1301 2206 1455 2274 certum.
1482 2199 1562 2301 Pri-

388 2339 488 2395 mum
522 2324 649 2393 aulem
685 2316 969 2392 amaritudinem
1003 2318 1249 2414 perhorrescit
1287 2328 1418 2416 gustus
1454 2320 1559 2417 pigri,

387 2440 482 2515 sicut
505 2439 628 2514 statim
654 2438 791 2534 patebit
818 2436 865 2513 de
895 2459 970 2513 uno
1002 2438 1213 2535 pigerrimo.
1235 2481 1284 2496 -
1304 2447 1337 2515 ll
1358 2463 1464 2516 come.
1496 2442 1560 2518 Hic

387 2566 496 2657 poeta
521 2558 648 2635 volens
672 2558 881 2634 describere
906 2566 1045 2635 sectam
1074 2561 1266 2655 pigrorum
1293 2564 1420 2658 pulcre
1446 2563 1559 2659 lingit,
1602 2632 1605 2641 .

387 2681 488 2777 quod
521 2678 671 2775 Virgilio
705 2678 790 2753 talia
822 2680 993 2774 dictante,
1022 2687 1060 2755 et
1084 2682 1330 2778 persuadente
1363 2678 1557 2759 ascensum

389 2801 534 2896 montis,
570 2820 643 2875 una
674 2820 746 2875 vor
781 2800 880 2875 venit
908 2799 955 2876 de
988 2807 1199 2877 transverso
1224 2802 1271 2877 ad
1296 2804 1559 2879 dissuasionem

389 2922 509 2997 huius.
538 2921 639 2996 Unde
663 2920 768 2995 dicit:
794 2941 813 2994 e
836 2923 1015 3011 com'epli,
1032 2920 1169 2996 scilicet
1195 2922 1375 3019 Virgilius,
1393 2925 1472 2997 ebbe
1495 2944 1562 2997 san

383 3045 519 3134 parole
543 3044 649 3133 deda,
668 3062 742 3114 arna
766 3062 850 3115 voce
873 3043 911 3115 di
932 3062 1056 3135 presso
1080 3035 1179 3114 send.
1201 3043 1266 3117 Hic
1291 3050 1346 3118 est
1370 3043 1558 3121 sciendum

388 3163 488 3258 qnod
513 3163 582 3237 ista
606 3162 674 3235 luit
699 3181 773 3237 von
797 3160 989 3237 cniusdam
1016 3162 1120 3258 pigri,
1147 3164 1210 3257 qui
1236 3171 1389 3239 vocatos
1415 3172 1470 3240 est
1500 3165 1561 3239 Bi-

389 3284 511 3377 laqua.
538 3284 609 3357 lste
633 3271 751 3372 luit(¹)
778 3281 825 3355 de
848 3281 1044 3375 Florentia,
1070 3282 1133 3375 qui
1161 3274 1316 3359 iaciebat
1340 3283 1498 3359 citharas
1524 3290 1562 3361 et

387 3388 460 3481 alia
484 3404 729 3477 instrumenta
755 3401 908 3496 musica,
934 3403 1033 3478 unde
1063 3423 1149 3477 cum
1183 3424 1317 3500 magna
1346 3424 1437 3479 cura
1463 3406 1561 3480 scul-

387 3525 498 3621 pebat
530 3529 569 3597 et
601 3522 782 3597 incidebat
816 3522 908 3598 colla
938 3530 976 3598 et
1007 3524 1124 3619 capita
1157 3524 1395 3618 cithararum,
1426 3532 1464 3600 et
1494 3527 1562 3600 ali-

388 3644 537 3740 quando
561 3642 673 3719 etiam
699 3642 876 3739 pulsabat.
903 3642 988 3718 ldeo
1005 3644 1140 3718 Dantes
1157 3643 1385 3719 familiariter
1407 3652 1563 3721 noverat

388 3786 490 3859 eum,
516 3764 603 3858 quia
627 3763 830 3839 delectatos
855 3770 911 3838 est
941 3764 979 3838 in
1008 3784 1118 3857 sono;
1147 3764 1245 3839 unde
1274 3764 1368 3839 sicut
1392 3767 1562 3861 superius

388 3886 427 3962 in
451 3884 613 3984 secundo
638 3884 798 3978 capitulo
822 3883 943 3978 posuit
967 3904 1086 3958 unum
1107 3884 1269 3959 amicum
1292 3892 1494 3978 cantorem,
1512 3886 1562 3960 ita

390 4026 489 4083 nunc
513 4004 613 4101 ponit
642 4004 757 4079 alium
783 4005 982 4080 sonitorem
997 3996 1056 4099 (ἧς
1087 4013 1124 4080 et
1157 4006 1243 4100 quia
1270 4015 1426 4083 noverat
1449 4006 1561 4080 istum

391 4134 468 4202 tam
503 4124 649 4221 pigrum
684 4125 731 4200 ad
760 4124 896 4219 omnia,
924 4146 998 4200 non
1029 4131 1153 4201 tamen
1187 4122 1355 4221 pravum,
1382 4126 1446 4201 sed
1476 4126 1562 4201 satis

391 4267 542 4343 purum,
568 4245 650 4319 ideo
675 4265 761 4319 cum
788 4244 886 4319 bona
910 4245 1130 4321 conscientia
1148 4245 1250 4342 lingit
1267 4245 1385 4340 ipsum
1405 4248 1561 4322 salvum.

391 4366 483 4442 Dicit
508 4386 599 4461 ergo
626 4386 698 4439 vox
724 4365 827 4439 eius:
859 4368 958 4459 forse
981 4368 1042 4438 cde
1074 4368 1113 4439 di
1140 4369 1240 4439 seder
1272 4370 1310 4439 ia
1339 4370 1423 4459 prin
1458 4370 1565 4441 amai

391 4490 563 4576 maredo,
589 4484 693 4578 quasi
718 4484 832 4559 dicat:
855 4492 1056 4579 antequam
1082 4486 1274 4581 pervenias
1298 4487 1346 4561 ad
1370 4488 1564 4563 summita-

392 4613 467 4681 tem
492 4625 647 4681 suavem
672 4604 823 4680 habebis
849 4604 1211 4700 necessariossponere
1228 4612 1265 4681 te
1282 4607 1328 4681 ad
1349 4608 1562 4703 sedendum,

392 4726 485 4802 sieut
505 4726 582 4821 jam
610 4732 647 4799 te
672 4723 823 4820 posuisti
848 4725 975 4818 semel,
1001 4725 1106 4819 quasi
1130 4724 1226 4801 dicat
1250 4726 1411 4803 irrisive:
1431 4734 1471 4801 tu
1489 4748 1563 4802 non

390 4869 432 4923 es
455 4847 576 4921 adhue
601 4846 661 4919 ibi.
687 4845 732 4920 Et
756 4845 913 4921 ostendit
938 4851 1045 4940 poeta
1066 4846 1253 4939 quomodo
1270 4847 1459 4923 devenerit
1471 4835 1508 4939 (⁴)
1526 4847 1563 4921 in

454 5034 482 5097 (¹)
497 5034 528 5085 n.
544 5033 706 5096 praetorum.
1012 5032 1041 5097 Γ)
1056 5033 1082 5085 e
1097 5040 1164 5086 erat.

455 5110 483 5175 (⁸)
499 5110 530 5163 B.
546 5114 704 5162 mlum.
1013 5111 1041 5173 (l)
1057 5116 1111 5172 117,
1127 5113 1296 5163 dorenmnnl.
