4542 6842
710 979 756 1046 72
1069 989 1274 1046 concitauit
1298 988 1521 1044 Puuonuonn

707 1134 941 1228 tempestatis,
968 1133 1055 1228 quia
1081 1134 1161 1208 talis
1187 1153 1284 1228 saepe
1310 1132 1515 1228 mergitur:
1536 1131 1574 1205 in
1598 1151 1644 1206 co
1669 1131 1734 1226 qui
1758 1152 1881 1229 aegro-

707 1261 799 1348 tans,
825 1253 975 1328 medicis
999 1253 1233 1347 contradicit,
1259 1254 1371 1327 etita
1397 1273 1540 1348 possem
1567 1253 1690 1328 dicere
1705 1253 1753 1326 de
1770 1253 1879 1328 mille.

706 1375 790 1449 ideo
815 1373 1020 1450 benedicit
1045 1374 1197 1468 Casella,
1222 1374 1322 1468 quod
1353 1375 1453 1448 nulla
1483 1375 1578 1448 iacta
1608 1380 1663 1448 est
1691 1374 1759 1448 sihi
1785 1374 1881 1448 iniu-

708 1494 804 1569 stitia
830 1493 859 1567 si
885 1515 959 1568 non
985 1493 1052 1566 luit
1073 1494 1215 1590 jamdiu
1250 1495 1393 1568 levatus
1408 1486 1443 1585 (¹)
1470 1493 1519 1566 ab
1549 1495 1690 1590 Augelo
1723 1492 1880 1569 Domini.

708 1617 753 1689 Et
777 1615 951 1689 continuo
976 1613 1114 1688 Casella
1147 1615 1308 1711 assignat
1340 1635 1491 1688 causam
1525 1615 1583 1688 sui
1613 1614 1709 1709 dicti,
1734 1614 1879 1690 dicens:

708 1739 769 1809 cde
793 1738 830 1808 dt
852 1737 965 1825 ptusto
991 1737 1088 1807 volcr
1118 1737 1154 1807 lo
1181 1756 1245 1808 ruo
1273 1737 1428 1828 sifacc5
1459 1742 1633 1809 construe
1657 1734 1728 1808 sic:
1762 1739 1823 1809 cite
1846 1738 1881 1808 lo

708 1878 786 1947 stro,
819 1855 957 1950 supple,
992 1855 1096 1950 velle,
1130 1859 1162 1929 si
1190 1860 1271 1950 soce
1302 1859 1340 1928 di
1371 1858 1484 1946 musto
1516 1859 1626 1948 valer,
1660 1856 1761 1951 idest,
1794 1857 1881 1951 quia

709 1978 877 2051 voluntas
902 1977 1029 2072 Angeli
1054 1977 1094 2050 tit
1119 1997 1166 2050 cx
1194 1978 1383 2051 voluntate
1407 1976 1540 2068 divina,
1558 1997 1643 2070 quae
1659 1983 1715 2050 ert
1735 1997 1881 2072 semper

704 2097 817 2192 justa,
847 2097 951 2190 quasi
984 2097 1102 2171 dicat:
1136 2099 1297 2193 Angelus
1322 2097 1458 2171 nemini
1484 2103 1602 2192 potest
1631 2097 1754 2172 lacere
1783 2098 1879 2172 iniu-

709 2218 801 2290 riam
828 2238 914 2291 cum
940 2218 985 2290 sit
1017 2217 1180 2291 minister
1213 2217 1345 2291 divium
1377 2216 1573 2291 voluntatis
1598 2219 1720 2313 justae.
1752 2219 1797 2290 Et
1822 2217 1881 2292 hic

709 2347 793 2412 uota
819 2339 925 2431 bene,
951 2339 1079 2431 lector,
1104 2339 1205 2432 quod
1230 2338 1325 2413 sicut
1348 2339 1434 2412 dicit
1453 2338 1632 2413 Calcidius
1652 2344 1881 2413 comentator

706 2479 818 2556 super
844 2461 1048 2533 Tlrimaeum
1078 2459 1249 2553 Platonis,
1276 2467 1319 2532 ut
1348 2460 1447 2532 Deus
1475 2460 1583 2554 juxta
1608 2460 1803 2554 Angelum,
1829 2459 1881 2532 sic

707 2581 869 2677 Angelus
889 2581 997 2674 jnrta
1023 2579 1222 2654 hominem.
1243 2578 1372 2674 Angeli
1390 2579 1487 2653 enim
1506 2585 1592 2652 sunt
1618 2579 1720 2653 uobis
1746 2579 1830 2653 usui
1842 2569 1879 2670 (²)

708 2701 919 2774 nuntiantes
945 2700 1021 2774 Deo
1047 2706 1191 2773 nostras
1216 2719 1343 2794 preces
1369 2705 1406 2773 et
1431 2698 1639 2772 homiuibus
1662 2699 1728 2774 llei
1748 2700 1880 2773 volun-

709 2830 822 2898 tatem
844 2822 1064 2916 intimantes,
1083 2827 1120 2896 et
1136 2821 1184 2894 illi
1204 2830 1366 2894 nostram
1383 2811 1420 2912 (³)
1445 2820 1694 2916 indigentiam,
1714 2826 1817 2893 certe
1832 2818 1880 2892 ad

708 2963 775 3018 nos
801 2944 963 3017 divinum
990 2943 1171 3016 auritium
1188 2942 1411 3036 deserentes,
1431 2960 1544 3034 quam
1570 2941 1619 3014 ob
1644 2961 1796 3015 causam
1815 2961 1881 3014 vo·

708 3065 781 3138 cati
806 3070 893 3136 suut
916 3063 1042 3158 Angoli
1069 3062 1116 3136 ob
1141 3061 1328 3134 assiduum
1356 3061 1519 3135 officium
1537 3061 1737 3134 nuntiandi.
1761 3061 1880 3135 Huius

707 3183 874 3258 beneficii
901 3185 1000 3257 testis
1026 3190 1080 3257 est
1106 3184 1277 3256 universa
1303 3182 1443 3257 Graecia
1473 3190 1511 3255 ct
1543 3188 1617 3256 tota
1646 3183 1765 3276 ltalia,
1793 3205 1880 3258 nam

708 3313 842 3378 natura
867 3304 1012 3398 generis
1030 3303 1182 3376 humaui
1201 3304 1309 3376 nimis
1325 3302 1469 3376 intirma
1488 3303 1625 3398 indiget
1641 3303 1780 3378 auxilio
1800 3323 1881 3379 me-

707 3423 807 3497 lioris
841 3430 878 3497 et
915 3423 1141 3518 perfectioris
1180 3430 1342 3496 naturae:
1381 3444 1493 3516 quam
1531 3422 1587 3496 ob·
1620 3443 1699 3496 rem
1736 3429 1882 3498 creator

707 3543 874 3618 omnium
901 3550 938 3617 et
963 3550 1202 3618 conservator
1227 3544 1325 3618 lleus
1346 3545 1474 3618 voleus
1490 3564 1610 3639 genus
1626 3545 1835 3618 humanum
1844 3533 1881 3636 (⁴)

706 3685 799 3759 asse,
817 3664 979 3759 prmlecit
1004 3664 1056 3737 eis
1082 3665 1251 3760 Angelos,
1269 3685 1335 3758 per
1353 3685 1447 3758 quos
1468 3671 1568 3738 recte
1585 3671 1825 3761 regerentur:
1844 3671 1882 3739 et

707 3787 764 3858 isti
791 3785 938 3879 quidem
966 3784 1120 3857 ministri
1146 3785 1211 3859 Dei
1237 3792 1462 3878 protectores
1492 3785 1606 3859 nostri
1636 3793 1722 3858 sunt
1751 3791 1880 3860 contra

708 3905 903 3979 adversam
922 3909 1152 3998 potestatem,
1164 3903 1212 3978 de
1228 3905 1362 3998 quibus
1378 3906 1429 3978 ait
1445 3904 1557 3997 Plato,
1571 3905 1670 3999 quod
1683 3914 1771 3979 suut
1787 3927 1881 4000 qua-

708 4025 793 4098 dam
812 4024 1016 4097 admirabili
1034 4024 1240 4118 prudentia,
1259 4025 1440 4099 memoria
1457 4016 1562 4116 veli⁵i
1581 4025 1775 4118 docilitate,
1792 4026 1879 4120 quia

708 4145 832 4218 omnia
859 4145 984 4238 sciant,
1010 4152 1048 4219 et
1077 4145 1315 4241 cogitationes
1340 4147 1530 4218 hominum
1559 4146 1817 4243 introspiciant,
1843 4158 1881 4224 et

709 4266 812 4340 bouis
838 4267 986 4360 quidem
1013 4265 1150 4341 eximie
1174 4266 1413 4359 delectentur,
1433 4267 1620 4361 improbos
1636 4267 1790 4363 oderint,
1812 4287 1879 4342 uec

709 4387 877 4481 risibiles,
903 4407 971 4460 noc
996 4386 1194 4460 sensibiles.
1221 4387 1265 4459 111
1288 4387 1444 4460 ostendit
1462 4387 1602 4461 Casella
1623 4388 1770 4480 quaudo
1791 4379 1877 4481 sel⁶l

709 4507 962 4601 nobilitaverit,
976 4515 1128 4602 tangens
1143 4515 1288 4602 tempus
1301 4509 1482 4604 generalis
1496 4507 1730 4604 indulgentia
1739 4509 1878 4584 dicens:

630 4615 632 4622 ’
709 4635 905 4700 veramente
929 4631 998 4717 elli,
1024 4627 1161 4702 scilicet
1185 4627 1347 4724 Angelus
1371 4630 1564 4725 gratiosus,
1590 4631 1638 4702 lu
1662 4633 1757 4721 totto,
1776 4631 1877 4724 idest,

769 4885 797 4948 (¹)
812 4887 839 4936 S.
855 4887 979 4936 clavatus.
1139 4887 1167 4950 (¹)
1184 4890 1214 4939 Ε.
1233 4890 1307 4938 risui.
1462 4892 1489 4952 ι’)
1505 4892 1531 4942 S.
1548 4893 1579 4942 ud
1596 4898 1721 4942 nostram.

770 4963 797 5022 (⁸)
816 4963 844 5012 li.
861 4963 1004 5012 humanum
1021 4965 1120 5015 salvum
1138 4980 1201 5015 esse.
1212 4993 1242 5003 -
1252 4967 1277 5016 S.
1295 4967 1438 5017 humanum
1455 4981 1510 5018 esse
1527 4969 1682 5032 perlectum,
1693 4969 1809 5032 prefecit
1819 4971 1863 5019 cis.

772 5037 798 5098 ζ’)
815 5039 845 5087 Ε.
860 5045 887 5088 ct
903 5039 1042 5094 docilitate.
1061 5044 1120 5106 quir
1136 5057 1227 5093 omnes
1243 5045 1326 5093 sciant
1341 5050 1368 5094 nt
1384 5047 1557 5108 cognitionem
1575 5045 1718 5095 hominnm.

772 5114 799 5176 ι’)
816 5115 846 5163 li.
863 5129 889 5164 se
906 5115 1073 5178 applicaverit
1088 5124 1115 5169 et
1131 5118 1312 5171 habiliorem.
