4542 6842
805 984 947 1043 usurus
972 986 1117 1042 seruus.
1475 970 1544 1038 173

368 1138 499 1228 poeta:
527 1154 546 1205 c
579 1136 652 1206 omi
677 1134 969 1208 saumaticos
993 1134 1057 1207 dut
1080 1152 1190 1224 corpo
1208 1151 1287 1222 cuo,
1304 1128 1450 1225 scilicet,
1470 1129 1549 1205 vio-

370 1253 492 1326 lenter
517 1258 736 1349 separatam,
760 1274 827 1346 pcr
859 1254 948 1326 actio
972 1274 991 1326 e
1016 1273 1087 1345 per
1115 1253 1292 1344 ἐπωρθία,
1317 1248 1422 1341 idest,
1455 1249 1549 1324 invi·

370 1371 441 1467 dia,
467 1393 540 1445 nou
563 1394 629 1464 per
652 1375 755 1465 culpa
779 1376 961 1465 cummim,
985 1372 1087 1466 idest,
1114 1392 1189 1445 non
1215 1371 1302 1464 quia
1326 1370 1373 1444 de
1398 1369 1452 1443 rei
1483 1388 1548 1444 ve·

372 1490 481 1567 ritate
506 1498 602 1567 esset
627 1491 663 1564 in
689 1492 807 1587 culpa,
834 1494 939 1567 cuius
972 1500 1168 1568 accusatus
1203 1492 1335 1566 luerat.
1369 1488 1413 1563 Et
1437 1490 1546 1567 dicit:

369 1618 467 1685 come
491 1612 604 1702 dicem
629 1610 731 1705 idest,
756 1613 851 1686 sicut
880 1612 958 1709 ipse
991 1612 1176 1687 referebat
1201 1610 1314 1704 mibi3
1341 1617 1464 1684 tamen
1489 1609 1547 1683 iu-

370 1730 481 1806 lamia
506 1730 697 1805 laborabat
723 1735 850 1805 contra
877 1752 965 1807 eum
991 1731 1028 1805 in
1054 1732 1177 1827 vulgo
1209 1729 1280 1804 Sed
1310 1730 1456 1821 DanteS,
1482 1728 1546 1823 qui

369 1851 439 1926 luit
472 1850 643 1945 Parisius,
678 1858 759 1945 post
790 1851 942 1925 exilium
974 1872 1098 1947 suum,
1130 1851 1321 1946 explorata
1335 1846 1546 1947 Tdiligenter

370 1971 525 2047 veritate
559 1970 669 2044 huius
703 1969 769 2064 rei,
804 1970 956 2067 dignum
990 1970 1106 2066 duxit,
1141 1970 1262 2066 ipsum
1298 1989 1437 2065 ponere
1475 1967 1547 2042 sal-

216 2102 220 2108 ·
370 2111 460 2165 rum
486 2090 526 2164 in·
549 2089 775 2186 purgatorio,
801 2096 838 2164 et
864 2089 1019 2165 reddere
1039 2090 1106 2164 sibi
1126 2091 1262 2164 bonam
1284 2089 1434 2188 tamam,
1451 2088 1547 2162 sicut

369 2209 508 2285 fecerat
532 2210 641 2285 Petro
666 2208 712 2283 de
737 2208 857 2284 vineis
883 2208 921 2281 in
952 2209 1105 2285 interno.
1138 2210 1182 2283 Et
1211 2209 1299 2304 quia
1331 2214 1440 2303 poeta
1465 2214 1546 2283 erat

369 2331 514 2404 locutus
532 2328 638 2402 nimis
652 2330 788 2423 clause,
805 2329 967 2405 declarat
984 2350 1035 2425 se,
1053 2330 1196 2423 dicens;
1213 2332 1296 2403 Pier
1315 2333 1414 2404 dalla
1430 2335 1545 2403 Broc-

369 2452 438 2540 ca'u,
469 2452 557 2523 dicu
589 2448 632 2521 Et
661 2448 748 2543 quia
779 2449 855 2545 ipse
886 2470 983 2523 nunc
1016 2442 1188 2525 describit
1217 2450 1476 2547 purgatorium
1508 2456 1547 2524 et

370 2569 486 2646 tendit
511 2569 558 2644 ad
583 2570 857 2665 poenitentiam3
883 2570 964 2645 ideo
995 2570 1122 2644 invitat
1153 2571 1269 2665 ipsam
1301 2571 1467 2667 reginam
1499 2569 1546 2643 ad

370 2688 621 2785 penitentiam
647 2688 757 2763 huius
775 2688 921 2785 peccati
945 2689 982 2762 in
1008 2688 1092 2783 vita,
1110 2688 1257 2764 dicens:
1282 2693 1355 2763 ela
1370 2692 1492 2763 ἀοηηα
1508 2692 1547 2762 di

370 2810 561 2901 brabante,
595 2808 698 2903 idest,
729 2810 856 2905 regina
888 2808 1063 2904 Franciae,
1097 2830 1182 2903 quae
1212 2817 1294 2885 erat
1327 2809 1399 2885 lilia
1435 2809 1540 2883 ducis

372 2928 591 3021 Brabantiae,
616 2934 813 3023 provcppia
838 2934 909 3024 qui,
936 2930 1081 3024 scilicet,
1107 2930 1359 3027 poenitentiam
1390 2937 1476 3027 agat
1505 2930 1543 3003 iu

371 3050 512 3125 mundo
536 3050 583 3125 de
609 3058 728 3125 morte
757 3052 969 3146 innocentis,
995 3072 1107 3146 quem
1139 3052 1229 3127 salso
1257 3051 1445 3126 accusavit
1478 3070 1545 3146 per

375 3168 560 3264 invidiam,
586 3177 717 3244 mente
741 3168 778 3245 e'e
803 3174 841 3245 di
864 3184 949 3265 quc,
979 3172 1125 3265 scilicet,
1152 3172 1190 3244 in
1219 3173 1288 3246 bac
1315 3171 1401 3266 vita,
1427 3164 1458 3244 ci
1488 3173 1548 3243 cte

370 3282 472 3383 perd,
490 3289 592 3384 idest,
610 3298 759 3387 propter
778 3292 873 3367 istud
895 3313 1050 3368 enorme
1073 3300 1267 3387 peccatum
1292 3292 1545 3386 commissum,

369 3430 444 3483 uon
466 3412 522 3487 siu
546 3413 584 3483 di
603 3414 755 3514 peppior
785 3414 950 3504 propyla,
982 3432 1095 3507 quam
1128 3412 1196 3487 iste
1228 3413 1370 3507 Petrus,
1397 3412 1460 3505 qui
1490 3419 1546 3486 est

369 3527 465 3605 inter
491 3536 642 3625 agentes
668 3530 918 3626 poenitentiam
945 3532 982 3604 in
1008 3533 1077 3606 boc
1102 3533 1208 3626 loco;
1235 3531 1340 3627 quasi
1364 3530 1478 3605 dicat:
1502 3552 1549 3606 ne

370 3648 416 3723 sit
440 3648 487 3725 de
511 3670 627 3747 grege
651 3651 912 3727 damnatorum
939 3652 976 3725 in
1002 3634 1157 3727 inferno.

447 3774 550 3845 Come
565 3772 673 3846 libero
687 3776 750 3866 sut.
777 3773 849 3847 Ista
874 3780 929 3848 est
953 3774 1113 3848 secunda
1140 3794 1225 3869 pars
1239 3768 1277 3867 (¹)
1296 3773 1490 3870 generalis,
1509 3773 1545 3847 iu

371 3910 445 3985 qua
470 3897 578 3985 poeta
610 3890 755 3966 discutit
770 3882 807 3984 (¹)
834 3912 948 3966 unam
975 3893 1216 3986 quaestionem
1242 3913 1327 3987 quae
1351 3894 1472 3967 oritur
1497 3890 1544 3968 ex

370 4010 491 4105 dictis3
517 4018 555 4087 et
580 4011 749 4087 describit
767 4033 885 4087 unum
903 4012 1069 4107 spiritum
1093 4013 1332 4110 singularem,
1354 4014 1543 4088 concivem

370 4132 507 4230 Virgilii
524 4122 573 4225 (³).
598 4134 642 4207 Et
674 4132 851 4208 dubitatio
882 4134 1044 4209 breviter
1077 4134 1214 4208 statio
1248 4136 1342 4209 boc:
1373 4133 1546 4231 Virgilius

370 4251 416 4327 lll
440 4252 595 4328 Eneidos
620 4252 755 4346 scribit,
775 4252 872 4347 quod
890 4252 1007 4329 Eneas
1024 4274 1110 4328 cum
1134 4253 1198 4329 ivit
1216 4252 1264 4328 ad
1281 4253 1467 4329 internum
1489 4253 1546 4325 iu-

371 4372 471 4449 venit
500 4372 596 4447 inter
626 4372 715 4447 alias
749 4374 884 4446 multas
915 4372 1056 4448 animas
1084 4373 1247 4448 animam
1281 4373 1455 4467 Palinuri,
1482 4371 1546 4467 qui

370 4494 598 4593 gubernator
624 4492 725 4567 uaris
751 4492 862 4588 ipsius
887 4492 996 4569 Eneae
1023 4501 1192 4589 tempore
1224 4492 1340 4569 noctis
1371 4494 1547 4589 deceptus

371 4636 549 4691 asomno
575 4613 703 4689 cecidit
728 4613 768 4687 in
792 4634 908 4707 mare,
935 4620 973 4688 et
1002 4614 1161 4689 natando
1191 4613 1358 4709 pervenit
1385 4613 1432 4687 ad
1462 4613 1548 4687 litus

372 4736 509 4829 ltaliae3
536 4740 573 4809 et
597 4734 687 4807 dum
713 4734 823 4810 vellet
848 4734 951 4811 exire
971 4734 1008 4809 in
1034 4742 1186 4829 terram,
1207 4734 1357 4831 quidam
1383 4741 1548 4829 pastores

371 4860 540 4953 putantes
563 4853 683 4950 ipsum
710 4874 790 4928 esse
807 4853 962 4948 piratam
980 4854 1158 4950 lapidibus
1170 4856 1428 4930 demerserunt
1444 4874 1544 4929 eum.

432 5044 461 5107 (¹)
477 5043 508 5095 E.
524 5056 539 5093 c
557 5048 611 5105 11⁷,
629 5056 688 5107 pars
704 5044 818 5108 capituli,
836 5044 863 5095 ln
878 5058 938 5109 qur.
1094 5044 1121 5106 ρ)
1137 5045 1164 5095 s.
1180 5045 1310 5096 discurrit,

434 5118 461 5184 (⁸)
477 5119 509 5169 E.
525 5118 638 5183 Virgllii,
655 5120 701 5184 qul
716 5120 753 5171 Vl
768 5120 881 5171 Eneidos
895 5119 993 5171 scribit.
