4542 6842
706 937 776 1003 uu
1063 946 1267 1001 couuuruu
1292 948 1514 1003 ruauurouu

704 1094 754 1168 cit
777 1113 868 1190 ergo
894 1092 1180 1189 interrogative:
1207 1095 1268 1166 ote
1287 1101 1392 1187 poteo
1416 1098 1452 1167 to
1475 1095 1600 1167 rtdir?
1625 1090 1730 1185 quasi
1756 1088 1875 1163 dicat:

703 1214 791 1310 quid
817 1221 985 1309 poteram
1006 1213 1054 1288 de
1064 1214 1153 1307 iure
1173 1213 1272 1288 eliud
1290 1214 1523 1309 respondere,
1541 1235 1578 1286 se
1596 1234 1681 1303 uon,
1697 1214 1734 1285 to
1751 1230 1875 1302 oeque,

703 1334 839 1409 scilicet
854 1340 937 1429 post
953 1338 1014 1408 te?
1030 1354 1121 1429 ergo
1138 1336 1271 1424 ducto,
1289 1337 1456 1427 alquanto
1478 1354 1664 1425 consperso
1685 1334 1743 1405 del
1763 1332 1876 1419 color,

703 1454 806 1548 idest,
831 1474 1022 1549 respersus
1049 1454 1187 1527 rubore
1212 1453 1455 1548 verecundiae,
1473 1457 1532 1526 cte
1548 1457 1590 1547 so
1611 1456 1720 1526 duom
1741 1454 1779 1525 dt
1792 1472 1877 1543 per·

703 1577 776 1648 dou
800 1578 852 1648 tol
875 1579 969 1649 voco
993 1578 1117 1667 deoru
1144 1574 1188 1648 Et
1203 1570 1298 1648 'nota
1324 1574 1424 1668 quod
1454 1573 1490 1647 in
1520 1574 1590 1647 boc
1620 1578 1727 1667 poeta
1753 1578 1878 1645 osteu-

703 1696 756 1769 dit
781 1715 820 1770 se
846 1718 945 1770 nuuc
970 1716 1060 1771 vere
1084 1696 1139 1770 ire
1165 1714 1232 1789 per
1257 1695 1528 1791 purgatorium,
1546 1693 1631 1787 quia
1654 1698 1728 1766 tam
1746 1691 1817 1765 cito
1839 1699 1876 1765 et

704 1820 782 1889 tam
814 1815 967 1890 faciliter
1001 1814 1177 1911 poeuitet3
1205 1836 1290 1888 uam
1320 1814 1439 1909 pudor
1471 1820 1508 1888 et
1540 1813 1645 1887 dolor
1676 1818 1762 1885 sunt
1791 1810 1875 1884 duae

705 1934 901 2029 praecipuae
921 1935 1040 2028 scalae,
1058 1934 1192 2028 quibus
1210 1934 1322 2008 borno
1340 1932 1501 2009 ascendit
1518 1931 1785 2029 purgatorium.
1805 1930 1875 2005 Sed

705 2062 818 2149 certe,
844 2056 970 2149 lector,
992 2056 1050 2129 bic
1067 2062 1191 2129 tacere
1208 2075 1281 2127 non
1298 2074 1460 2149 possum,
1479 2054 1565 2147 quia
1582 2052 1728 2128 invenio
1748 2070 1876 2125 omnes

705 2184 867 2268 autoreS,
885 2182 974 2270 puta
991 2175 1233 2270 philosophos,
1252 2180 1390 2269 poetas,
1408 2180 1586 2268 oratores,
1599 2173 1789 2248 historicos
1812 2192 1878 2245 eo·

704 2298 788 2371 dem
815 2316 945 2370 errore
970 2296 1152 2389 laborare,
1178 2296 1265 2388 quia
1296 2315 1424 2369 omues
1455 2295 1625 2388 clamant,
1653 2295 1797 2386 latrant,
1823 2291 1879 2364 di-

705 2422 853 2511 sputant
878 2422 1006 2490 contra
1028 2416 1172 2511 vulgus.
1191 2416 1293 2489 Unus
1313 2414 1398 2489 dicit
1416 2416 1550 2511 vulgus
1567 2414 1765 2506 indoctum,
1783 2412 1877 2485 aiter

705 2538 839 2631 vulgus
865 2535 1046 2629 insanum,
1072 2536 1166 2609 aiius
1191 2536 1326 2631 volgus
1351 2555 1502 2627 vanum,
1519 2533 1613 2608 alius
1633 2534 1768 2628 vulgus
1799 2552 1879 2605 mo-

707 2656 791 2749 bile,
817 2661 854 2729 et
879 2656 929 2729 ita
954 2656 1001 2729 de
1025 2654 1141 2747 mide3
1169 2662 1206 2729 et
1230 2674 1359 2729 omnes
1390 2653 1567 2729 damnant
1594 2652 1732 2748 judicia
1763 2650 1876 2748 vulgi,

710 2776 909 2871 opiniones,
927 2774 1133 2868 sententias,
1153 2794 1289 2869 mores,
1306 2774 1431 2868 vitam,
1452 2774 1547 2849 dicta
1572 2782 1610 2847 et
1635 2773 1726 2847 iacta
1755 2771 1872 2867 vulgi3

708 2903 746 2972 et
771 2903 896 2970 tamen
922 2894 960 2967 in
986 2896 1081 2968 mula
1102 2896 1194 2969 hora
1215 2916 1344 2970 omues
1361 2902 1534 2989 quaerunt
1553 2902 1635 2969 arte
1660 2901 1697 2970 et
1719 2892 1876 2989 iugenio,

709 3016 836 3091 labore
861 3023 899 3089 et
923 3015 1043 3090 studio
1069 3016 1234 3091 favorem
1260 3016 1373 3111 vulgi,
1391 3015 1530 3109 laudes,
1544 3016 1693 3108 famam,
1706 3017 1878 3107 honores,

709 3137 804 3211 sicut
817 3136 922 3211 iaciie
937 3141 1047 3230 putet.
1057 3137 1111 3209 Ad
1122 3137 1349 3231 propositum
1365 3156 1455 3233 ergo
1469 3142 1576 3230 poeta
1590 3142 1714 3210 noster
1726 3132 1876 3208 erubuit

708 3258 868 3333 sentiens
894 3277 934 3330 se
959 3256 1059 3351 juste
1091 3256 1273 3351 increpari
1299 3258 1345 3331 de
1377 3276 1423 3331 eo
1449 3257 1547 3350 quod
1574 3276 1668 3331 vane
1692 3254 1877 3351 gaudebat

709 3398 809 3453 nunc
835 3378 937 3452 vanis
964 3377 1117 3451 vocibus
1142 3376 1295 3451 istorum
1322 3378 1564 3473 plebeiorum.

783 3504 816 3571 Ε
830 3502 974 3571 intanto.
994 3497 1065 3570 Ista
1082 3503 1137 3570 est
1155 3497 1315 3571 secunda
1329 3518 1413 3592 pars
1426 3496 1609 3593 generalis
1626 3497 1663 3570 iu
1682 3518 1756 3590 qua
1775 3500 1881 3591 poeta

709 3616 879 3693 describit
906 3638 1040 3692 novum
1066 3624 1204 3691 sectam
1223 3617 1446 3711 animarum,
1464 3638 1549 3713 quae
1566 3616 1778 3711 supervenit
1796 3636 1884 3688 can-

710 3745 791 3812 tans
816 3738 959 3813 devote.
986 3738 1077 3811 Dicit
1102 3758 1217 3834 ergo:
1236 3743 1269 3811 Ε
1286 3742 1435 3828 tutouto,
1453 3738 1556 3833 idest,
1578 3736 1724 3812 interim
1746 3756 1807 3811 me
1831 3736 1882 3810 sic

711 3859 907 3934 confitente
939 3879 1107 3932 errorem
1142 3880 1282 3953 meum,
1312 3867 1424 3949 quote,
1456 3858 1559 3952 idest,
1595 3879 1731 3933 novum
1765 3878 1883 3954 genus

712 3980 902 4055 bominum
928 3979 1115 4054 diversum
1146 3981 1194 4053 ab
1209 3972 1245 4071 (¹)
1278 3979 1333 4053 his
1366 3999 1459 4073 quos
1484 3978 1768 4072 dimittebamus,
1795 3978 1881 4071 quia

711 4102 760 4176 iiii
786 4102 942 4194 stabant,
959 4100 1016 4174 isti
1041 4101 1297 4195 ambulabant3
1325 4100 1373 4174 illi
1399 4101 1546 4175 suerunt
1570 4100 1677 4174 valde
1703 4098 1820 4195 irigidi
1846 4105 1882 4173 et

712 4221 837 4316 timidi,
863 4220 921 4295 isti
951 4222 1110 4295 muitum
1136 4220 1240 4295 calidi
1267 4230 1304 4296 et
1328 4220 1498 4315 audaces,
1525 4223 1652 4294 venun
1679 4222 1826 4293 tuouuui
1858 4240 1882 4291 u

711 4346 773 4416 nui
795 4364 844 4414 uu
865 4363 955 4434 poco
973 4362 1043 4434 per
1068 4344 1104 4414 lu
1128 4348 1225 4414 costo
1250 4342 1288 4413 dt
1311 4346 1486 4432 bavuco,
1511 4360 1585 4414 non
1611 4360 1678 4435 per
1702 4339 1799 4414 viam
1822 4358 1882 4413 re-

712 4467 821 4558 ctam,
846 4462 933 4557 quia
959 4482 1032 4537 nou
1057 4468 1227 4557 poteraut
1255 4461 1455 4537 ascendere
1485 4482 1634 4535 sursum
1665 4460 1712 4535 ad
1744 4480 1882 4557 purga-

712 4584 1289 4676 torium‚coutuudo.·d1iscreru.
1316 4582 1382 4657 Hic
1414 4590 1498 4657 uota
1531 4582 1630 4677 quod
1660 4582 1774 4656 David
1799 4581 1883 4657 iecit

713 4706 813 4779 bunc
828 4705 1024 4799 psalmum,
1041 4723 1128 4778 cum
1155 4703 1262 4776 nimis
1282 4703 1445 4799 graviter
1465 4702 1672 4777 offendisset
1688 4703 1818 4796 Deum,
1837 4702 1884 4776 de

714 4846 790 4919 quo
802 4826 943 4920 psalmo
956 4826 1099 4900 dicetur
1112 4824 1229 4921 magis
1242 4824 1388 4919 proprie
1400 4822 1560 4899 Paradisi
1572 4824 1731 4918 capitulo
1741 4824 1882 4898 XXXII.

777 5076 805 5140 (¹)
820 5076 847 5126 S.
863 5090 878 5126 e
895 5076 925 5127 E.
941 5078 974 5126 ab
989 5077 1054 5139 aliis,
1071 5077 1141 5141 quod
1158 5076 1356 5127 dimittebumut.
