4542 6842
825 978 967 1033 -cxnrns
992 976 1121 1031 noxus.
1490 964 1562 1031 255

390 1124 479 1199 dum
508 1142 627 1217 usque
651 1121 698 1196 ad
723 1129 868 1217 tempus
895 1120 1027 1195 nubilis
1049 1120 1179 1214 etatis,
1199 1120 1340 1218 lingens
1360 1140 1442 1196 esse
1458 1140 1564 1194 soro·

390 1264 470 1319 rem
497 1242 658 1338 Achillis3
685 1249 721 1319 et
747 1241 816 1317 sub
843 1242 910 1316 isto
935 1242 1060 1315 oolore
1090 1242 1291 1317 excusabat
1318 1241 1349 1315 si
1375 1241 1564 1316 videretur

389 1365 496 1440 nimis
523 1364 645 1459 virilis,
672 1385 806 1460 rogans
833 1371 873 1437 ut
898 1369 1047 1438 caveret
1070 1384 1094 1437 a
1120 1362 1288 1458 circuitu,
1315 1370 1353 1437 et
1377 1363 1563 1458 praecipue

391 1504 438 1559 ne
462 1484 605 1559 veniret
629 1485 675 1559 ad
701 1486 785 1559 litus
811 1504 858 1558 ne
884 1484 978 1558 lorte
1014 1491 1210 1578 raperetur
1234 1504 1256 1557 a
1283 1484 1443 1579 troianis,
1469 1484 1562 1558 sicut

391 1605 528 1679 Helena
561 1626 583 1679 a
613 1603 753 1679 Paride.
779 1602 946 1700 Virgines
971 1623 1062 1676 vero
1088 1603 1170 1677 liliae
1203 1602 1300 1699 regis
1332 1604 1563 1678 mirabantur

391 1725 570 1822 virginem
598 1746 744 1820 noxam,
767 1723 1007 1816 honorabant,
1026 1729 1063 1797 et
1081 1730 1234 1819 tangere
1258 1723 1477 1819 gaudebant.
1502 1724 1564 1797 ln·

394 1846 499 1920 terim
519 1844 659 1920 Graeoia
676 1851 713 1919 et
731 1850 806 1919 tota
824 1844 968 1938 Europa
989 1848 1093 1937 parat
1109 1842 1247 1917 bellum
1262 1850 1390 1918 contra
1403 1844 1562 1939 Troiam,

393 1971 430 2041 et
455 1986 563 2062 reges
588 1984 716 2039 omnes
741 1984 782 2039 se
807 1962 1068 2059 praemuniunt,
1089 1968 1125 2037 et
1152 1962 1275 2057 popub
1295 1970 1491 2037 armantur
1515 1964 1564 2038 ad

393 2085 569 2161 ultionem
597 2091 673 2159 mm
698 2084 832 2159 atrocis
858 2082 1020 2157 inierim:
1047 2088 1083 2157 et
1109 2080 1256 2157 tandem
1288 2102 1419 2185 omnes
1438 2075 1565 2158 naves

392 2225 601 2301 grecorum
628 2212 880 2280 convenerunt
905 2203 1003 2299 apud
1029 2202 1194 2279 Aulidem
1217 2202 1386 2299 insulam,
1404 2225 1488 2297 qnae
1506 2211 1565 2279 est

392 2324 430 2399 in
464 2325 558 2399 mari
586 2325 759 2419 Euboico,
785 2331 823 2399 et
853 2344 982 2399 omnes
1018 2324 1114 2399 vires
1144 2330 1377 2420 congregatae
1408 2324 1563 2398 suntin

393 2466 511 2519 unum
536 2464 672 2540 eorpus
697 2446 767 2519 sub
792 2465 868 2519 uno
895 2465 984 2541 rege
1009 2444 1306 2541 Agamemnone,
1333 2449 1370 2519 el
1394 2444 1568 2538 quamvis

393 2563 441 2638 ibi
472 2574 569 2641 esset
597 2565 700 2639 lortis
727 2565 933 2659 DiomedeS,
967 2571 1110 2639 astutus
1144 2563 1289 2660 Ulyxes,
1323 2564 1444 2638 audax
1470 2565 1566 2638 Tbe-

394 2683 588 2780 lamonius,
613 2684 703 2759 Aiax
730 2684 851 2759 etalii
878 2684 983 2758 multi
1010 2684 1191 2780 magnifici
1223 2682 1413 2780 principes,
1440 2690 1565 2757 lamen

395 2810 471 2879 tota
497 2805 692 2879 multitudo
718 2805 924 2901 suspirabat
948 2803 1122 2879 Achillem
1149 2806 1351 2898 absentem,
1372 2812 1410 2878 et
1429 2824 1566 2879 nomen

396 2924 476 3001 eius
500 2927 685 3029 amabant,
711 2933 748 3001 et
774 2926 873 3000 solus
903 2924 1058 3000 Achilles
1087 2932 1216 2999 contra
1240 2924 1435 3000 llectorem
1461 2931 1566 3021 peto-

396 3046 516 3122 batur.
543 3048 596 3120 Ex
623 3068 698 3142 quo
722 3053 804 3143 post
828 3047 975 3143 longam
1002 3044 1304 3121 oonsultationem
1329 3045 1480 3122 Calchas
1504 3066 1567 3121 sa-

396 3167 524 3241 cerdos
550 3175 587 3241 et
611 3188 734 3264 augur
759 3168 818 3242 ad.
831 3166 1111 3263 postulationem
1130 3164 1330 3260 Protesilai,
1349 3186 1461 3259 quem
1489 3167 1566 3240 lor·
1673 3168 1678 3179 '

396 3292 486 3361 tuna
513 3286 680 3361 trahebat
704 3286 740 3361 in
766 3286 917 3381 bellum,
943 3286 1032 3360 dixit
1058 3286 1158 3379 quod
1182 3292 1302 3360 mater
1326 3286 1568 3361 absconderat

396 3427 484 3482 eum
511 3406 547 3481 in
572 3407 657 3482 aula
685 3406 781 3503 regis
805 3406 1020 3502 Lycomedis
1041 3407 1077 3480 in
1099 3407 1216 3481 lorma
1238 3406 1421 3500 loeminea,
1439 3413 1476 3481 et
1492 3414 1569 3481 sta-

395 3526 460 3600 tim
487 3525 681 3603 Diomedes
707 3527 935 3621 preveniens
955 3526 1122 3623 Ulyxem,
1143 3525 1252 3599 dixit:
1271 3527 1345 3600 Nos
1370 3532 1476 3600 vocat
1500 3526 1569 3603 iste

396 3645 510 3740 labor,
529 3647 588 3721 cui
603 3646 736 3743 Ulyxes
758 3646 924 3721 laetanter
941 3646 1104 3719 assensit.
1121 3646 1255 3721 Parata
1273 3665 1365 3741 ergo
1386 3646 1471 3721 navi
1490 3666 1569 3721 ooe·

397 3776 531 3864 perunt
555 3768 730 3864 navigare
747 3788 814 3863 per
829 3766 1070 3863 Cyclades,'et
1088 3766 1235 3841 tandem
1261 3786 1437 3861 prospero
1456 3775 1568 3843 rento

397 3893 646 3984 pervenerunt
669 3887 717 3961 ad
741 3887 881 3984 Scyron
907 3887 1149 3982 scopulosam,
1175 3893 1212 3961 et
1236 3887 1497 3963 descendentes
1520 3888 1567 3963 ad

398 4008 483 4081 litus
507 4008 723 4083 dimiserunt
748 4027 881 4083 navem
908 4027 995 4081 cum
1021 4007 1139 4101 sociis,
1160 4027 1207 4081 ne
1223 4007 1273 4080 illi
1293 4007 1340 4083 de
1357 4006 1474 4083 insula
1492 4015 1568 4083 ter-

398 4133 581 4222 rerentur,
598 4135 636 4203 et
659 4128 726 4223 ipsi
750 4127 825 4202 duo
849 4134 1083 4203 accesserunt
1099 4128 1146 4201 ad
1166 4127 1308 4221 urbem,
1326 4133 1363 4201 et
1382 4134 1569 4223 portantes

398 4268 546 4323 ramum
561 4240 598 4342 (¹)
615 4249 721 4323 olive
746 4246 968 4323 invenerunt
986 4268 1112 4345 regem
1131 4248 1169 4322 in
1186 4248 1336 4322 introitu
1357 4256 1491 4343 portae3
1508 4249 1569 4324 cui

398 4368 576 4443 iucundus
598 4370 730 4466 Ulyxes
751 4368 914 4441 narravit
934 4368 1094 4461 qualiter
1119 4374 1227 4443 erant
1246 4366 1345 4441 missi
1370 4367 1418 4442 ad
1442 4371 1571 4465 explo·
1659 4416 1665 4427 ·

398 4491 554 4565 randum
591 4491 667 4565 vias
705 4497 743 4564 et
780 4509 919 4585 passus,
955 4508 1001 4563 ne
1037 4488 1174 4562 auxssia
1200 4489 1295 4564 irent
1328 4488 1375 4562 ad
1411 4489 1570 4565 Troiam.

396 4611 474 4685 ilex
495 4611 574 4685 illos
598 4616 788 4707 gratanter
814 4616 980 4704 receptos
1004 4607 1208 4683 introduxit
1228 4607 1264 4681 in
1280 4610 1417 4684 aulam.
1437 4610 1572 4707 Ulyxes

397 4730 571 4825 providus
583 4722 621 4823 (¹)
644 4736 763 4804 totam
791 4730 932 4826 regiam
958 4728 1201 4805 consideravit
1225 4728 1341 4803 oculis
1370 4728 1400 4803 si
1426 4737 1573 4806 nolamt

399 4850 445 4925 ibi
471 4850 618 4944 alimod
645 4850 838 4947 vestigium
866 4848 1017 4946 virginis
1043 4850 1227 4924 masculae.
1254 4848 1408 4924 dcbilles
1431 4857 1570 4945 auten,

459 5102 488 5164 (¹)
501 5102 535 5153 E.
549 5116 647 5155 mu.
895 5104 926 5168 (⁸)
939 5104 970 5155 tt
985 5105 1101 5168 provide.
