4542 6842
709 969 847 1024 CANTUS
873 968 1030 1024 DECIMUS
1055 970 1185 1024 NONUS.
1450 959 1529 1032 ,501

356 1123 496 1208 contar,
521 1137 608 1190 cnm
636 1135 771 1212 magna
796 1115 1048 1209 delectatione,
1073 1107 1104 1187 si
1132 1118 1206 1197 cte,
1220 1136 1288 1189 coo
1313 1136 1407 1209 peno
1432 1118 1533 1189 aerei

252 1235 254 1246 ’
355 1238 496 1327 rivolto,
521 1235 623 1330 idest,
649 1234 847 1310 difficulter
861 1228 898 1329 (¹)
926 1254 1123 1341 removere
1146 1234 1360 1331 potuissem,
1381 1238 1452 1309 mio
1475 1239 1533 1309 to-

355 1360 459 1447 tento,
485 1355 587 1449 idest,
614 1374 737 1429 meam
764 1354 1017 1448 intentionem,
1042 1356 1092 1428 da
1123 1358 1179 1446 tei,
1206 1355 1255 1429 ita
1287 1356 1399 1430 affine
1412 1348 1450 1448 (²)
1476 1362 1534 1431 at·

357 1474 552 1550 tendebam
578 1474 639 1548 illi.
666 1475 711 1548 bt
740 1474 897 1570 explicat
930 1474 1138 1549 cantionem
1171 1473 1263 1570 eius,
1295 1475 1437 1550 dicens:
1473 1476 1533 1552 illa

360 1593 507 1689 mulier,
537 1602 712 1668 centana:
736 1597 772 1667 to
802 1614 866 1667 son
898 1595 933 1667 io
958 1615 1037 1685 sort,
1069 1593 1156 1668 dicit
1184 1594 1240 1668 bis
1275 1595 1322 1669 ad
1354 1595 1533 1687 maiorem

360 1715 646 1811 expressionem,
664 1718 762 1790 dolce
784 1717 927 1807 stream
953 1714 1091 1789 sirenes
1117 1714 1322 1790 secundnm
1348 1716 1532 1790 fictionem

360 1835 539 1932 poeticam
566 1844 652 1910 sunt
676 1841 841 1910 monstra
867 1834 979 1908 maris
1004 1835 1156 1928 antiqua
1181 1835 1397 1909 suavissimo
1423 1842 1533 1911 cantu

361 1955 571 2031 seducentia
585 1956 810 2053 navigantes,
829 1976 922 2050 qnos
940 1954 1075 2051 sopitos
1092 1955 1382 2053 submergebant
1399 1963 1436 2030 et
1452 1978 1537 2052 spo-

361 2076 508 2150 liabant.
534 2077 619 2152 Ideo
645 2076 739 2152 bene
756 2076 793 2151 in
811 2074 1008 2151 universali
1027 2082 1133 2150 vocat
1151 2076 1377 2172 voluptatem
1403 2078 1462 2151 hic
1488 2076 1536 2151 si-

362 2216 502 2289 renem,
530 2217 613 2290 quae
640 2196 809 2293 propinat
833 2196 941 2271 dulce
959 2215 1156 2271 venenum.
1178 2195 1281 2270 Unde
1301 2196 1403 2270 dicit:
1430 2200 1536 2271 cle’o

363 2336 485 2389 mezzo
510 2319 538 2389 it
561 2338 656 2407 mor,
674 2317 776 2410 idest,
799 2317 836 2389 in
853 2306 888 2407 (³)
916 2315 984 2389 isto
1010 2314 1149 2389 mundo
1174 2320 1348 2411 amaret
1371 2322 1537 2391 moneor

363 2440 538 2529 dr‘smopo,
555 2438 659 2533 idest,
680 2438 895 2534 navigantes
920 2436 1098 2529 disturbo,
1116 2442 1213 2509 tanto
1230 2458 1295 2510 sort
1312 2440 1350 2511 dt
1365 2442 1488 2530 placer
1513 2462 1537 2513 c

363 2562 472 2655 seotir
484 2561 592 2650 piem
601 2584 617 2651 ,·
643 2565 680 2633 et
704 2558 800 2633 bene
824 2557 920 2651 dicit,
939 2556 1026 2651 qnia
1047 2564 1227 2650 qnantum
1247 2558 1462 2633 adsensum
1482 2561 1537 2635 vi·

365 2675 473 2752 detur
491 2678 628 2753 babere
645 2697 832 2752 summam
851 2676 1132 2772 placibilitatem,
1147 2697 1232 2769 quae
1249 2682 1373 2752 tamen
1391 2701 1538 2755 summe

366 2797 563 2871 conturbat
588 2798 825 2873 intellectum.
843 2799 888 2871 Et
904 2796 1026 2872 subdit
1043 2796 1243 2871 efficaciam
1262 2800 1432 2893 potentiae
1449 2821 1538 2897 suae,

368 2916 454 3010 quia
473 2938 545 2991 non
562 2917 682 2991 solum
701 2917 878 3011 incautos,
894 2917 957 2991 sed
975 2923 1013 2992 et
1028 2916 1295 2992 oculatissimos
1313 2919 1411 2993 viros
1428 2941 1538 2995 enor-

368 3034 486 3110 bitare
512 3024 658 3129 lecitl‘).
685 3036 787 3111 Unde
812 3036 914 3110 dicit:
941 3042 982 3109 lo
1003 3039 1091 3109 votsi
1120 3039 1240 3128 prose,
1266 3038 1329 3132 qni
1355 3039 1422 3112 fuit
1448 3062 1539 3135 pru-

368 3157 602 3233 dentissimus
626 3158 736 3253 longa
762 3156 999 3252 experientia,
1016 3159 1080 3230 dot
1094 3178 1159 3229 suo
1184 3162 1300 3231 camin
1326 3181 1431 3254 vogn,
1452 3162 1539 3255 quia

367 3279 624 3376 peregrinatus
648 3284 705 3353 est
729 3298 796 3373 per
820 3277 1053 3373 decennium,
1080 3282 1118 3353 at
1141 3285 1246 3351 como
1264 3282 1355 3374 mio,·
1373 3281 1435 3355 sed
1452 3302 1542 3357 con-

368 3407 425 3474 tra
446 3399 629 3473 Homerus
655 3398 704 3471 xl
728 3397 897 3495 Odysseae
922 3396 1019 3491 dicit,
1051 3397 1152 3492 quod
1181 3399 1314 3495 Ulynes
1339 3399 1466 3473 vitavit
1491 3401 1542 3473 si-

369 3541 486 3613 renes,
513 3519 600 3614 quia
626 3518 710 3593 lecit
734 3538 775 3593 se
799 3518 941 3613 alligari
963 3519 1061 3592 malo
1078 3518 1192 3613 navis,
1214 3525 1251 3593 et
1270 3519 1457 3595 obturavit
1474 3520 1542 3595 sibi

367 3660 478 3716 aures
503 3662 589 3715 cnm
616 3660 702 3714 cera
728 3659 776 3713 ne
800 3638 944 3713 audiret
969 3645 1120 3713 cantum
1151 3659 1295 3715 earnm.
1322 3642 1398 3716 Dici
1423 3649 1543 3738 potest

370 3760 469 3855 quod
494 3766 601 3855 poeta
628 3758 793 3852 loquitur
817 3758 863 3833 de
888 3758 992 3833 Circe
1018 3764 1055 3833 et
1079 3758 1244 3855 Calypso,
1263 3782 1347 3855 quae
1370 3784 1469 3837 verae
1493 3764 1543 3838 si-

371 3900 480 3956 renes
517 3879 756 3954 detinnerunt
781 3879 947 3974 Ulynem,
978 3878 1082 3953 Circe
1112 3900 1356 3976 perannum,
1389 3885 1544 3979 Calypso

372 4021 437 4097 per
463 3999 608 4073 multos.
637 3998 679 4071 Et
705 3998 888 4073 concludit
912 3998 1125 4094 generalem
1152 4001 1350 4095 potentiam
1379 4024 1485 4077 snam
1507 4003 1543 4077 in

372 4120 554 4212 omnibnS,
579 4118 720 4194 dicens:
747 4140 766 4191 e
789 4122 874 4211 quat
897 4139 991 4192 meco
1019 4121 1162 4211 sousa,
1187 4120 1290 4214 idest,
1317 4122 1544 4216 quicumque

372 4240 457 4315 iacit
482 4239 548 4313 sibi
569 4238 735 4313 habitum
752 4260 819 4334 per
836 4240 982 4335 longam
1001 4240 1305 4316 consuetudinem
1323 4241 1360 4315 in
1378 4243 1460 4337 ipsis
1479 4264 1546 4318 vo-

372 4359 583 4457 luptatibus,
599 4362 693 4433 rado
708 4382 771 4433 sen
784 4367 889 4454 parte
907 4352 937 4433 si
963 4368 1046 4433 tatto
1063 4363 1248 4454 lappago,
1265 4362 1368 4457 idest,
1389 4364 1439 4437 ita
1456 4385 1546 4438 con-

372 4488 472 4557 tento
489 4486 781 4554 enm-dacor.
796 4482 901 4555 Nunc
913 4486 1021 4575 poeta
1037 4480 1209 4556 describit
1224 4483 1333 4557 aliam
1349 4484 1542 4560 mulierem

373 4600 542 4697 pudicam
567 4600 751 4695 potentius
769 4600 1022 4697 insurgentem
1043 4607 1172 4675 contra
1193 4601 1292 4677 illam
1311 4605 1545 4680 meretricem

374 4719 737 4816 impudentissimam.
764 4721 835 4795 Per
860 4722 954 4795 hanc
983 4718 1148 4817 intelligit
1178 4722 1352 4818 virtutem
1385 4724 1546 4799 rationa-

373 4843 446 4917 lem
474 4860 557 4934 qnae
586 4840 725 4936 detegit
759 4839 1021 4935 turpitudinem
1055 4841 1194 4937 primae,
1221 4848 1259 4917 et
1292 4843 1399 4920 docet
1430 4844 1547 4919 vitare

300 5066 305 5075 .
364 5030 368 5035 ·
437 5022 466 5087 υ)
483 5028 537 5085 rrr,
554 5022 700 5074 emeriten.
989 5020 1017 5085 ι’)
1033 5025 1088 5086 mr,
1104 5024 1163 5075 flxe.

438 5102 468 5167 (⁸)
483 5102 508 5153 S.
526 5102 552 5151 in
568 5102 614 5153 illo
630 5102 736 5153 mundo.
990 5099 1017 5165 (¹)
1034 5104 1088 5163 tlt,
1105 5101 1176 5153 lacit.
1195 5165 1198 5169 ι
