4542 6842
701 982 770 1050 118
1057 995 1262 1051 connunun
1287 996 1506 1051 nunnnnunn

697 1140 901 1215 cnmctncu
913 1134 962 1235 (¹),
981 1142 1030 1216 itu
1048 1143 1146 1237 quod
1164 1140 1300 1241 colligit
1322 1143 1415 1216 intra
1433 1142 1635 1217 instititiutn
1663 1144 1806 1220 tructus
1831 1152 1872 1221 et

696 1262 820 1335 emnia
846 1262 1049 1339 necessaria
1074 1264 1121 1337 ad
1147 1263 1285 1338 victum
1300 1255 1337 1356 ι’)
1370 1268 1408 1339 et
1439 1264 1765 1340 substentationem
1796 1266 1872 1341 hu·

696 1396 815 1455 mance
840 1381 936 1476 vitae,
962 1382 1056 1457 sicut
1080 1389 1118 1457 et
1143 1382 1377 1457 Samnninum
1409 1390 1572 1459 castrum
1604 1386 1762 1460 natunnii
1796 1388 1866 1461 situ
1936 1374 1942 1389 ’

696 1502 980 1577 munitissimum
1007 1512 1046 1579 et
1069 1504 1251 1600 optimum
1279 1504 1415 1579 distans
1445 1524 1467 1579 n
1497 1504 1630 1581 Sancto
1655 1508 1778 1582 Leone
1802 1526 1873 1603 pen

695 1632 856 1719 quatuor
883 1625 1061 1720 milliaria,
1088 1634 1126 1701 et
1156 1626 1203 1700 nb
1237 1626 1401 1699 Arimino
1433 1627 1670 1723 perdecem,
1701 1628 1871 1704 mirabile

693 1744 909 1819 instititinnn.
936 1746 979 1819 lit
1009 1752 1094 1819 nota
1120 1746 1219 1841 qnod
1253 1746 1479 1841 companatio
1513 1754 1568 1821 est
1599 1746 1865 1843 propriissima3

694 1884 781 1939 nam
809 1872 909 1940 recte
942 1865 1068 1940 civitas
1098 1866 1299 1962 purgatorii
1333 1871 1389 1940 est
1421 1866 1546 1940 similis
1577 1867 1710 1943 Sancte
1741 1868 1869 1961 Leoni,

694 1987 780 2082 quia
807 1986 924 2061 estin
950 1987 1126 2062 altissimo
1152 1994 1278 2061 monte
1303 1987 1447 2081 situata,
1474 1995 1511 2062 et
1536 1995 1591 2063 est
1616 1988 1772 2083 deserta,
1799 1989 1866 2063 hu·

692 2107 785 2183 bens
809 2126 913 2181 nanos
939 2107 1171 2201 habitatores
1197 2107 1258 2181 ubi
1284 2106 1468 2183 infernalis
1494 2116 1549 2183 est
1574 2109 1747 2202 frequens
1773 2130 1869 2205 gen·

693 2226 807 2320 tiitus3
833 2234 871 2301 et
896 2234 952 2300 est
975 2226 1181 2321 iustissima,
1200 2232 1278 2300 tuta
1303 2227 1351 2301 ab
1376 2227 1511 2303 insidiis
1528 2234 1565 2303 et
1582 2228 1774 2303 insultibus
1800 2230 1866 2305 ho-

691 2346 815 2440 stium,
840 2346 934 2421 sicut
959 2346 1115 2421 Sanctus
1141 2349 1225 2421 Len.
1252 2348 1296 2421 Et
1321 2346 1426 2422 dicit:
1454 2350 1684 2422 ediscendesi
1702 2352 1740 2421 in
1761 2351 1868 2423 Noti.-

690 2468 770 2542 nou
796 2474 852 2542 est
877 2468 1046 2561 quaedutn
1074 2474 1175 2542 tenna
1191 2458 1227 2561 (³)
1254 2468 1406 2561 antiqua
1433 2468 1469 2541 in
1497 2468 1631 2563 ripenia
1656 2469 1783 2543 Januae
1801 2490 1867 2543 su·

690 2608 758 2683 pra
785 2608 900 2680 mare,
932 2588 1095 2663 subiecta
1126 2588 1240 2662 monti
1266 2588 1442 2663 citissimo
1467 2590 1650 2682 scabreso,
1675 2589 1723 2663 ad
1751 2608 1862 2682 quam

691 2716 748 2785 ost
780 2709 1013 2783 difficillimus
1046 2709 1255 2803 descensus,
1290 2708 1341 2784 ita
1374 2717 1418 2783 ut
1450 2710 1528 2783 Noti
1564 2709 1731 2784 videatur
1765 2716 1868 2785 necte

690 2830 814 2906 dicere
847 2830 1101 2905 descendenti:
1130 2830 1201 2904 noli
1234 2831 1280 2905 ud
1317 2850 1377 2906 me
1410 2830 1597 2925 accedere,
1629 2831 1733 2925 quasi
1768 2830 1863 2904 dicut

690 2958 797 3047 poeta
823 2952 953 3026 tacite:
980 2971 1050 3047 ego
1075 2950 1243 3025 descendi
1269 2970 1355 3026 cum
1383 2952 1535 3045 pedibus
1568 2972 1685 3045 usque
1712 2952 1747 3026 in
1777 2972 1865 3046 pru·

690 3070 843 3143 fundum
863 3068 994 3166 abnui,
1013 3070 1074 3144 sed
1094 3071 1167 3144 nnc
1186 3090 1258 3144 nun
1279 3076 1445 3166 poteram
1465 3071 1664 3146 ascendere
1682 3070 1760 3146 sine
1776 3071 1861 3165 alis3

690 3191 776 3285 quia
802 3190 981 3265 difficilius
1006 3196 1060 3264 est
1086 3189 1286 3265 ascendere
1311 3211 1424 3285 quam
1442 3190 1677 3285 descendere,
1698 3197 1739 3264 ut
1763 3190 1865 3266 dice·

688 3316 751 3385 tun
785 3311 888 3386 inira.
923 3312 966 3385 iit
999 3311 1108 3385 dicit:
1145 3314 1299 3385 nonest
1328 3314 1366 3385 in
1398 3332 1440 3385 sn
1474 3315 1690 3385 Bismcutoa.
1721 3312 1766 3385 Et
1804 3310 1861 3386 hic

647 3514 651 3522 ,
689 3438 832 3527 oportet
866 3432 960 3505 scire
994 3431 1093 3525 quud
1124 3431 1332 3507 Bismantoa
1365 3438 1419 3507 est
1452 3436 1555 3526 petru
1591 3438 1787 3505 montanee
1824 3430 1863 3505 in

689 3552 875 3628 montibus
898 3550 1013 3648 Regii,
1041 3557 1114 3625 tota
1142 3570 1252 3625 saxea
1278 3550 1361 3626 viva
1386 3550 1573 3645 altissima,
1600 3550 1648 3625 itu
1674 3551 1772 3644 quod
1798 3570 1864 3624 su·

688 3678 793 3767 perat
818 3692 946 3746 omnes
972 3671 1083 3745 cuites
1108 3670 1256 3762 vicinus,
1282 3676 1320 3745 et
1346 3671 1454 3745 nabet
1480 3668 1592 3745 un'am
1620 3672 1736 3745 sonam
1763 3670 1861 3745 viam

687 3792 724 3865 in
761 3792 932 3885 circuitu,
963 3812 1073 3885 qnam
1114 3791 1221 3886 pauci
1253 3790 1489 3866 defenderent
1523 3812 1546 3865 a
1585 3797 1663 3865 toto
1700 3790 1863 3885 mundo,

687 3917 724 3990 in
749 3917 857 3991 cuius
882 3916 1094 3990 summitate
1132 3922 1188 3991 est
1222 3914 1397 4010 planities,
1424 3936 1508 4009 quae
1545 3914 1679 3991 colitur
1712 3916 1864 4010 quande

686 4043 740 4112 est
765 4045 1028 4132 opportunum,
1053 4041 1090 4111 et
1115 4036 1195 4110 inca
1220 4034 1480 4110 circumvicina
1506 4044 1591 4111 sunt
1616 4036 1804 4133 sylvestria
1823 4042 1863 4111 et

685 4178 837 4255 usperu3
870 4159 967 4232 unde
998 4157 1201 4231 habitantes
1216 4144 1253 4249 (⁴)
1286 4156 1323 4229 in
1352 4157 1460 4257 pinno
1495 4156 1646 4231 inferius
1673 4156 1860 4254 refugiunt

685 4278 732 4353 ud
753 4278 862 4352 istum
886 4279 1007 4352 iocum
1034 4276 1256 4350 tutissimum
1280 4283 1446 4370 tempore
1466 4276 1560 4351 beili.
1575 4276 1712 4351 Accidit
1732 4284 1858 4351 autem

686 4399 785 4493 quod
815 4405 993 4492 tempore,
1024 4417 1099 4491 quie
1128 4396 1308 4471 Hennicus
1331 4396 1376 4469 Vi
1402 4396 1561 4471 venitin
1588 4396 1861 4491 Lembnndiaut,

684 4538 771 4593 cum
802 4518 999 4593 Ghibestus
1030 4517 1078 4593 de
1102 4516 1245 4613 Conigia
1265 4507 1302 4609 (⁵)
1337 4516 1508 4591 deminus
1546 4517 1690 4589 Parmae
1723 4536 1863 4591 conve-
1924 4606 1946 4623 l

685 4638 796 4713 nisset
824 4659 911 4712 cnm
942 4627 1053 4731 sedi,
1084 4657 1196 4731 quem
1228 4643 1353 4711 umen
1380 4641 1503 4731 postea
1526 4635 1699 4729 deseruit,
1722 4634 1861 4710 nubiles

684 4759 799 4855 regini
822 4761 978 4831 muttum
1005 4758 1176 4832 timentes
1200 4756 1266 4831 sihi
1293 4757 1340 4831 ab
1365 4756 1534 4850 Henrico,
1559 4755 1861 4831 deliberaverunt
1968 4782 1973 4793 ·

746 4974 775 5033 ζ’)
792 4972 821 5021 ii
838 4973 939 5023 circum
955 4974 1035 5023 circu.
1257 4970 1285 5033 (¹)
1302 4971 1332 5022 E.
1349 4972 1381 5021 nd
1397 4972 1475 5022 vitain
1493 4976 1528 5021 et.

747 5046 774 5109 (¹)
792 5048 821 5097 ii.
838 5048 928 5097 civitas
943 5050 1057 5111 untiqun.
1255 5047 1282 5109 (⁸)
1300 5048 1331 5098 lt.
1347 5048 1415 5097 unde
1432 5047 1603 5099 inhabitantes
1619 5048 1654 5097 in.

745 5121 775 5184 (Ἴ
790 5122 816 5173 s·
832 5122 945 5187 arnse
1256 5122 1284 5186 (⁸)
1299 5124 1326 5174 S.
1342 5136 1403 5175 cnm
1420 5137 1459 5175 en.
