4542 6842
701 942 771 1011 136
1059 948 1264 1005 counuruu
1287 948 1506 1003 runonrorur

698 1097 837 1190 vivum,
861 1098 894 1169 si
918 1098 1012 1168 none
1037 1117 1062 1167 a
1085 1098 1158 1186 noi,
1185 1095 1288 1188 idest,
1313 1094 1360 1169 ad
1386 1113 1449 1169 me
1469 1101 1507 1168 el
1527 1093 1730 1189 Virgilium,
1747 1115 1767 1165 e
1780 1113 1869 1185 pose

549 1304 553 1309 ,
697 1225 820 1308 meno,
836 1217 1050 1289 mooeodoil
1072 1218 1147 1287 viso
1169 1236 1240 1306 pur
1260 1236 1301 1287 su
1318 1234 1386 1307 per
1403 1217 1440 1287 lo
1460 1216 1588 1304 corda,
1605 1212 1691 1307 quia
1710 1232 1784 1286 non
1800 1234 1867 1287 su·

698 1339 824 1413 stinuit
840 1338 967 1413 levare
983 1342 1095 1431 caput
1110 1341 1308 1433 gravatum
1323 1336 1482 1409 bumore
1497 1340 1617 1410 terrae.
1633 1333 1756 1411 Otium
1770 1334 1867 1409 enim

698 1466 736 1533 et
760 1458 866 1553 quies
890 1464 976 1531 suut
1000 1457 1084 1531 duae
1101 1462 1222 1551 pestes
1240 1455 1396 1529 bominis
1413 1474 1497 1548 quae
1518 1454 1666 1549 pariunt
1683 1461 1868 1530 tumorem

656 1658 659 1666 ,
698 1578 844 1673 corpori
864 1585 902 1652 et
919 1577 1127 1673 rubiginem
1148 1575 1289 1670 animo;
1306 1580 1344 1649 et
1360 1573 1444 1648 audi
1463 1575 1620 1648 verbum
1638 1573 1775 1648 tristius
1793 1573 1869 1669 ipso

698 1706 808 1792 actu;
835 1720 854 1771 e
878 1702 993 1772 disse:
1017 1718 1062 1769 or
1087 1718 1132 1769 vo
1163 1704 1199 1769 tu
1227 1718 1268 1769 ru
1297 1698 1358 1769 olto
1385 1698 1444 1768 sic'
1458 1698 1600 1769 υαὶεηίε.
1627 1696 1679 1770 ltn
1704 1695 1789 1771 dicit
1814 1696 1869 1790 pi-

699 1812 817 1915 gent)
846 1818 935 1911 vilis,
962 1823 1038 1893 tota
1063 1816 1122 1890 die
1148 1816 1295 1911 quando
1319 1815 1490 1911 arguitur
1509 1815 1555 1890 de
1575 1816 1870 1911 pusillanimitate

700 1959 787 2013 sua:
815 1938 908 2013 rade
929 1945 981 2030 tu,
999 1936 1086 2030 quia
1110 1936 1224 2012 babes
1250 1937 1363 2020 bonas
1380 1956 1521 2030 carnes,
1542 1936 1647 2030 quasi
1667 1936 1782 2012 dicat:
1801 1958 1870 2033 ego

701 2079 775 2133 non
800 2080 883 2133 sum
908 2059 1073 2154 angelus,
1092 2078 1160 2132 nec
1181 2058 1299 2131 habeo
1324 2057 1457 2133 ducem
1483 2056 1577 2131 siout
1599 2064 1651 2150 tn,
1670 2065 1711 2133 ut
1736 2059 1869 2153 possim

700 2179 899 2253 ascendere
924 2184 1089 2253 montem
1114 2177 1287 2251 arduum.
1309 2178 1354 2251 Et
1373 2177 1454 2252 ideo
1473 2177 1557 2251 dicit
1575 2183 1702 2272 poeta:
1728 2180 1872 2253 cooobbi

699 2302 794 2373 ullor
816 2301 872 2371 clc'
895 2319 974 2388 ero,
994 2319 1040 2371 ex
1067 2299 1214 2391 loquela
1235 2319 1315 2391 sna,
1334 2298 1421 2392 quia
1447 2297 1605 2372 ducebat
1622 2299 1718 2373 labia
1738 2301 1805 2374 sua
1823 2302 1871 2375 ita

698 2422 807 2512 lente,
834 2426 872 2495 et
896 2420 1060 2516 linguam
1086 2420 1181 2493 sicut
1206 2426 1244 2493 et
1272 2426 1406 2495 caetera
1437 2419 1615 2494 membra.
1642 2421 1727 2496 ldeo
1753 2442 1872 2515 qnan-

700 2548 945 2635 tumcumque
977 2540 1094 2614 lessus
1122 2540 1259 2615 acceml
1289 2540 1444 2615 libenter
1474 2541 1664 2636 adipsum
1695 2542 1870 2637 otiosum;

700 2661 799 2736 unde
824 2661 931 2735 dicit:
957 2683 976 2733 e
1001 2664 1114 2754 quello
1139 2664 1322 2751 angustia,
1347 2662 1407 2733 obe
1437 2662 1482 2733 m’
1495 2681 1685 2734 ooonzavo
1710 2682 1759 2735 un
1779 2682 1870 2753 poco

700 2803 814 2855 oocor
838 2784 875 2853 lo
900 2784 993 2872 leuc,
1019 2781 1106 2873 quia
1131 2801 1235 2855 eram
1261 2780 1311 2855 ita
1337 2781 1465 2875 lessus,
1491 2780 1589 2875 quod
1615 2781 1675 2856 rix
1700 2788 1868 2877 poteram

703 2902 894 2996 respirare,
912 2923 984 2975 oon
1001 2905 1047 2974 m'
1058 2895 1185 2993 impedi
1209 2904 1365 2975 tandm
1386 2923 1411 2974 o
1427 2904 1489 2992 lul,
1506 2902 1594 2996 quia
1611 2902 1736 2996 putavi
1754 2902 1872 2978 modi·
1891 2886 1893 2891 ’

700 3043 788 3098 cum
814 3023 976 3097 recreari
1001 3042 1173 3097 sermone
1199 3021 1295 3115 eius3
1323 3022 1421 3096 unde
1450 3022 1558 3095 dicit:
1591 3044 1609 3094 e
1637 3026 1759 3115 porcio
1784 3026 1873 3097 clt'a

700 3145 750 3216 lui
769 3145 824 3237 sui
847 3146 981 3233 giumo,
1006 3133 1089 3214 alzo
1119 3144 1156 3214 lo
1187 3149 1272 3214 testo
1306 3163 1464 3235 conmm-
1495 3142 1577 3216 vide
1603 3142 1788 3236 quomodo
1814 3144 1873 3218 ille

700 3261 812 3335 tristis
835 3263 931 3335 bene
955 3262 1158 3336 assurrexit
1183 3261 1329 3335 duobus
1354 3262 1463 3335 tantis
1483 3262 1610 3358 poetis,
1628 3269 1666 3337 et
1687 3263 1872 3357 quomodo

700 3382 838 3477 recepit
863 3381 1064 3457 honorilice
1088 3382 1279 3457 concivem
1305 3403 1415 3456 suum
1443 3382 1492 3456 ibi
1517 3383 1656 3477 vivum,
1682 3384 1729 3458 ad
1760 3406 1872 3480 quem

699 3502 897 3578 ridendum
931 3504 1055 3577 caeteri
1089 3503 1236 3597 spiritus
1263 3503 1533 3579 concurrebant
1565 3510 1603 3578 et
1634 3506 1873 3581 reverteban-

701 3613 827 3714 tur(²).
854 3623 899 3696 Et
923 3623 1009 3697 audi
1036 3613 1188 3717 quodl³l
1215 3622 1316 3716 dixit,
1342 3626 1501 3715 dicendo,
1527 3624 1689 3719 irrisiva;
1718 3626 1778 3698 lui
1807 3626 1873 3699 beo

699 3748 837 3834 cedato,
862 3765 959 3816 come
982 3747 1010 3815 il
1031 3746 1104 3817 sole
1128 3764 1232 3816 meno
1264 3745 1292 3816 il
1317 3764 1426 3817 carro
1456 3747 1541 3818 doll’
1554 3766 1674 3817 omero
1702 3748 1872 3819 sinistro?

700 3864 803 3953 idest,
821 3885 845 3938 a
869 3865 1013 3958 spatula
1038 3871 1103 3937 tua
1128 3864 1282 3939 sinistra.
1302 3865 1373 3939 lste
1390 3865 1488 3940 enim
1507 3864 1659 3959 Bilaqua
1679 3886 1753 3940 uon
1773 3867 1873 3941 visus

700 3984 749 4058 ab
772 3992 905 4059 autore
929 3986 1047 4060 latens
1072 3992 1153 4080 post
1178 4006 1310 4059 saxum
1337 3986 1446 4060 tacite
1461 3986 1738 4061 auscultaverat
1762 3988 1873 4062 colla-

703 4103 841 4179 tionem
867 4125 980 4199 quam
1008 4104 1146 4179 iecerat
1161 4092 1197 4196 (⁸)
1220 4125 1307 4179 cum
1328 4104 1477 4201 Virgilio
1494 4106 1592 4181 circa
1613 4113 1756 4181 motum
1777 4107 1872 4201 solis,

702 4224 766 4320 qui
790 4224 828 4298 in
845 4224 905 4299 illo
924 4224 1145 4321 hemisperio
1166 4225 1320 4300 feriebat
1343 4246 1430 4300 eum
1448 4247 1470 4299 a
1488 4225 1632 4300 sinistra
1658 4234 1696 4301 et
1720 4228 1873 4303 iaciebat

702 4343 873 4419 umbram
899 4366 923 4419 a
948 4343 1088 4419 dextra.
1114 4344 1217 4419 Umle
1244 4344 1326 4420 vide
1352 4345 1451 4439 qnod
1476 4344 1544 4420 iste
1568 4345 1673 4443 piger
1704 4348 1873 4443 superius

700 4463 888 4539 damnavit
913 4464 1077 4540 laborem
1103 4465 1229 4538 Daulis
1255 4465 1351 4540 circa
1377 4485 1470 4560 opus
1502 4465 1657 4560 virtutis,
1683 4487 1783 4544 nunc
1806 4469 1874 4544 itc-

704 4605 789 4658 rum
807 4585 957 4660 damnat
972 4584 1137 4660 laborem
1160 4584 1240 4659 cius
1257 4585 1355 4660 circa
1372 4586 1535 4659 studium
1556 4586 1726 4661 scientiae.
1744 4588 1788 4661 Et
1804 4587 1873 4682 bic,

704 4707 831 4799 lector,
849 4706 933 4780 volo
958 4713 996 4781 te
1021 4726 1154 4800 parum
1182 4706 1319 4780 morari
1345 4727 1431 4781 cum
1457 4706 1582 4782 auimo
1608 4714 1644 4782 et
1670 4708 1872 4804 imaginari,

700 4827 799 4922 quoll
825 4834 933 4922 poeta
959 4834 1084 4902 noster
1109 4833 1184 4901 non
1201 4826 1280 4901 sine
1301 4849 1418 4923 quare
1434 4828 1632 4903 introducit
1653 4828 1763 4904 istum
1790 4828 1875 4902 irri-

766 5015 793 5077 l¹l
809 5020 863 5074 ill,
880 5016 953 5079 piger
967 5015 1041 5067 nobo
1056 5020 1110 5066 tota
1125 5016 1176 5067 (lla.
1318 5016 1345 5076 (θ’
1363 5022 1416 5077 lll,
1434 5019 1626 5068 reverebamur.

767 5092 795 5153 (Ἴ
811 5092 841 5143 E.
856 5092 927 5155 qulrl.
1317 5095 1344 5155 (¹1⁸
1360 5094 1385 5145 S.
1402 5094 1500 5146 lecerat
1516 5094 1640 5158 Virgillus
1656 5092 1725 5145 circa
1742 5102 1851 5150 molum.
