4542 6842
710 946 850 1002 cturus
873 945 1033 1001 necinus
1056 944 1226 999 curamus.
1489 928 1564 999 Atta

392 1092 482 1166 ritus
507 1092 713 1168 manifestat
738 1112 778 1166 sa
803 1092 922 1187 ipsum
948 1090 1158 1166 describens
1189 1110 1230 1164 se
1261 1112 1283 1163 3
1317 1091 1504 1186 dignitate,
1537 1111 1560 1164 3

390 1212 481 1308 loco,
499 1234 521 1289 a
539 1220 715 1308 tempore.
734 1213 777 1286 Et
793 1214 838 1287 ad
856 1210 1130 1309 intelligentiam
1150 1211 1296 1305 plenam
1317 1212 1429 1285 buius
1446 1211 1561 1285 litem

390 1338 445 1407 est
462 1332 580 1428 primo
597 1333 797 1427 sciendum,
815 1333 915 1427 quod
933 1333 1000 1407 istc
1017 1331 1164 1427 spiritus
1180 1331 1266 1405 dicit
1282 1350 1323 1406 se
1339 1331 1450 1406 luisse
1467 1339 1561 1406 tern-

390 1473 479 1547 pore
504 1452 760 1547 Barbaerussae,
786 1473 861 1547 quo
885 1452 1091 1527 Fridericus
1116 1452 1131 1523 l
1156 1451 1203 1526 de
1232 1451 1378 1546 Suevia,
1404 1452 1450 1526 de
1485 1467 1571 1545 quo*

389 1572 477 1651 alias
503 1571 595 1646 lacta
622 1576 677 1646 est
697 1572 845 1665 mentio,
872 1571 1065 1666 imperavit
1096 1572 1201 1645 annis
1229 1571 1377 1668 triginta
1404 1577 1558 1666 septem.

389 1692 458 1780 Qui
485 1692 586 1786 prius
610 1690 678 1765 luit
702 1692 843 1765 amicus
869 1692 1054 1784 ecclesiae,
1069 1692 1131 1767 sed
1157 1697 1282 1787 postea
1309 1691 1435 1765 babuit
1461 1690 1559 1765 litem

391 1832 478 1887 cum
511 1812 717 1886 Alexandro
742 1811 786 1885 lll
817 1812 971 1906 senensi,
1002 1811 1064 1906 qui
1097 1811 1428 1885 excommunicavit
1460 1831 1560 1886 eum

391 1933 472 2019 Quo
498 1938 663 2027 tempore
689 1933 806 2007 multa
825 1932 920 2006 bella
947 1930 1073 2005 babuit
1099 1931 1134 2004 in
1161 1930 1261 2006 ltalia
1287 1950 1374 2005 curn
1400 1932 1562 2005 lombar-

392 2052 446 2126 dis
471 2052 675 2127 laventibus
701 2072 820 2148 papae3
839 2058 876 2127 et
897 2052 1012 2125 victor
1037 2052 1205 2125 omnium
1231 2050 1410 2125 destruxit
1435 2052 1562 2148 Spole-

393 2178 471 2245 tum
491 2176 527 2246 et
544 2172 764 2247 Terdonam:
779 2172 946 2247 Laudum
970 2172 1248 2245 transmutavit:
1266 2170 1457 2245 aedilicavit
1472 2171 1563 2246 Cre-

392 2313 506 2387 mam,
538 2300 575 2367 et
609 2294 827 2367 Cremonam
864 2292 1001 2387 recepit
1035 2313 1100 2387 per
1129 2291 1360 2366 deditionem.
1392 2291 1436 2365 Et
1469 2290 1564 2365 inter

393 2412 632 2486 memoranda
645 2417 758 2507 gesta,
773 2411 1013 2487 Mediolanum
1028 2432 1094 2506 per
1111 2410 1336 2485 obsidionem
1355 2412 1450 2506 cepit
1465 2430 1563 2485 anno

395 2530 539 2608 Domini
559 2530 738 2626 MCLXlll,
757 2532 856 2626 quod
873 2533 1063 2628 prostratis
1080 2532 1224 2606 moeniis
1243 2538 1362 2606 totum
1380 2532 1466 2628 igno
1481 2550 1564 2607 cre-

395 2650 521 2745 mavit,
547 2656 584 2726 et
608 2651 693 2726 iecit
717 2652 814 2725 arari
832 2659 870 2727 et
882 2651 1055 2726 seminari
1076 2652 1161 2725 sale.
1180 2652 1225 2724 lit
1241 2651 1324 2726 iecit
1340 2651 1387 2727 de
1404 2652 1564 2727 romanis

396 2771 641 2846 miserabilem
656 2778 814 2868 stragem
825 2796 834 2844 :
845 2778 992 2867 propter
1005 2792 1089 2868 quae
1096 2772 1302 2847 Alexander
1319 2771 1451 2847 timens
1462 2772 1564 2846 luro-

395 2914 475 2968 rem
489 2892 657 2989 potentiae
674 2893 937 2989 eius,oonlugit
957 2892 1134 2987 Venetias,
1149 2889 1212 2967 ubi
1230 2901 1445 2969 reverenter
1458 2910 1563 2967 rece·

393 3020 477 3109 ptus
498 3032 642 3087 moram
661 3012 753 3087 lecit.
774 3012 887 3087 Cuius
908 3012 1034 3087 lavore
1053 3013 1343 3088 mediolanenses
1361 3010 1560 3087 reaedilica-

393 3138 529 3206 verunt
547 3152 676 3206 eorum
691 3132 874 3206 civitatem
889 3152 1070 3225 eversam,
1084 3154 1182 3207 anno
1196 3133 1337 3207 Domini
1351 3131 1561 3207 Mcnxvllt.

395 3250 531 3326 Deinde
555 3252 663 3345 paulo
687 3258 767 3345 post
790 3250 853 3347 ipsi
879 3272 965 3325 cum
992 3251 1129 3326 auxilio
1154 3252 1462 3344 cremonensium,
1485 3252 1564 3346 pla-

393 3371 636 3464 centinorum,
658 3377 695 3445 et
720 3370 878 3445 aliorum
905 3371 1184 3446 lombardorum
1210 3372 1414 3446 amicorum
1442 3374 1561 3448 ecole-

394 3492 468 3584 siae,
494 3490 739 3566 fundaverunt
766 3512 900 3566 novam
927 3491 1110 3566 civitatem
1137 3496 1263 3565 contra
1290 3492 1436 3586 Papiam
1464 3512 1565 3566 sern-

395 3632 461 3708 per
487 3610 670 3685 inimicam
697 3610 886 3685 Mediolani
913 3632 997 3705 quae
1022 3612 1167 3685 laverat
1191 3609 1396 3705 Friderico;
1417 3619 1454 3686 ct
1472 3612 1565 3686 banc

396 3739 532 3806 terram
548 3731 583 3803 in
597 3737 848 3826 contemptum
864 3731 983 3825 Papiae
997 3730 1254 3805 Alexandriam
1269 3738 1505 3805 vocaverunt
1519 3732 1564 3805 lit

394 3852 470 3925 dux
488 3850 723 3926 Venetiarum
752 3874 885 3948 magna
913 3853 1028 3926 classe
1043 3852 1155 3948 gessit
1172 3852 1308 3926 bellum
1328 3854 1459 3928 navale
1476 3873 1564 3927 curn

395 3971 551 4046 ilenrico
577 3972 806 4067 imperatoris
833 3972 917 4066 olto,
935 3992 1046 4065 quem
1069 3972 1206 4046 victum
1233 3979 1270 4047 et
1293 3980 1443 4066 captum
1461 3972 1566 4047 duxit

395 4091 573 4167 venetias.
600 4092 806 4167 Fridericus
827 4092 965 4186 videns,
983 4092 1129 4167 fortuna
1157 4098 1311 4187 munta,
1329 4113 1370 4167 se
1391 4091 1565 4167 continno

395 4210 589 4305 declinare,
616 4217 653 4285 et
678 4212 926 4287 Alexandrum
955 4212 1108 4287 exaltari
1125 4211 1253 4287 lavore
1277 4212 1451 4287 Ludovici
1469 4211 1566 4308 regis

394 4330 567 4423 Franciae,
594 4337 632 4405 et
656 4331 801 4405 llenrici
823 4332 919 4427 regis
939 4330 1076 4427 Angliae
1094 4332 1221 4427 generi
1240 4332 1309 4425 sui,
1328 4339 1365 4407 et
1382 4332 1566 4407 Guilielmi

395 4449 520 4545 optimi
554 4450 652 4545 regis
683 4450 822 4543 Sicilire,
854 4456 1073 4525 venetorum
1103 4456 1141 4525 ct
1176 4451 1464 4545 lombardorum,
1500 4460 1567 4547 por

395 4570 532 4667 legatos
557 4570 659 4665 petiit
683 4590 811 4664 pacem
831 4570 1041 4664 streniam,
1062 4578 1099 4644 et
1119 4572 1269 4646 venicus
1287 4572 1456 4646 venetias
1479 4592 1567 4667 pro·

388 4691 479 4779 ,cidit
502 4690 549 4765 ad
574 4690 683 4787 pedes
708 4712 821 4787 papae.
841 4690 954 4766 Cuius
970 4691 1112 4786 gutturi
1131 4712 1223 4788 papa
1242 4692 1426 4787 applicans
1444 4692 1565 4788 pedes,

394 4810 483 4885 dixit
508 4810 595 4884 illud
621 4810 832 4905 psalmistae:
860 4814 971 4903 Super
996 4812 1202 4903 aspidem!
1223 4813 1419 4886 bodincum
1444 4813 1568 4886 ambre

396 4932 483 5005 tobis
498 4938 532 5003 et
545 4932 761 5004 conculcabis
786 4934 917 5005 leonem
938 4938 971 5004 ct
985 4934 1186 5005 draconem.
1207 4932 1252 5005 lit
1271 4931 1496 5027 imperatore
1512 4932 1567 5008 di-

395 5057 521 5127 cente:
548 5070 621 5125 non
648 5052 709 5125 tibi
735 5052 797 5126 sod
824 5051 950 5145 Petro;
977 5071 1069 5146 papa
1088 5052 1289 5146 rospondit:
1310 5070 1381 5148 ego
1399 5070 1481 5124 suro
1510 5054 1566 5127 vi-
