4542 6842
819 952 956 1010 caurus
979 955 1109 1009 nouus.
1477 942 1547 1011 alh

379 1096 436 1189 tis,
461 1098 510 1171 ita
537 1116 634 1173 nunc
660 1099 843 1173 succurrit
858 1100 925 1173 sihi
941 1100 1124 1175 intraturo
1142 1101 1398 1197 purgatorium
1419 1108 1549 1176 contra
1615 1191 1618 1195 A

378 1225 607 1312 serpentem3
633 1224 671 1292 et
695 1218 782 1312 quia
799 1239 866 1293 sua
888 1218 1024 1296 virtute
1044 1241 1117 1293 non
1139 1228 1292 1315 poterat,
1311 1220 1443 1295 levavit
1460 1241 1549 1295 eum

378 1338 416 1411 in
440 1339 567 1433 altum,
594 1344 631 1413 et
656 1338 889 1433 praesentavit
914 1359 1039 1413 coram
1074 1340 1206 1436 angelo
1228 1340 1390 1414 Domini:
1417 1342 1454 1415 'et
1478 1340 1549 1414 hoc

378 1458 462 1533 lecit
495 1460 592 1533 circa
626 1479 803 1533 auroram
834 1459 915 1553 diei,
946 1480 1058 1553 quarn
1089 1460 1261 1535 describit
1292 1454 1366 1554 a(¹)
1400 1462 1547 1556 planctu

379 1576 603 1674 hirundinis3
629 1578 728 1653 unde
751 1578 859 1653 dicit:
886 1582 1054 1670 nettoro,
1081 1580 1226 1674 scilicet,
1253 1580 1484 1675 postmodum
1510 1581 1548 1654 in

379 1698 458 1773 line
481 1700 608 1793 noctis,
634 1700 694 1771 che
722 1701 759 1771 ta
788 1700 986 1772 rondinello
1015 1702 1186 1773 contorta
1216 1704 1231 1772 i
1262 1703 1352 1773 tristi
1375 1704 1448 1795 loi,·
1474 1721 1548 1776 vox

378 1826 434 1893 est
458 1819 673 1893 naturaiiter
698 1816 914 1914 significans
940 1818 1045 1911 quasi
1070 1818 1185 1894 dicat:
1212 1820 1338 1895 tristes
1356 1841 1486 1895 versus
1510 1827 1548 1894 et

273 1956 276 1969 ¹
378 1937 666 2033 lamentationes,
688 1959 814 2031 presso
840 1942 913 2012 olla
938 1943 1097 2031 mellina,
1122 1960 1237 2035 prope
1260 1941 1484 2035 diluculum;
1510 1949 1549 2017 et

377 2057 481 2133 dicit:
505 2063 603 2152 forse
627 2078 652 2131 a
676 2060 846 2131 memor-eh
871 2062 924 2133 dc'
937 2063 1014 2133 suot
1026 2064 1136 2153 primi
1152 2065 1251 2152 punt,
1268 2062 1371 2155 idest,
1388 2082 1545 2157 suorum

377 2179 614 2273 antiquorum
641 2176 822 2252 dolorum.
840 2178 894 2253 hd
914 2180 1024 2255 huius
1041 2180 1157 2255 literae
1176 2180 1450 2278 intelligentiam
1470 2180 1548 2276 ple-

377 2320 463 2372 nam
490 2304 634 2395 oportet
658 2298 752 2373 scire
778 2298 923 2396 longam
951 2300 1126 2394 fabulam,
1144 2322 1256 2395 quam
1283 2301 1432 2377 Ovidius
1456 2301 1548 2377 scri·
1606 2370 1611 2381 .

376 2418 427 2493 bit
453 2418 558 2493 valde
583 2417 714 2493 dilluse
740 2418 784 2493 Vl
810 2420 867 2492 sui
894 2420 1052 2515 maioris,
1073 2420 1180 2494 culus
1201 2421 1363 2497 breviter
1387 2422 1467 2497 haeo
1491 2428 1547 2497 est

376 2560 545 2613 summa:
572 2539 713 2613 Tereus
737 2558 803 2613 rex
836 2540 985 2614 thraciae
1016 2540 1175 2636 regionis
1205 2541 1343 2616 habens
1377 2561 1546 2635 cruorem,

377 2658 525 2733 nomine
542 2659 699 2755 Progne,
717 2657 827 2733 liliam
845 2659 1037 2733 Pandionis
1058 2660 1155 2756 regis
1171 2660 1412 2755 Athenarum,
1426 2660 1548 2755 preci·

375 2779 446 2853 hus
471 2779 597 2853 uxoris
622 2798 699 2853 suae
725 2779 910 2872 proiectus
938 2780 1097 2855 Athenas
1130 2781 1277 2875 petebat
1305 2802 1329 2855 a
1360 2780 1546 2855 Pandione

375 2919 515 2993 socero,
531 2906 571 2972 ut
587 2899 692 2973 daret
707 2899 774 2972 sibi
792 2898 901 2974 tiliam
921 2900 1100 2996 virginem
1128 2900 1276 2974 nomine
1291 2900 1544 2994 Philomelam,

275 3018 278 3027 '
377 3019 464 3114 quia
489 3040 587 3093 uxor
611 3040 677 3093 sua
705 3040 851 3094 summe
876 3020 1023 3114 optabat
1049 3020 1175 3095 videre
1199 3039 1377 3095 sororem.
1395 3021 1440 3095 Et
1456 3040 1544 3095 ecce

374 3139 518 3215 interim
546 3141 755 3234 supervenit
779 3139 979 3214 Philomela
1005 3140 1226 3235 pulcerrima
1253 3140 1354 3215 velut
1378 3142 1447 3216 dea
1466 3150 1541 3217 tam

374 3258 494 3335 lorma
519 3260 689 3351 naturali,
715 3280 827 3354 quam
859 3260 961 3334 cultu
991 3259 1186 3354 artificiali,
1212 3282 1287 3355 qua
1312 3260 1389 3335 visa
1421 3261 1544 3337 infelix

373 3380 512 3456 Tereus
537 3380 762 3473 stupetactus
778 3378 890 3451 nimia
908 3379 1153 3473 pulcritudine
1177 3380 1228 3453 ita
1252 3381 1391 3455 exarsit
1415 3373 1543 3475 einsl²t

372 3520 513 3593 amore,
531 3500 624 3574 sicut
641 3499 771 3593 stipula
796 3499 916 3573 subito
943 3499 1155 3574 accenditur
1176 3500 1278 3595 igne;
1297 3507 1335 3574 et
1358 3500 1541 3576 fluctuans

371 3623 497 3697 animo
522 3620 674 3694 interius
700 3620 904 3713 vexabatur
929 3619 1039 3694 variis
1064 3619 1175 3713 curis,
1193 3619 1286 3693 sicut
1303 3627 1359 3694 est
1374 3620 1421 3695 de
1438 3642 1544 3699 more

369 3741 597 3835 amantium3
617 3739 762 3815 tandem
789 3740 858 3814 suh
882 3741 1036 3815 honesto
1061 3739 1186 3815 colore
1210 3740 1366 3815 obtinuit
1388 3740 1545 3820 liliama

372 3870 487 3959 patre,
514 3862 577 3955 qui
604 3860 858 3935 molestissime
887 3860 969 3934 tulit
1000 3859 1080 3935 eius
1114 3880 1314 3955 recessum,
1345 3862 1432 3956 quia
1461 3870 1543 3939 erat

299 4042 302 4047 .
371 3983 541 4059 solatium
577 3980 773 4057 senectutis
806 4000 893 4061 suae.
921 3980 1037 4076 igitur
1069 3981 1209 4055 Tereus
1243 3989 1391 4077 accepta
1421 3983 1544 4059 Philo-

373 4105 469 4178 mela
496 4103 532 4176 in
559 4101 655 4195 navi,
680 4121 855 4197 prospere
880 4101 1067 4197 navigans,
1085 4122 1172 4176 cum
1193 4100 1353 4196 primum
1371 4101 1544 4199 applicuit

372 4222 418 4297 ad
444 4222 528 4296 litus
550 4220 653 4319 regni
670 4220 739 4315 sui,
755 4222 860 4295 laetus
878 4220 978 4295 velut
996 4221 1129 4316 aquila,
1150 4228 1253 4316 rapto
1273 4220 1410 4316 lepore,
1431 4223 1544 4300 traxit

371 4342 611 4418 Philomelam
647 4350 840 4438 cognatam
874 4362 981 4417 suam
1016 4342 1052 4416 in
1087 4342 1286 4437 quamdam
1324 4342 1465 4438 sylvam
1505 4344 1542 4418 in

371 4463 523 4538 domum
559 4461 749 4537 cuiusdam
777 4461 942 4556 pastoris,
973 4468 1011 4537 et
1043 4455 1142 4536 illam
1178 4468 1410 4558 trementem,
1440 4465 1543 4540 velut

370 4602 466 4678 agna
492 4590 597 4677 capta
622 4602 644 4655 a
670 4580 768 4677 lupo,
793 4588 859 4655 aut
884 4582 1055 4657 columba
1082 4588 1186 4676 rapta
1203 4572 1239 4674 (³)
1266 4582 1315 4657 ab
1339 4590 1478 4678 asture,
1505 4592 1543 4661 et
1575 4661 1579 4671 ,

368 4699 506 4776 trustra
532 4701 806 4795 reclamantem,
832 4700 1022 4775 delloravit
1040 4701 1248 4799 virginitate
1267 4723 1345 4777 sua.
1364 4702 1434 4777 Se'd
1456 4704 1542 4778 Phi·
1657 4752 1661 4759 -

371 4820 507 4897 lomela
542 4822 659 4917 magis
695 4842 849 4897 accensa
888 4821 972 4919 igne
1012 4822 1094 4916 irae,
1130 4842 1243 4917 quam
1286 4823 1425 4898 Tereus
1458 4824 1543 4922 igne

1434 5000 1542 5013 ——

432 5078 459 5140 (¹)
479 5082 532 5137 tlt,
549 5091 563 5129 n
580 5084 666 5131 cantu.
789 5077 817 5141 ι’)
833 5081 860 5131 S.
877 5081 902 5131 in
918 5080 974 5131 elus
990 5093 1116 5133 amorem.
1241 5080 1270 5144 (⁸)
1286 5082 1317 5133 Ε.
1332 5086 1415 5145 capla.
