4542 6842
735 937 808 1006 371
1071 907 1073 913 ⁴
1096 952 1301 1010 coumruu
1325 953 1544 1009 bunoaronn

733 1097 879 1194 cognito
892 1097 992 1191 quod
1009 1103 1090 1172 eret
1108 1097 1214 1173 virus
1230 1098 1481 1194 corporaliter,
1494 1104 1688 1193 coeperunt
1706 1098 1806 1194 loqui
1823 1121 1910 1175 eum

735 1217 979 1293 admiratione
1003 1217 1050 1292 de
1074 1217 1164 1314 ipso,
1190 1224 1228 1293 et
1252 1217 1440 1313 inquirere
1469 1216 1516 1292 de
1545 1237 1602 1292 eo.
1629 1220 1735 1294 Nunc
1759 1219 1807 1295 ad
1831 1220 1914 1297 lite·

734 1359 834 1413 ram:
860 1337 946 1413 dicit
975 1343 1094 1434 poeta,
1121 1337 1221 1433 quod
1249 1337 1326 1413 duo
1354 1357 1401 1413 or
1416 1331 1454 1430 (¹)
1487 1337 1557 1412 iliis
1589 1337 1689 1412 orbis
1720 1338 1911 1416 audientes

733 1456 878 1554 sapiam
905 1458 1038 1548 dicere,
1065 1459 1165 1554 quod
1190 1459 1326 1534 Dentes
1351 1459 1521 1554 portabat
1545 1459 1673 1532 oeulos
1694 1467 1852 1554 apertos,
1872 1467 1911 1535 et

733 1577 889 1654 Dantem
920 1577 1215 1675 respondentem,
1240 1578 1340 1673 quod
1369 1577 1467 1653 oculi
1496 1576 1619 1652 adbuc
1647 1577 1909 1656 clauderentur

732 1695 810 1794 sibi,
837 1697 886 1772 illi
912 1695 1283 1796 comprehenderunt,
1303 1697 1402 1793 quod
1427 1704 1509 1772 erat
1529 1697 1636 1772 virus
1652 1696 1702 1772 ibi
1719 1717 1806 1772 cum
1823 1719 1909 1774 oor-

733 1840 824 1915 pore
849 1827 885 1894 et
910 1820 1081 1894 omnibus
1106 1813 1293 1896 sensdms:
1319 1827 1357 1894 et
1381 1815 1606 1895 admirantes
1629 1818 1677 1894 de
1702 1817 1766 1894 tali
1788 1818 1907 1915 gratia

731 1941 985 2018 desiderabant
1010 1941 1103 2016 scire
1128 1940 1209 2016 eius
1236 1939 1500 2033 conditionem3
1527 1939 1609 2015 ideo
1640 1961 1737 2013 unus
1761 1959 1908 2033 eorum,

731 2061 867 2136 scilicet
893 2051 1115 2153 domnuse)
1143 2059 1262 2134 Gnido
1288 2059 1345 2135 del
1371 2060 1474 2135 buca
1498 2059 1546 2133 de
1562 2059 1789 2154 Bretenorio,
1815 2059 1908 2135 inci-

731 2182 781 2277 pit
818 2180 1035 2256 admirative
1070 2178 1195 2256 dicere
1225 2180 1324 2255 socio
1356 2199 1426 2254 suo
1455 2179 1638 2274 Raynerio
1668 2179 1715 2255 de
1748 2181 1906 2258 cubuit:

734 2304 797 2376 Gla·
817 2294 840 2376 e*
860 2305 970 2375 metui
989 2303 1050 2374 cite
1065 2303 1091 2376 ’i
1104 2308 1229 2374 metro
1253 2305 1369 2374 monte
1386 2303 1537 2391 mette,
1555 2285 1658 2395 idest
1685 2302 1750 2396 qui
1775 2301 1908 2396 circuit

731 2420 989 2518 purgatorium
1019 2419 1067 2495 de
1101 2421 1242 2496 circuio
1270 2420 1309 2495 in
1338 2421 1532 2514 circulum,
1554 2423 1678 2514 primo
1706 2425 1766 2496 ote
1795 2431 1909 2497 morte

729 2545 780 2636 pii
803 2543 907 2616 abbio
937 2545 1021 2616 doto
1046 2545 1074 2616 il
1096 2545 1198 2635 voto,-
1224 2543 1294 2616 boc
1324 2540 1411 2618 dicit
1441 2542 1528 2636 quin
1559 2541 1598 2616 in
1627 2551 1750 2618 morte
1781 2544 1907 2620 anima

732 2669 902 2760 separata
928 2663 1048 2737 statim
1076 2663 1175 2738 volat
1198 2660 1458 2758 adjustitiam,
1484 2671 1527 2737 ut
1550 2664 1637 2739 alibi
1660 2665 1800 2740 dictum
1831 2673 1906 2759 eet3

730 2791 763 2856 et
786 2804 876 2876 opre
899 2784 949 2874 pli
973 2785 1208 2858 occidesne
1228 2785 1345 2875 coptic
1368 2804 1389 2855 e
1411 2785 1621 2877 copercbiu?
1637 2785 1737 2879 quod
1762 2805 1831 2860 uos
1851 2785 1907 2862 iu·

730 2923 817 2978 cere
842 2923 916 2978 non
943 2923 1138 2998 possumus
1164 2911 1314 3000 propter
1342 2910 1512 2978 suturam
1542 2905 1749 2979 oculorum.
1764 2912 1907 2981 -Norr

728 3044 780 3096 eo.
806 3023 871 3098 Hio
897 3031 1003 3119 poeta
1029 3024 1130 3120 ponit
1157 3024 1429 3120 responsionem
1447 3023 1547 3118 socii,
1565 3023 1630 3118 qui
1645 3025 1749 3100 dicit:
1768 3031 1849 3100 Non
1865 3049 1906 3100 ro

730 3145 787 3216 obi
809 3146 877 3237 ria,
899 3143 969 3219 nisi·
992 3145 1087 3219 sicut
1105 3152 1158 3236 tu,
1171 3144 1259 3239 quie
1276 3165 1349 3218 non
1367 3143 1474 3218 video
1493 3163 1583 3217 eum
1599 3135 1638 3236 ι’)
1655 3145 1750 3219 siem
1766 3167 1835 3224 nec
1852 3155 1904 3242 tu,

730 3263 869 3358 etipse
900 3263 1044 3339 videtur
1074 3272 1201 3339 tuscus
1230 3284 1304 3339 non
1336 3262 1587 3338 romandiolus
1616 3262 1664 3337 ad
1699 3265 1904 3358 loquelam,

730 3403 791 3458 mo
806 3405 847 3458 ro
863 3387 954 3458 cb’ei
971 3405 1044 3459 reon
1061 3381 1194 3479 drotm-
1206 3385 1277 3460 boc
1292 3383 1389 3478 dicit,
1407 3383 1495 3479 quia
1519 3385 1690 3480 superius
1713 3386 1906 3462 audiverat

731 3504 885 3592 Dantem
903 3502 1084 3581 dicentem
1111 3505 1210 3600 quod
1236 3492 1380 3597 unust‘)
1392 3503 1598 3579 adducebat
1622 3525 1723 3600 eum,
1748 3506 1814 3600 qui
1831 3527 1906 3581 uon

728 3625 960 3720 loquebatur,
986 3633 1023 3702 et
1050 3625 1131 3702 ideo
1162 3626 1248 3700 dicit
1270 3625 1495 3722 Raynerius:
1522 3627 1708 3699 umanum
1731 3633 1767 3699 tu
1790 3623 1905 3719 sipid

727 3752 759 3819 e
782 3749 834 3839 pt·
855 3749 997 3838 animm,
1017 3747 1076 3822 vel
1101 3746 1305 3822 secundum
1325 3745 1435 3820 eliam
1457 3745 1620 3820 literam:
1633 3749 1685 3837 pti
1699 3748 1906 3838 taenari,-

728 3866 793 3941 sed
819 3867 936 3962 prima
967 3866 1072 3941 litera
1097 3873 1154 3942 est
1178 3865 1314 3959 verior,
1341 3865 1428 3961 quie
1461 3865 1528 3940 iste
1557 3865 1722 3959 loquitur
1755 3886 1903 3941 roman·
1976 3859 1980 3866 ’

728 3986 834 4080 diole,
865 3986 950 4061 licet
979 4006 1052 4062 non
1083 3991 1251 4061 mntem
1281 3984 1484 4077 sententia;
1516 3990 1555 4060 et
1583 3984 1706 4059 addit:
1740 4005 1760 4060 e
1789 3988 1905 4060 dolce-

728 4099 897 4197 menet
918 4110 977 4180 cte
997 4109 1108 4199 porti,
1126 4103 1257 4180 cordio.
1283 4106 1329 4180 lit
1353 4106 1412 4180 bic
1437 4111 1524 4180 nota
1541 4105 1641 4199 quod
1658 4105 1764 4180 multi
1784 4106 1901 4182 multa

726 4226 853 4301 dicunt
879 4226 915 4300 in
940 4226 1167 4322 expositione
1184 4226 1295 4300 buius
1307 4217 1345 4319 (⁶)
1368 4225 1500 4301 litere:
1518 4225 1645 4320 plures
1661 4225 1760 4300 enim
1777 4226 1903 4301 dicum

729 4353 766 4421 et
790 4354 991 4442 exponunt,
1017 4347 1115 4442 qrrod
1147 4347 1217 4422 iste
1247 4347 1396 4442 spiritus
1428 4347 1509 4423 vult
1539 4345 1683 4421 dicere:
1715 4347 1902 4444 interrogo

728 4485 816 4541 eum
843 4473 918 4540 tam
944 4466 1100 4542 dulciter
1125 4468 1226 4562 quod
1251 4465 1467 4562 respondeat
1493 4465 1557 4539 tibi
1582 4464 1818 4561 adplenum,
1852 4468 1903 4543 itu

729 4586 828 4682 qood
852 4587 998 4662 animus
1023 4586 1202 4662 andimris
1225 4607 1300 4661 non
1317 4593 1510 4662 remaneat
1530 4585 1568 4658 in
1588 4605 1784 4680 suspenso;
1801 4587 1899 4681 quio,

733 4713 777 4781 nt
793 4708 929 4802 dieunt,
947 4715 1002 4783 est
1025 4709 1155 4805 triplex
1174 4714 1333 4804 punctus
1352 4709 1390 4782 ln
1406 4707 1614 4802 dictamine,
1631 4707 1767 4784 scilicet
1781 4727 1900 4800 coma,

789 4925 816 4988 (¹)
835 4926 864 4977 Ε.
881 4938 913 4976 ex
929 4925 975 4977 illo
991 4925 1055 4977 orbe
1070 4927 1213 4978 audientes.
1339 4925 1367 4988 ι’)
1385 4929 1438 4986 tlt.
1455 4926 1540 4978 dictur
1556 4927 1648 4978 Gnido.

791 5002 818 5064 ι’)
834 5001 865 5052 Ε.
881 5015 944 5053 eum
959 5004 1008 5053 nbi
1024 5003 1091 5053 siout
1107 5007 1146 5054 tu.
1341 5002 1369 5062 ι’)
1385 5005 1430 5053 lit
1446 5016 1462 5054 e
1478 5003 1509 5054 Ε.
1526 5017 1594 5054 unus
1610 5003 1771 5054 conducebat
1785 5015 1854 5054 enm.

790 5079 819 5138 ι’)
836 5082 891 5140 117,
908 5080 981 5130 istius
998 5079 1090 5131 litere.
