4542 6842
691 971 763 1040 tt8
1052 980 1258 1038 coumrrorr
1280 981 1501 1036 runoxronu

691 1129 791 1206 ciunt
816 1136 944 1205 contra
960 1129 1147 1225 invidiam,
1164 1129 1252 1223 quia
1269 1129 1478 1206 misericors
1494 1129 1718 1224 compatitur
1733 1128 1866 1203 alienoe

572 1335 584 1357 ¹
691 1249 866 1343 miseriae3
892 1249 1035 1324 invidus
1061 1269 1151 1324 vero
1184 1250 1342 1324 laetatur.
1375 1250 1418 1323 Et
1448 1249 1551 1346 ponit
1579 1249 1690 1325 aliam
1720 1269 1864 1345 vocem,

690 1369 831 1444 dicens:
858 1391 877 1442 e
899 1373 985 1462 pedi
1009 1377 1045 1445 tu
1069 1372 1130 1444 cle
1154 1372 1268 1462 υἰηοίς
1293 1377 1331 1445 et
1355 1369 1424 1444 luit
1454 1370 1566 1445 etiam
1598 1375 1788 1444 cantatum
1803 1363 1863 1463 (¹):

691 1502 731 1570 tu
757 1489 820 1585 qui
847 1490 959 1565 vincis
982 1491 1113 1565 vitium
1131 1489 1275 1565 invidiae
1293 1491 1430 1586 laetare,
1448 1492 1536 1586 quia
1552 1498 1591 1566 et
1607 1512 1675 1566 nos
1691 1491 1863 1566 laetamur

691 1617 827 1705 tecum,
854 1631 923 1686 nec
947 1609 1153 1686 invidemus
1179 1631 1324 1708 magnae
1349 1611 1507 1687 felicitati
1534 1618 1620 1686 tuae.

765 1735 816 1804 Lo
841 1733 910 1804 mio
935 1737 1098 1804 mentre
1125 1729 1197 1806 Ista
1222 1738 1279 1805 eut
1302 1730 1464 1808 secunda
1496 1752 1582 1826 pars
1612 1731 1794 1828 generalis
1825 1731 1864 1804 in

692 1873 767 1948 qua
792 1858 899 1948 poeta
924 1851 1095 1927 describit
1120 1850 1405 1926 declarationem
1436 1851 1545 1926 unius
1576 1851 1661 1928 dicti
1691 1853 1798 1949 positi
1827 1852 1866 1926 iu

692 1973 851 2068 capitulo
876 1971 1107 2069 praecedenti,
1135 1973 1234 2067 quod
1265 1971 1458 2046 ridebatur
1489 1993 1564 2047 non
1588 1972 1685 2047 bene
1709 1972 1865 2049 clarum.

691 2095 736 2168 Et
760 2093 879 2190 primo
905 2092 1061 2168 ostendit
1085 2093 1273 2189 quomodo
1295 2099 1332 2168 et
1349 2114 1468 2187 quare
1486 2092 1656 2188 petiverit
1674 2115 1697 2170 a
1715 2093 1866 2190 Virgilio

691 2213 738 2289 de
763 2233 831 2287 suo
855 2213 979 2308 dubio,
997 2213 1119 2287 dicens
1137 2233 1224 2288 cum
1244 2201 1537 2288 continuatione:
1555 2218 1606 2286 Lo
1622 2216 1692 2286 mio
1708 2221 1862 2288 monuo

689 2342 723 2408 et
738 2337 774 2408 io
790 2337 970 2408 anduoam
985 2355 1080 2426 uno,
1096 2354 1163 2429 per
1188 2333 1338 2428 scalam,
1354 2336 1422 2407 solt
1440 2334 1621 2426 umdedue,
1635 2334 1722 2428 quia
1743 2334 1867 2408 nullus

690 2454 837 2552 spiritus
863 2460 1043 2550 purgatus
1068 2454 1236 2529 exiverat
1261 2454 1371 2528 simul
1392 2474 1519 2529 secum
1540 2454 1588 2529 de
1607 2455 1747 2529 circulo
1772 2455 1866 2529 invi-

692 2575 847 2670 dorum,
873 2581 905 2648 et
927 2576 963 2648 io
984 2595 1146 2666 pcruoou
1174 2577 1354 2666 coquatur
1376 2576 1507 2667 prode,
1523 2575 1626 2669 idest,
1650 2574 1772 2648 lacere
1797 2575 1866 2649 ali·

693 2717 804 2790 quem
831 2695 1049 2790 proiectum,
1076 2702 1118 2769 ut
1148 2702 1294 2790 tempus
1323 2694 1450 2768 utilius
1480 2695 1761 2790 expenderetur,
1797 2716 1867 2768 ‹rn-

692 2819 826 2908 dundo,
847 2837 914 2912 per
938 2815 1035 2890 illem
1063 2816 1212 2911 scalam,
1237 2818 1325 2889 nelle
1340 2818 1468 2908 parole
1483 2835 1543 2888 sue
1552 2841 1568 2908 ,·
1584 2814 1679 2889 sicut
1697 2813 1782 2888 lacit
1798 2835 1866 2911 per

691 2956 822 3012 omnes
847 2936 962 3010 scalas
988 2935 1090 3010 istius
1115 2936 1329 3033 purgatorii.
1351 2935 1437 3010 ldeo
1461 2935 1566 3011 dicit:
1591 2955 1611 3007 c
1636 2937 1825 3008 dmzdmi
1842 2955 1867 3007 n

693 3060 743 3132 lui
764 3048 794 3130 sl
818 3057 1074 3145 dimondundo,
1099 3058 1160 3128 cde
1184 3059 1273 3130 colle
1303 3058 1363 3129 du
1396 3058 1431 3129 lo
1463 3059 1576 3148 spiro
1599 3059 1638 3129 di
1662 3061 1872 3158 Romapno,

693 3176 838 3271 seilicet,
859 3175 1030 3250 dominus
1047 3175 1166 3249 Guido
1190 3175 1250 3249 del
1268 3176 1369 3250 Duce
1389 3175 1437 3250 de
1459 3174 1686 3270 Bretenorio,
1703 3197 1723 3249 c
1739 3178 1866 3249 &nicto

692 3303 898 3371 cconsorto
923 3299 1194 3389 menzionondo,
1224 3297 1369 3391 scilicet,
1397 3296 1544 3391 quando
1576 3296 1613 3371 in
1646 3297 1868 3392 praecedenti

692 3416 850 3512 capitulo
864 3416 1074 3491 exclamans
1091 3423 1220 3492 contra
1235 3423 1386 3513 gentem
1407 3417 1623 3511 humanam,
1637 3417 1743 3490 dixit:
1761 3411 1870 3492 doo'e'

692 3540 829 3614 mesmr
846 3541 884 3612 dt
899 3545 1063 3611 conserto
1088 3540 1227 3629 diodoto,
1244 3537 1392 3632 scilicet,
1414 3537 1512 3613 circa
1536 3538 1765 3633 temporalia,
1784 3558 1869 3633 quae

693 3679 767 3734 non
792 3663 943 3754 possunt
968 3656 1078 3732 simul
1103 3663 1140 3732 et
1165 3658 1280 3731 semel
1305 3657 1353 3731 ab
1377 3656 1549 3731 omnibus
1573 3657 1759 3753 possideri,
1792 3659 1868 3733 imo

692 3777 850 3875 expedit,
875 3777 974 3872 quod
1005 3798 1089 3872 quae
1114 3778 1346 3873 possidentur
1371 3777 1419 3851 ab
1452 3797 1528 3852 uno
1553 3778 1624 3852 sint
1649 3778 1868 3874 impossessa

691 3899 741 3975 ab
766 3899 839 3974 alio
864 3905 901 3974 et
926 3897 1037 3974 vetita
1062 3898 1150 3992 sibi3
1177 3899 1284 3973 cuius
1301 3897 1528 3973 contrarium
1545 3899 1676 3974 accidit
1700 3900 1737 3972 in
1762 3899 1869 3995 spiri-

694 4019 865 4096 tualibus.
879 4021 1143 4092 -Percl'ello
1163 4019 1228 4092 llic
1245 4026 1353 4114 poeta
1372 4019 1471 4114 ponit
1491 4019 1765 4115 responsionem
1786 4019 1869 4094 Vir·

692 4139 769 4237 gilii
794 4139 840 4214 ad
866 4139 1074 4233 quaesitum,
1101 4138 1164 4232 qui
1190 4138 1275 4214 dicit
1300 4139 1463 4214 breviter
1492 4139 1591 4232 quod
1620 4139 1681 4215 ille
1706 4139 1776 4213 sub
1800 4139 1869 4213 illis

695 4259 816 4334 verbis
842 4259 958 4356 tetigit
973 4251 1009 4351 (¹)
1029 4259 1159 4333 vitium
1178 4278 1253 4353 quo
1272 4259 1395 4334 luerat
1412 4258 1576 4334 maxime
1591 4259 1766 4334 iniectus:
1784 4259 1868 4334 ideo

695 4399 740 4456 ex
768 4379 920 4455 caritate
945 4378 1125 4475 increpuit
1141 4399 1260 4476 genus
1280 4379 1500 4473 humanum,
1523 4386 1565 4454 ut
1585 4378 1718 4454 vitaret
1739 4378 1869 4454 vilium

695 4519 764 4595 pro
789 4519 864 4594 quo
890 4520 989 4574 nunc
1013 4499 1182 4594 portabat
1207 4505 1283 4574 tam
1307 4519 1476 4574 amaram
1495 4518 1657 4594 poenam,
1682 4498 1769 4593 quia
1793 4498 1871 4594 pri-

695 4627 803 4696 vatus
819 4630 900 4697 erat
913 4619 1024 4695 nobili
1040 4619 1180 4695 risione
1197 4619 1405 4694 oculorum.
1424 4619 1517 4695 llicit
1543 4639 1654 4716 ergo:
1674 4623 1872 4694 Perct'ctto
2012 4707 2019 4716 ‚

694 4761 721 4814 n
745 4761 811 4832 mc,
837 4741 977 4836 supple,
1001 4739 1176 4854 *Virgilius
1198 4739 1396 4835 respondit,
1423 4746 1461 4816 et
1491 4739 1600 4814 dixit:
1632 4740 1695 4816 ille
1725 4739 1872 4836 spiritus

693 4859 742 4935 de
766 4859 1015 4955 Romandiola‚
1041 4879 1187 4932 conosce
1209 4863 1238 4932 it
1260 4861 1396 4952 donno
1421 4859 1524 4954 idest,
1549 4880 1710 4956 poenam,
1737 4862 1776 4934 dt
1804 4881 1872 4933 sun

760 5106 787 5170 (¹)
803 5106 835 5158 E.
851 5109 989 5160 mileum·
1253 5109 1282 5172 (ἢ
1298 5109 1330 5162 ll.
1345 5112 1429 5176 tetiglt
1443 5125 1527 5162 nuum
1542 5111 1642 5162 villum.
