4542 6842
699 974 770 1041 unu
1065 980 1268 1038 1111111111
1292 982 1512 1039 nunusronn

697 1126 861 1223 libidinis,
887 1128 1134 1224 exprobrabat
1151 1120 1189 1220 (¹)
1225 1126 1275 1200 illi
1311 1126 1508 1201 barbaram
1541 1127 1798 1203 crudelitatem
1833 1135 1871 1204 11

696 1248 936 1323 inhumanam
955 1248 1155 1342 luxuriam,
1170 1252 1207 1322 et
1221 1246 1430 1321 minabatur
1445 1267 1486 1321 se
1503 1248 1778 1343 propalaturom
1800 1250 1869 1323 hoc

696 1367 878 1443 omnibus.
905 1368 1028 1456 Quare
1048 1367 1198 1461 Tereus,
1220 1366 1381 1441 extincta
1403 1366 1553 1442 flamma
1578 1367 1744 1463 libidinis,
1762 1389 1868 1444 reac-

696 1508 828 1566 census
846 1494 900 1565 est
920 1490 1068 1564 damma
1094 1489 1170 1582 irae,
1190 1495 1229 1563 et
1253 1488 1385 1563 evulsit
1409 1488 1459 1562 illi
1484 1487 1670 1563 crudelius
1688 1488 1866 1585 linguam,

696 1631 808 1705 quam
835 1616 1042 1685 extorserat
1067 1611 1248 1683 honorem
1273 1608 1371 1702 eius;
1398 1596 1482 1703 qum
1507 1608 1633 1705 lingua
1647 1598 1684 1701 (¹)
1712 1609 1864 1686 leriebat

697 1737 834 1807 terram
854 1732 955 1806 velut
976 1731 1100 1825 lingua
1126 1728 1305 1826 serpentis
1329 1736 1535 1824 amputata3
1561 1737 1599 1804 et
1623 1729 1683 1805 illa
1706 1730 1866 1826 dimissa,

697 1871 869 1926 reversus
894 1852 930 1924 in
956 1871 1114 1947 regnum
1140 1849 1316 1925 fallaciter
1348 1849 1452 1923 linxit
1483 1849 1590 1924 uxori
1622 1850 1721 1943 quod
1746 1851 1867 1925 Philo-

697 1972 793 2046 mela
828 1978 974 2045 mortua
1008 1977 1098 2045 erat.
1133 1970 1219 2044 Post
1249 1975 1394 2064 tempus
1425 1969 1637 2063 Philomela,
1663 1970 1762 2064 quod
1794 1992 1867 2045 non

695 2091 813 2185 potuit
838 2091 961 2165 dicere
985 2090 1110 2185 lingua
1136 2088 1279 2185 scripsit
1303 2109 1416 2163 manu
1435 2110 1523 2182 sua;
1544 2110 1629 2163 nam
1656 2092 1774 2165 texuit
1790 2092 1869 2187 pal-

695 2210 783 2283 lium
820 2217 857 2285 et
886 2210 1039 2286 inseruit
1073 2210 1208 2304 literas,
1240 2210 1375 2304 quibus
1403 2209 1619 2305 significavit
1647 2212 1766 2286 sorori
1792 2218 1868 2288 tam

632 2395 637 2404 .
694 2331 884 2428 indignum
912 2332 1062 2407 lacinus.
1081 2332 1144 2407 llla
1161 2332 1335 2408 iniuriata
1350 2332 1477 2405 dolore
1496 2331 1649 2405 accessit
1666 2331 1714 2405 ad
1731 2333 1867 2426 locum,

694 2460 732 2527 et
762 2472 928 2528 sororem
960 2452 1104 2527 occulte
1133 2452 1240 2526 duxit
1269 2452 1317 2527 ad
1351 2452 1491 2548 regiam
1509 2441 1571 2545 (³),
1601 2457 1639 2526 et
1668 2453 1869 2529 Philomela

694 2575 872 2670 plorante,
893 2575 1038 2670 Progne
1054 2572 1158 2666 dixit,
1175 2573 1274 2666 quod
1300 2594 1374 2646 non
1399 2572 1570 2668 lacrymis
1586 2572 1648 2647 sed
1669 2573 1867 2649 terruerat

694 2695 837 2791 agenda
853 2694 1028 2769 vindicta:
1051 2700 1088 2769 et
1104 2694 1195 2767 dum
1214 2694 1329 2767 multa
1352 2692 1557 2768 minaretur
1576 2713 1664 2767 ecce
1679 2693 1752 2790 itys
1769 2694 1864 2769 lilius

694 2814 774 2888 eius
800 2813 998 2888 infantulus
1022 2813 1193 2888 veniebat
1217 2813 1264 2887 ad
1290 2819 1461 2907 matrem,
1491 2812 1555 2907 qui
1586 2814 1746 2888 armarit
1771 2814 1865 2888 illius

570 2940 572 2949 '
695 2934 801 3008 iram.
828 2934 919 3009 Nam
946 2932 1103 3008 crudelis
1129 2942 1251 3010 mater
1274 2932 1352 3006 visu
1378 2931 1464 3026 lilio,
1480 2931 1590 3007 dixit:
1609 2934 1669 3027 ah,
1686 2954 1800 3027 quam
1826 2954 1866 3009 es

695 3052 821 3128 similis
850 3053 964 3149 patrii
993 3060 1030 3129 et
1064 3054 1240 3128 continuo
1269 3052 1371 3127 illum
1402 3060 1550 3148 captum
1582 3054 1695 3127 traxit
1725 3074 1864 3148 secum,

695 3173 798 3249 velut
821 3173 923 3271 tigris
948 3173 1143 3248 cervulum
1173 3178 1356 3267 tenerum,
1383 3174 1421 3248 in
1450 3174 1573 3249 locum
1606 3181 1804 3269 secretum,
1830 3179 1868 3250 et

695 3294 806 3391 irnpie
818 3294 1003 3391 jugulavit
1028 3300 1064 3373 et
1081 3294 1191 3387 coxit,
1212 3294 1505 3369 extremitatibus
1522 3294 1737 3389 reservatis3
1754 3303 1793 3370 et
1811 3296 1868 3371 in-

694 3416 807 3491 vitato
834 3416 965 3489 marito
996 3415 1085 3509 solo,
1111 3402 1257 3507 sicutl²l
1290 3415 1488 3508 aliquando
1523 3416 1673 3510 solebat,
1699 3417 1868 3512 apposuit

694 3537 809 3612 fllium
845 3536 923 3631 sibi,
949 3536 1012 3629 qui
1046 3556 1132 3610 cum
1170 3536 1320 3631 ignarus
1351 3535 1459 3611 avide
1486 3536 1715 3630 comedisset,
1741 3536 1866 3632 petivit

693 3657 787 3754 ltym
813 3658 941 3732 lilium.
968 3658 1070 3730 Tunc
1094 3657 1241 3753 Progne
1265 3675 1338 3730 non
1364 3657 1490 3731 valens
1515 3655 1670 3731 ulterius
1694 3656 1865 3730 dissimu-

693 3780 772 3855 lare
797 3777 959 3853 crudelia
984 3776 1130 3873 gaudie,
1152 3776 1262 3851 dixit:
1279 3776 1398 3864 Quem
1417 3776 1508 3871 petis
1524 3777 1622 3851 intus
1640 3776 1763 3851 babes.
1794 3776 1866 3851 Sed

694 3900 813 3975 Pereo
836 3896 1160 3992 circumspiciente,
1187 3896 1274 3990 quia
1299 3896 1472 3972 credebat
1496 3896 1595 3990 quod
1620 3904 1716 3971 esset
1741 3897 1777 3970 in
1802 3916 1867 3971 ca-

695 4040 812 4113 mera,
844 4026 881 4093 et
918 4024 1107 4112 quaerente
1141 4016 1203 4090 ubi
1239 4023 1334 4091 esset
1366 4016 1449 4112 ltys,
1480 4016 1680 4093 Philomela
1715 4015 1866 4112 proiecit

694 4146 806 4236 caput
830 4138 892 4213 dlii
918 4138 954 4211 in
980 4136 1109 4213 taciem
1135 4136 1261 4231 patris,
1277 4156 1346 4211 nec
1368 4157 1531 4230 unquam
1559 4142 1701 4211 tantum
1728 4136 1866 4232 optavit

695 4260 795 4355 loqui
822 4258 914 4333 sicut
940 4266 1039 4351 tunc,
1065 4264 1107 4331 ut
1131 4264 1253 4352 posset
1279 4276 1489 4331 memorare
1514 4255 1579 4330 sibi
1610 4256 1864 4332 crudelitatem

695 4401 761 4475 pro
795 4379 1020 4453 crudelitate.
1055 4379 1194 4451 Tereus
1228 4381 1362 4451 autem.
1386 4376 1503 4450 lactus
1532 4375 1693 4450 furiosus
1722 4376 1864 4452 abiecta

696 4522 823 4577 mensa
849 4500 1034 4594 voluisset,
1061 4500 1090 4572 si
1116 4497 1303 4593 potuisset,
1330 4516 1505 4571 evomere
1535 4517 1665 4571 carnes
1691 4498 1765 4591 tilii,
1791 4497 1866 4573 cla-

546 4642 550 4651 *
694 4642 801 4697 mans
826 4642 866 4696 se
892 4621 971 4695 lore
996 4616 1208 4713 sepulcrum
1233 4616 1296 4689 lilii
1320 4616 1398 4711 sui3
1425 4623 1463 4691 11
1486 4616 1524 4691 11
1554 4616 1681 4691 lurore
1706 4624 1810 4712 rapto
1826 4609 1863 4711 (⁵)

695 4764 783 4819 ense
804 4739 1096 4837 persequebatur
1113 4758 1196 4832 eas3
1213 4736 1277 4813 sed
1292 4737 1413 4811 ambae
1432 4737 1554 4812 subito
1571 4758 1759 4814 conversae
1779 4746 1867 4813 sunt
1908 4728 1913 4733 ’

756 4970 785 5033 l')
799 4968 825 5020 S.
842 4968 1042 5033 improperabat.
1296 4967 1324 5027 (¹)
1341 4966 1372 5017 Ε.
1388 4966 1475 5029 llngua
1490 4971 1601 5017 extorta.
1662 4960 1666 4967 ’

758 5045 785 5108 1’)
800 5046 826 5096 S·
843 5058 940 5110 regem.
1298 5044 1326 5105 (⁸)
1342 5043 1373 5094 E.
1389 5043 1457 5094 sicut
1472 5047 1531 5095 ante
1546 5043 1654 5094 solebat.

759 5120 786 5185 ζ’)
804 5126 858 5183 117,
875 5126 951 5185 capto
966 5135 1035 5173 ense.
