4542 6842
685 940 762 1008 tto
1049 948 1255 1005 commum
1277 948 1497 1005 rururmrrr

683 1106 763 1173 tum
790 1099 890 1173 uultu
915 1103 972 1172 eet
995 1096 1191 1192 proportio.
1219 1096 1310 1171 otctt
1341 1115 1433 1192 ergo
1463 1092 1675 1169 Ottorisius:
1707 1100 1755 1184 tu,
1789 1091 1865 1166 sci-

683 1218 766 1293 licet
804 1218 952 1311 tientes,
991 1217 1058 1311 qui
1086 1216 1226 1311 appetis
1261 1218 1420 1290 muttum
1456 1212 1630 1312 gloriam,
1664 1214 1723 1285 cte
1757 1215 1861 1306 foma

682 1340 789 1412 corui
806 1333 883 1433 ptri,
909 1338 1012 1433 quasi
1038 1337 1155 1411 dicat:
1182 1356 1314 1432 purum
1339 1337 1422 1431 ptus
1446 1334 1505 1409 vet
1531 1332 1616 1406 mut
1643 1333 1726 1428 ptus
1752 1332 1861 1406 tame

684 1458 852 1552 habebis;
878 1481 918 1531 sc
942 1466 976 1531 tu
1001 1460 1125 1547 scireut,
1147 1456 1250 1550 ideut,
1276 1477 1424 1552 separas
1450 1461 1487 1530 et
1511 1454 1662 1546 (uvidas,
1688 1454 1725 1525 tu
1749 1474 1867 1525 carne

683 1580 820 1653 oecctio
844 1580 892 1650 tiu
917 1584 961 1669 tc,
988 1576 1090 1671 idest,
1116 1576 1146 1649 si
1173 1575 1341 1649 morieris
1359 1576 1396 1648 io
1420 1578 1619 1666 senectute,
1642 1574 1702 1645 cte
1721 1594 1758 1644 se
1771 1574 1866 1666 sossi

683 1706 798 1772 morto
823 1700 910 1771 airzi
932 1700 992 1769 cte
1017 1704 1051 1769 tu
1077 1698 1237 1769 tosciussi
1266 1698 1443 1788 itpuppo
1476 1697 1533 1767 e't
1556 1695 1667 1784 tincti
1694 1692 1797 1785 idest,
1824 1690 1865 1764 iu

684 1817 834 1891 intentio
860 1817 1007 1911 quaudo
1033 1817 1220 1891 nesciebas
1245 1815 1366 1889 adhuc
1391 1814 1565 1909 expedite
1588 1812 1700 1906 toqui,
1727 1818 1764 1887 et
1794 1832 1862 1885 uo·

687 1938 832 2012 minare
847 1957 979 2032 panem
999 1942 1035 2011 et
1053 1936 1257 2011 denarium.
1276 1936 1320 2008 ttt
1340 1936 1409 2009 troc
1429 1934 1530 2009 dieo:
1545 1936 1631 2025 pria
1649 1936 1710 2005 cte
1735 1934 1862 2029 possin

686 2058 768 2130 mitt
778 2059 876 2147 anot,
890 2058 943 2128 ct’
953 2052 974 2129 e*
988 2060 1112 2148 spozio
1128 2051 1190 2147 pu
1206 2062 1305 2129 corto
1330 2077 1359 2128 o
1380 2058 1547 2144 remoto,
1566 2054 1668 2147 idest,
1688 2058 1857 2148 respectu

686 2176 898 2252 eternitatis
929 2176 1087 2269 intinitae,
1113 2180 1225 2249 ctt'tm
1250 2198 1398 2250 muooer
1418 2178 1457 2248 di
1480 2177 1598 2266 uoto,
1619 2174 1721 2267 idest,
1747 2194 1861 2267 quam

686 2320 805 2373 unum
824 2298 959 2372 instans
977 2296 1191 2371 indivisibile
1212 2296 1258 2370 sit
1279 2297 1404 2391 breve,
1423 2299 1465 2369 at
1476 2299 1625 2387 ceretio,
1638 2294 1742 2391 idest,
1756 2294 1865 2387 coeto,

687 2424 747 2494 ote
760 2415 822 2511 pot
843 2421 939 2492 turdi
962 2421 998 2492 in
1020 2420 1104 2491 ciclo
1129 2413 1151 2491 e*
1173 2425 1278 2508 torto,
1296 2417 1399 2509 idest,
1418 2423 1590 2511 respectu
1609 2436 1715 2490 nonae
1733 2436 1863 2511 spere,

635 2584 644 2601 ·
687 2562 771 2635 quae
797 2545 969 2614 movetur
995 2538 1031 2611 iu
1058 2544 1208 2611 centurn
1233 2538 1338 2613 onuis
1357 2560 1431 2613 uno
1448 2538 1577 2635 gredo.
1596 2537 1717 2631 Aliqui
1737 2541 1865 2610 tamen

687 2664 887 2755 exponunt,
912 2657 1012 2752 quod
1037 2662 1144 2753 pocta
1177 2657 1341 2751 iouuitur
1371 2659 1429 2731 tric
1458 2658 1505 2731 de
1539 2658 1678 2732 circuio
1713 2655 1862 2749 zodiaci,

689 2780 751 2875 qui
778 2785 834 2854 est
864 2784 1062 2871 tortuosus,
1095 2778 1159 2852 sed
1185 2778 1270 2852 nihii
1298 2784 1394 2853 oeset
1418 2777 1541 2853 dicere
1566 2778 1640 2872 tric,
1666 2776 1749 2852 ideo
1774 2797 1861 2851 cum

688 2900 784 2993 uicit,
815 2895 836 2973 c*
867 2906 970 2989 tort),
1002 2898 1110 2972 debet
1135 2899 1280 2993 exponi,
1306 2898 1408 2993 idest,
1434 2904 1643 2993 torquetur,
1679 2903 1862 2990 moretur,

690 3019 850 3094 volvitur
875 3018 1111 3093 circulariter.

766 3142 872 3212 Cotti.
898 3138 969 3211 Ista
993 3143 1048 3211 eut
1069 3144 1201 3233 quartu
1219 3143 1256 3213 et
1275 3139 1402 3212 uttime
1420 3160 1505 3233 poro
1522 3137 1714 3235 generatio,
1733 3138 1770 3210 in
1788 3158 1863 3231 qua

688 3265 796 3356 poete
827 3258 996 3333 describit
1031 3258 1147 3331 atium
1179 3258 1347 3353 spiritum
1383 3259 1618 3353 modernum,
1659 3259 1865 3354 superbum

690 3380 831 3455 ratione
855 3385 970 3454 uetus
1002 3386 1038 3454 et
1068 3380 1237 3475 potentie
1263 3380 1485 3475 temporalis,
1514 3386 1556 3453 ut
1586 3380 1753 3455 ostendat
1777 3378 1865 3453 bre·

688 3500 837 3575 ritatem
865 3520 972 3574 vorce
994 3499 1123 3595 gioriae
1148 3500 1184 3571 'm
1209 3520 1266 3574 co.
1292 3499 1346 3573 Ad
1375 3500 1481 3574 curius
1509 3500 1783 3598 iuteffigeutiam
1811 3504 1868 3574 est

688 3620 889 3714 sciendum,
923 3618 1022 3713 quod
1049 3620 1115 3692 iste
1152 3618 1219 3692 tuit
1248 3618 1397 3714 quitiam
1434 3619 1583 3694 nomine
1613 3618 1866 3694 movtnzanus

688 3740 867 3833 Silvanus,
899 3738 1069 3813 dominus
1104 3738 1233 3812 uobitis
1266 3739 1421 3813 civitatis
1455 3738 1651 3834 Seuerum,
1682 3740 1745 3833 qui
1779 3760 1865 3813 cum

688 3864 799 3957 gente
813 3858 907 3955 regis
924 3858 1096 3932 Moutredi
1114 3858 1333 3932 dedititium
1352 3858 1553 3933 terribilem
1568 3860 1778 3933 conflictum
1797 3860 1866 3933 tto-

690 3979 839 4055 rcutinis
864 3979 910 4051 ad
935 3978 1092 4052 ittontem
1120 3980 1309 4073 Apertum,
1336 3978 1382 4052 de
1407 3998 1482 4072 quo
1509 3980 1616 4073 pierre
1639 3978 1778 4053 rictum
1810 3984 1865 4053 est

690 4098 855 4195 mpituiis
868 4098 900 4171 x
913 4105 949 4173 et
962 4098 1093 4172 xxxtt
1105 4100 1250 4174 irrierni.
1264 4099 1329 4173 iirc
1342 4099 1593 4173 Proviozaous
1612 4098 1863 4175 introcurrit

690 4240 776 4295 cum
803 4220 937 4295 comite
962 4218 1128 4293 Guidorre
1151 4218 1302 4293 Novetto
1327 4224 1364 4293 et
1379 4211 1416 4309 (³)
1443 4222 1554 4315 gente
1574 4219 1745 4293 ttauiredi
1766 4220 1866 4295 venit

690 4338 727 4416 in
752 4340 977 4415 ohsidionem
1002 4338 1047 4413 ed
1074 4340 1259 4433 quoddam
1285 4346 1461 4431 castrum,
1479 4339 1580 4433 quoti
1596 4339 1729 4413 dicitur
1751 4340 1866 4435 Cotie,

690 4462 728 4536 iu
759 4460 935 4535 comitatu
967 4460 1178 4553 uoronoae,
1212 4466 1250 4534 et
1283 4458 1410 4532 habuit
1445 4458 1544 4534 mitte
1578 4459 1867 4557 quadringentos

690 4580 833 4675 equites
858 4586 895 4655 et
919 4586 1003 4655 octo
1029 4580 1140 4654 miliia
1162 4579 1337 4674 petitum.
1356 4578 1459 4653 Tunc
1474 4578 1668 4653 Florentiae
1685 4586 1765 4654 erat
1783 4580 1867 4676 qui-

690 4700 776 4775 dam
803 4700 962 4775 vicarius
987 4700 1107 4774 Cureti
1138 4698 1290 4794 Veteris,
1318 4700 1468 4773 nomine
1491 4702 1632 4773 Zannes
1662 4700 1867 4796 Bertotdus,

691 4820 755 4915 qui
781 4840 867 4894 cum
894 4840 961 4894 sua
987 4826 1097 4916 gente
1114 4819 1244 4917 gallicu
1269 4826 1307 4895 et
1327 4819 1528 4894 torentinis
1545 4820 1608 4892 irit
1626 4828 1753 4895 contra
1770 4842 1868 4917 prae-

756 5068 785 5134 (¹)
800 5069 831 5119 E.
848 5075 950 5121 etcum
967 5079 1051 5135 gente.
