4542 6842
714 943 785 1012 396
1074 954 1280 1010 munnae!
1303 951 1525 1010 ruaanmatr

712 1102 828 1198 Ulyxe
858 1101 1016 1196 capituto
1046 1099 1174 1174 xxvii
1202 1098 1348 1174 interni.
1382 1097 1609 1172 sicutenim
1643 1097 1885 1173 Romandinia
2025 1159 2035 1172 ,

713 1222 824 1296 habet
847 1221 971 1314 aiiqua
997 1219 1143 1317 ingenia
1159 1218 1336 1316 angelica,
1354 1217 1403 1292 ita
1420 1217 1531 1292 natet
1549 1217 1673 1311 aiiqua
1692 1216 1882 1292 diaboiiea.

712 1341 797 1416 iden
822 1342 925 1416 dicit:
954 1363 1013 1414 ma
1038 1361 1110 1414 non
1134 1332 1178 1432 si,
1195 1339 1297 1432 idest,
1319 1357 1391 1414 non
1408 1345 1532 1412 tamen
1558 1337 1608 1412 ita
1633 1338 1727 1412 bene
1752 1338 1885 1414 iaciant

712 1462 850 1560 Pagani
872 1483 939 1558 per
965 1466 1123 1538 mortem
1142 1457 1378 1556 Maghinardi
1396 1461 1456 1532 cde
1470 1461 1545 1532 mni
1557 1477 1654 1551 puro
1679 1461 1886 1549 teatimorrio,

713 1583 805 1658 idest
823 1584 920 1657 bona
938 1582 1047 1674 iama,
1060 1585 1229 1672 rimamur
1244 1583 1283 1654 di
1297 1583 1360 1670 ini,
1371 1579 1508 1654 scilieet
1520 1579 1767 1676 Maghinardn,
1779 1582 1818 1654 di
1833 1569 1884 1670 id,

713 1703 849 1778 scilicet
868 1702 904 1775 in
926 1701 1064 1776 mundo
1082 1701 1296 1775 viventium.
1314 1702 1391 1774 Hoc
1407 1699 1490 1774 iden
1506 1699 1605 1794 dicit,
1621 1701 1710 1794 quia
1734 1699 1884 1775 infamia

713 1830 793 1900 erat
822 1824 934 1919 vulgo
967 1823 1013 1896 de
1046 1821 1292 1918 Maghinardn‚
1321 1820 1420 1915 qnod
1454 1820 1531 1915 ipse
1564 1821 1712 1896 tenebat
1741 1826 1883 1916 partem

713 1943 910 2039 guelpham
941 1942 977 2016 in
1007 1941 1149 2032 Tuscia,
1175 1946 1213 2014 et
1240 1940 1475 2037 ghibeiiimm
1500 1939 1538 2013 in
1563 1940 1814 2015 Remandioia.
1840 1941 1884 2014 tt

715 2063 819 2136 istam
847 2060 1032 2136 infamiam
1059 2065 1166 2155 poeta
1193 2060 1277 2134 iacit
1291 2051 1329 2152 (¹)
1355 2059 1573 2153 durabilem,
1594 2061 1712 2135 dnnec
1736 2059 1883 2135 durabit

713 2182 780 2258 iste
798 2181 901 2274 iiber,
914 2180 1001 2274 quia
1017 2180 1106 2253 dixit
1123 2179 1160 2252 in
1178 2179 1321 2254 interno
1337 2177 1385 2254 de
1401 2199 1468 2254 ee:
1481 2181 1541 2253 cte
1557 2187 1652 2252 muta
1665 2188 1770 2272 parte
1785 2183 1886 2254 dada

711 2309 798 2375 state
817 2304 856 2374 at
872 2321 1000 2393 veram
1014 2299 1076 2374 sed
1096 2302 1174 2373 haec
1191 2299 1340 2374 infamia
1356 2319 1446 2374 vere
1466 2300 1535 2374 tuit
1550 2300 1650 2392 feisa,
1667 2301 1763 2376 sicut
1776 2302 1886 2396 piene

712 2421 921 2496 declaratur
931 2412 967 2512 (²)
988 2421 1025 2493 in
1042 2421 1103 2494 iiio
1122 2420 1283 2515 capitulo
1302 2419 1446 2494 inferni.
1468 2421 1560 2493 Nam
1580 2420 1611 2494 si
1628 2421 1885 2517 Maghinardua

712 2541 918 2614 iuiteontra
931 2539 1353 2636 ghibellinnsaiiqnando
1366 2539 1403 2612 in
1416 2539 1581 2615 favorem
1591 2541 1882 2636 florentinorum,

713 2682 760 2737 ex
791 2663 861 2736 hoc
893 2661 1012 2756 potius
1042 2666 1208 2735 meretur
1238 2659 1398 2751 taudem,
1422 2679 1536 2754 quam
1570 2659 1771 2752 infamiam,
1796 2661 1884 2754 qnia

712 2782 869 2858 debebat
893 2782 961 2855 iliis
988 2787 1104 2855 totum
1130 2801 1212 2856 esse
1236 2787 1273 2855 et
1297 2799 1405 2874 posse
1427 2801 1550 2854 snum.
1577 2781 1630 2856 lta
1648 2783 1883 2878 Magninardo

713 2923 786 2978 non
813 2901 988 2976 remansit
1011 2903 1131 2997 proies
1164 2902 1340 2994 mascula,
1371 2900 1436 2976 sed
1469 2901 1639 2994 quanam
1680 2903 1773 2996 diiae,
1799 2923 1883 2997 quae

712 3021 943 3096 intraverunt
968 3021 1004 3096 in
1030 3021 1204 3096 familiam
1236 3020 1509 3095 Ubaidinnrum.
1523 3026 1623 3095 -0
1651 3025 1785 3114 Uoolin.
1817 3023 1882 3098 iiic

712 3139 830 3216 Guido
856 3139 1048 3235 praedietus
1074 3141 1239 3215 nominat
1263 3140 1436 3215 ultimum
1457 3140 1623 3235 spiritum
1648 3141 1696 3216 de
1720 3143 1883 3218 Roman·

711 3259 818 3353 diota,
836 3265 873 3334 et
898 3260 998 3334 iiinm
1026 3260 1246 3354 consolatur,
1264 3260 1351 3354 quia
1371 3281 1446 3334 non
1472 3260 1618 3355 reliquit
1643 3262 1733 3337 tiiins
1758 3283 1805 3338 er
1829 3285 1882 3360 se,

711 3382 774 3476 qui
804 3387 950 3475 possent
979 3381 1236 3478 degenerando
1265 3381 1448 3456 offuscare
1481 3380 1620 3485 samam
1649 3383 1753 3475 eins;
1785 3384 1884 3459 unde

710 3501 944 3596 apostrophat
969 3521 1179 3576 sermonem
1204 3520 1315 3574 snum
1341 3501 1389 3575 ad
1413 3521 1514 3596 eum,
1541 3501 1683 3578 dieens:
1709 3507 1884 3593 Odanda

711 3625 763 3696 ἅθ’
777 3623 923 3694 Fantoii.
951 3621 1021 3694 Iste
1046 3621 1113 3694 tuit
1137 3621 1184 3696 de
1211 3621 1396 3714 Faventia,
1413 3623 1471 3696 vir
1495 3622 1690 3717 singularis
1714 3622 1884 3698 bonitatis

712 3748 749 3818 et
768 3741 983 3837 prudentia,
1008 3743 1036 3814 il
1058 3761 1160 3814 nonae
1185 3749 1257 3832 tuo,
1274 3741 1375 3835 quod
1395 3743 1570 3818 remansit
1593 3742 1641 3818 de
1665 3749 1703 3818 te
1727 3745 1882 3837 ciarum,

711 3859 874 3956 ἐείσατο,
894 3862 1028 3936 seilicet
1052 3863 1100 3936 ab
1125 3861 1286 3955 infamia,
1303 3865 1353 3935 da
1368 3865 1429 3936 cde
1438 3859 1502 3956 niti
1518 3883 1591 3938 non
1609 3867 1798 3956 desuda,
1813 3864 1883 3939 aii-

711 3982 795 4077 quis
820 3983 938 4058 haeres
963 3983 1021 4057 rei
1048 4002 1249 4075 successor,
1274 3985 1328 4055 ciri
1357 3986 1421 4076 sar
1452 3985 1488 4056 id
1513 4005 1625 4076 pmsn
1652 3986 1883 4075 nationem

712 4123 852 4193 arturo,
877 4102 979 4197 idest,
1003 4100 1262 4197 degenerando
1286 4123 1309 4176 a
1336 4121 1425 4176 vera
1457 4101 1604 4196 virtute,
1627 4103 1722 4178 sicut
1753 4103 1883 4179 antidit

712 4223 748 4296 in
775 4223 955 4297 nobilibus
979 4221 1058 4296 aliis
1084 4220 1129 4296 de
1149 4220 1334 4296 Faventia.
1354 4221 1455 4332 Unde
1472 4222 1554 4298 vide
1570 4222 1669 4316 quod
1690 4229 1796 4317 poeta
1814 4245 1883 4299 ne·

712 4348 787 4418 ster
804 4347 977 4438 posuerat
993 4341 1085 4416 duos
1104 4340 1243 4415 nnbiies
1259 4340 1305 4414 de
1320 4340 1494 4416 Faventia
1509 4342 1545 4414 in
1563 4342 1698 4438 glacie:
1718 4343 1775 4418 iric
1793 4363 1882 4420 vern

710 4460 756 4536 ad
785 4460 1034 4536 redimendam
1060 4459 1248 4534 infamiam
1275 4460 1440 4536 nominat
1463 4461 1556 4536 duos
1577 4460 1737 4557 plebeios
1762 4463 1881 4540 iamn-

710 4603 780 4658 sns.
806 4583 852 4654 itt
875 4582 934 4656 hie
959 4588 1057 4675 nota,
1078 4581 1178 4675 qued
1203 4587 1311 4675 poeta
1336 4580 1464 4660 nobilis
1490 4582 1628 4656 nuliam
1654 4582 1881 4677 provinciam

709 4701 756 4776 de
787 4701 924 4776 mundo
954 4706 1096 4774 tantum
1130 4700 1323 4774 honoravit
1353 4706 1535 4794 quantum
1564 4701 1696 4796 istam3
1722 4725 1808 4778 nam
1841 4705 1882 4780 in

711 4821 777 4896 isto
806 4821 936 4896 eodem
970 4821 1128 4916 capituto
1156 4820 1366 4894 describens
1396 4820 1622 4916 provinciam
1656 4828 1693 4896 et
1722 4824 1878 4917 patriam

772 5073 800 5136 (¹)
817 5075 871 5132 ttr,
887 5071 957 5124 fecit.
1259 5069 1287 5132 (Ἴ
1304 5075 1359 5131 tit,
1373 5070 1513 5123 declarat.
