4542 6842
696 858 766 923 524
1057 866 1263 923 COMENTUM
1287 868 1508 923 runetronu

694 1036 805 1090 mam.
823 1014 926 1089 Unde
943 1014 1046 1089 dicit:
1065 1016 1093 1087 s'
1105 1018 1141 1088 io
1157 1016 1296 1087 atomo
1321 1034 1347 1086 a
1370 1018 1506 1107 compir
1522 1018 1557 1088 to
1577 1018 1728 1088 commin
1752 1022 1865 1108 corto,

692 1134 784 1211 idest
799 1128 848 1229 (⁴),
875 1140 1043 1209 revertar
1067 1134 1113 1208 ad
1140 1132 1321 1207 mundum
1347 1132 1395 1207 ad
1418 1134 1670 1231 peragendum
1692 1135 1779 1208 illud
1807 1155 1868 1209 re-

694 1254 836 1351 liquum
863 1255 946 1330 vitae
972 1254 1071 1350 quod
1101 1251 1191 1327 mibi
1225 1260 1349 1348 restat,
1377 1254 1476 1350 quod
1509 1259 1564 1329 est
1595 1254 1866 1350 brevissimum,

695 1375 779 1451 licet
804 1377 972 1451 videatur
997 1376 1171 1473 longum3
1197 1375 1279 1450 ideo
1304 1374 1407 1450 dicit:
1427 1378 1466 1449 di
1484 1379 1598 1468 quoda
1618 1380 1703 1468 otto,
1720 1377 1868 1472 scilicet,

695 1496 898 1591 temporali,
916 1499 967 1569 ct’
981 1500 1020 1569 at
1038 1498 1182 1569 termine
1206 1498 1302 1586 oola,
1320 1495 1422 1590 idest,
1438 1496 1485 1569 ad
1513 1502 1671 1572 mortem
1697 1497 1870 1573 citissime

694 1617 822 1693 currit.
838 1623 943 1691 -Et
966 1620 1031 1691 elli.
1050 1617 1115 1691 Hic
1133 1623 1241 1712 poeta
1263 1617 1365 1711 ponit
1387 1616 1659 1712 responsionem
1678 1618 1773 1692 illius
1788 1617 1871 1692 ani-

695 1759 778 1812 mae.
804 1739 849 1812 Et
873 1738 920 1813 ad
944 1737 1132 1812 sciendum
1159 1736 1346 1830 quomodo
1370 1742 1478 1832 poeta
1498 1737 1599 1832 J'ustc
1623 1729 1800 1814 movetur
1821 1739 1870 1814 ad

695 1859 940 1934 damnandam
972 1858 1077 1933 istam
1111 1857 1274 1952 stirpem,
1309 1863 1365 1931 est
1399 1857 1517 1952 primo
1549 1856 1869 1955 considerandum,

695 1980 806 2073 quod,
832 1980 926 2053 sicut
950 1978 987 2053 in
1012 1976 1231 2072 quibusdam
1262 1976 1442 2053 chronicis
1474 1977 1666 2051 memorie
1692 1979 1869 2055 traditum

695 2100 889 2195 reperitur,
916 2119 962 2173 ex
987 2096 1164 2195 progenie
1187 2116 1368 2194 generosa
1393 2095 1580 2170 clarissimi
1603 2097 1721 2171 Caroli
1747 2100 1869 2197 Magni

694 2222 799 2295 multi
839 2240 945 2317 reges
983 2225 1234 2316 regnaverunt
1266 2209 1303 2291 ib
1334 2216 1449 2291 Gallia
1479 2237 1546 2313 per
1574 2217 1699 2292 secula
1731 2219 1870 2314 multa3

695 2342 758 2417 sed
784 2362 870 2415 cum
899 2339 1044 2415 tandem
1073 2337 1308 2413 remansisset
1325 2337 1362 2410 in
1379 2357 1494 2433 regno
1512 2357 1559 2411 ex
1576 2336 1761 2413 Ludovico
1779 2358 1869 2435 rege

695 2462 815 2536 solum
841 2460 990 2556 quidam
1017 2457 1175 2556 pupillus
1201 2478 1276 2532 non
1301 2456 1454 2531 idoneus
1477 2477 1593 2553 regno
1623 2464 1772 2554 propter
1796 2459 1868 2533 im·

696 2579 927 2657 becillitatem
945 2578 1073 2672 aetatis,
1091 2578 1199 2673 Hugo
1217 2577 1497 2672 cognominatus
1517 2576 1691 2674 Ciapetta,
1709 2599 1868 2675 magnus

697 2700 801 2795 regni
826 2700 1067 2793 senescalcus,
1086 2697 1122 2770 in
1144 2696 1250 2772 cuius
1267 2696 1438 2773 manibus
1455 2717 1524 2773 rer
1541 2705 1789 2792 premortuus
1807 2720 1869 2775 re·

697 2817 856 2914 liquerat
880 2819 1042 2894 habenas
1060 2817 1176 2915 regni,
1193 2825 1323 2913 captus
1342 2837 1440 2891 caeca
1457 2816 1653 2914 cupiditate
1679 2817 1866 2915 regnandi,
1945 2840 1951 2850 ·

697 2938 802 3034 pueri
828 2938 900 3013 iata
925 2938 1114 3033 prevenit,
1139 2943 1177 3012 ct
1207 2937 1258 3011 sic
1283 2936 1367 3011 dolo
1393 2936 1491 3011 malo
1521 2938 1688 3033 pervenit
1715 2937 1763 3011 ad
1788 2958 1870 3013 scc-

697 3067 833 3156 ptrum.
860 3059 927 3133 Alii
953 3064 1077 3133 mmen
1102 3058 1279 3152 scribunt,
1305 3057 1404 3152 quod
1420 3058 1540 3154 llugo,
1557 3057 1729 3133 defuncto
1745 3058 1868 3133 Ludo-
1969 3074 1974 3092 ‘

674 3266 677 3273 Δ
697 3181 778 3257 vico
796 3180 825 3253 V
851 3180 928 3254 sine
949 3178 1082 3272 liberis,
1101 3177 1234 3252 francis
1259 3178 1458 3253 transferre
1479 3179 1684 3253 volentibus
1710 3199 1866 3275 regnum

696 3301 743 3376 ad
759 3299 932 3375 Carolum
950 3299 1084 3374 ducem
1101 3298 1345 3395 Lotbaringiae
1362 3304 1537 3396 patruum
1555 3300 1668 3394 ipsius
1683 3299 1869 3394 ludovici,

698 3420 887 3516 usurpavit
913 3440 1083 3517 regnum,
1109 3425 1146 3493 et
1172 3418 1345 3493 Carolum
1370 3439 1458 3493 cum
1476 3417 1556 3493 ultis
1578 3419 1672 3494 mori
1690 3419 1784 3494 lecit.
1802 3419 1871 3493 ntti

697 3546 821 3617 tamen
846 3540 952 3615 aliter
977 3538 1143 3615 colorant
1168 3538 1264 3613 istud
1289 3539 1448 3634 iactum,
1466 3547 1504 3615 et
1520 3546 1627 3636 poeta
1653 3546 1777 3615 noster
1802 3541 1870 3614 bo-

698 3660 836 3737 nestius
862 3660 1025 3755 loquitur
1055 3659 1101 3734 de
1129 3659 1199 3734 bac
1225 3680 1267 3732 rc
1295 3659 1479 3734 subticens
1510 3660 1684 3734 infamem
1716 3658 1869 3738 modum

698 3780 936 3878 promotionis
960 3780 1144 3879 lingonis:
1170 3784 1208 3855 et
1232 3778 1318 3854 dicit
1350 3787 1505 3875 tantum,
1532 3779 1629 3874 quod
1659 3781 1766 3878 lingo
1791 3779 1869 3855 sui-

697 3901 815 3998 iragio
832 3901 990 3976 tortunae
1007 3906 1044 3975 et
1062 3900 1188 3975 lavore
1208 3899 1414 3973 amicorum
1432 3899 1593 3975 ascendit
1612 3899 1761 3975 culmen
1779 3900 1869 3975 tanti

566 4092 568 4097 .
699 4021 802 4119 regni
829 4042 875 4095 ex
902 4019 1112 4095 macellaria
1136 4017 1250 4115 patris
1282 4019 1445 4114 taberna,
1471 4018 1579 4094 cuius
1607 4018 1868 4095 descendentes

698 4140 808 4237 longo
833 4140 961 4215 ordine
985 4146 1259 4233 successerunt,
1277 4159 1439 4232 quorum
1456 4139 1566 4233 aliqui
1584 4160 1650 4235 per
1674 4140 1866 4215 avaritiam

697 4268 733 4335 et
761 4260 999 4336 ambitionem
1032 4260 1149 4334 multa
1182 4260 1278 4334 mala
1309 4258 1488 4352 iecerunt,
1517 4259 1563 4333 de
1594 4260 1729 4353 quibus
1760 4266 1869 4356 poeta

696 4382 865 4477 quedam
880 4403 997 4478 pauca
1014 4379 1177 4456 breviter
1193 4371 1464 4476 ercongettae
1479 4380 1622 4455 literam
1641 4401 1731 4478 ergo
1748 4380 1868 4477 primo

695 4502 791 4596 dicit,
806 4502 903 4596 quod
921 4502 981 4577 ille
1000 4501 1184 4576 recusavit
1201 4498 1410 4575 mercedem
1429 4499 1497 4574 sibi
1514 4500 1750 4596 promissam:
1770 4499 1868 4577 unde

695 4620 799 4695 dicit:
826 4627 871 4695 Et
900 4624 969 4708 etti,
994 4621 1140 4714 scilicet,
1175 4620 1282 4717 Hugo
1318 4620 1520 4717 respondit:
1550 4625 1592 4695 Io
1607 4618 1650 4695 ‘ti
1677 4613 1771 4713 dird,
1796 4620 1868 4696 sci-

696 4740 788 4835 licet,
817 4742 898 4836 quis
924 4741 1069 4835 luerim,
1095 4746 1256 4832 mon'pcr
1280 4743 1440 4834 conforto
1465 4743 1564 4814 ct'io
1589 4744 1731 4815 edendo
1754 4744 1793 4816 di
1816 4732 1867 4834 tt,

762 5000 789 5063 (¹)
805 4999 836 5049 ll.
853 4998 917 5049 idest
933 5000 953 5051 si
969 4993 1086 5052 revertar
1102 5001 1134 5051 rd
1150 5000 1256 5051 domum
1274 5000 1305 5050 ad
1321 5002 1506 5065 peragendum.
1609 4998 1637 5064 (¹)
1654 5001 1685 5051 Ε.
1702 5002 1836 5067 contingit.
