4542 6842
825 973 963 1031 omnus
987 975 1131 1036 ruimus.
1518 965 1564 1032 lt

391 1139 477 1193 cum
504 1118 609 1193 dicit:
635 1122 673 1192 L'
687 1138 801 1212 ucouc
825 1121 925 1192 olt'to
945 1122 1084 1214 prendo
1109 1123 1281 1212 uiummut
1303 1143 1376 1195 noo
1399 1125 1431 1196 ui
1454 1143 1564 1196 corso.

391 1239 436 1314 Et
460 1245 611 1334 accepto
638 1259 713 1313 uno
739 1238 886 1313 illorum
908 1239 1109 1334 juncorum
1135 1240 1306 1336 Virgilius
1331 1242 1443 1316 cinxit
1467 1243 1566 1317 llan-

391 1365 479 1453 tem,
496 1358 596 1433 unde
612 1358 715 1433 dicit:
733 1362 826 1451 quior·
842 1362 890 1431 mi
914 1362 1006 1432 cluse
1030 1353 1060 1433 sl
1085 1363 1173 1434 com'
1185 1364 1293 1435 altrat
1311 1365 1473 1455 piaeque,
1494 1363 1566 1437 sci-

391 1481 488 1572 licct,
505 1478 653 1573 Catoni3
672 1484 710 1552 et
725 1477 934 1574 prorumpit
954 1479 991 1552 in
1012 1480 1317 1555 exclamationem
1336 1502 1383 1556 ex
1409 1482 1565 1556 mirabili

391 1599 537 1694 ellectu,
564 1598 629 1694 qui
663 1599 783 1674 subito
813 1606 917 1674 ortus
943 1605 998 1674 est
1029 1619 1077 1674 ex
1110 1599 1302 1675 avulsione
1331 1600 1426 1674 illius
1450 1601 1566 1696 junci,

392 1720 535 1795 dicens:
562 1741 598 1812 o,
624 1719 725 1815 idest,
751 1719 844 1814 dico,
870 1723 1098 1812 mauoiyliul
1123 1719 1226 1816 idest,
1252 1742 1333 1796 rem
1358 1721 1564 1797 mirandam
1659 1774 1664 1783 ·

270 1897 271 1900 κ
392 1840 510 1934 valde,
528 1843 587 1914 cle
604 1843 626 1914 l
635 1843 738 1914 umile
753 1843 891 1932 pionte
909 1839 1055 1934 scilicet,
1069 1840 1217 1935 juncus,
1236 1841 1300 1935 qui
1317 1841 1412 1916 bene
1431 1841 1566 1937 figurat

392 1959 650 2054 humilitatem,
687 1962 719 2032 si
753 1963 922 2052 nouoque
953 1960 1175 2034 sumomonte
1199 1951 1236 2033 to
1260 1964 1352 2034 onde
1383 1965 1420 2035 lo
1444 1965 1565 2054 soelse,

392 2082 496 2176 idest,
512 2082 550 2156 in
572 2081 703 2156 eodem
728 2080 817 2155 limo
842 2081 954 2175 molli,
975 2081 1084 2176 juxta
1109 2080 1288 2176 impetum
1319 2103 1440 2177 aquae,
1467 2081 1567 2156 unde

393 2202 527 2278 evulsit
550 2201 678 2296 ipsam,
705 2203 798 2274 cour
821 2203 923 2298 quale
947 2199 1016 2292 ooli
1038 2204 1155 2292 stoue,
1181 2201 1284 2295 idest,
1310 2202 1390 2276 talis
1416 2203 1564 2297 qualem

392 2323 468 2418 ipse
499 2321 638 2417 selegit,
664 2320 767 2415 idest,
792 2340 960 2394 seorsum
988 2320 1110 2416 elegit,
1136 2320 1224 2414 quia
1249 2321 1384 2396 scilicet
1415 2329 1566 2396 renatus

392 2450 449 2518 est
471 2443 566 2516 alter
586 2441 724 2536 juncus
749 2460 856 2535 aeque
886 2463 1035 2536 parvus,
1063 2440 1197 2536 viridis,
1224 2442 1360 2536 enodis,
1386 2442 1565 2536 flexibilis,

392 2562 527 2637 docens
544 2559 761 2635 accedentes
777 2558 824 2634 ad
840 2560 1090 2654 poeniteutiam
1109 2560 1245 2636 debere
1258 2561 1433 2638 inclinare
1445 2562 1565 2657 capita
1710 2565 1713 2570 ’

393 2703 461 2756 sua
478 2689 516 2756 et
532 2680 727 2755 humiliare
743 2680 855 2755 corda
872 2701 950 2754 sua.
969 2680 1040 2754 Per
1057 2681 1127 2754 hoc
1152 2686 1279 2756 autem
1305 2681 1442 2778 figurat
1461 2681 1562 2777 quod

394 2822 441 2877 ex
458 2821 534 2875 uno
551 2805 635 2874 actu
654 2799 868 2874 humilitatis
888 2799 1050 2874 nascitur
1070 2800 1175 2895 alius,
1193 2807 1230 2875 et
1255 2802 1372 2877 virtus
1392 2807 1446 2877 est
1463 2822 1567 2876 com-

394 2919 516 2995 munis
541 2918 699 2994 offerens
724 2939 764 2993 se
796 2919 997 3015 unicuique
1025 2921 1162 2995 volenti
1196 2941 1280 2996 eam
1312 2921 1494 3017 amplecti,
1529 2927 1567 2996 et

394 3039 661 3116 transfunditur
678 3059 725 3114 ex
743 3060 818 3114 uno
842 3039 880 3113 in
896 3040 1023 3133 alium,
1042 3060 1109 3115 uec
1127 3041 1253 3137 recipit
1272 3042 1564 3117 diminutionem.

394 3163 471 3236 lloc
486 3167 612 3236 autem
630 3164 822 3254 acceptum
850 3165 906 3234 est
930 3160 1115 3256 aVirgilio
1128 3161 1174 3236 lll
1193 3162 1359 3257 Eneidos,
1374 3162 1437 3236 ubi
1457 3161 1565 3236 dicit:

390 3285 509 3376 primo
533 3283 655 3354 uacuo
679 3300 752 3352 non
775 3281 888 3372 defiat
912 3283 1001 3354 ulter
1030 3286 1167 3355 Aurem
1192 3290 1226 3356 et
1246 3285 1351 3356 mnudi
1371 3284 1568 3377 frondescit

393 3405 498 3496 urna
522 3404 669 3476 nutollo.
696 3400 773 3474 lloc
797 3399 893 3496 dicit,
920 3401 1006 3495 quia
1033 3408 1172 3495 quanto
1193 3403 1310 3499 magis
1330 3409 1566 3498 exercentur,

393 3529 495 3598 tanto
512 3521 630 3619 magis
646 3526 885 3596 succrescunt
901 3526 938 3596 et
954 3520 1150 3617 proliciunt
1168 3523 1322 3599 virtutes
1339 3530 1376 3598 et
1396 3523 1565 3598 scientiae.
