4542 6842
778 1008 919 1064 caurus
941 1009 1138 1066 sncuuous.
1495 997 1541 1070 tt

367 1157 453 1254 quia
486 1177 561 1232 non
593 1161 736 1259 ppterat
772 1155 896 1231 videre
927 1156 1057 1232 taciem
1092 1177 1200 1232 suam
1234 1156 1331 1232 sicut
1367 1156 1541 1250 aliorum,

367 1286 490 1354 emen
525 1277 620 1352 bene
650 1275 829 1352 sentiebat
857 1275 1113 1352 alterationem
1144 1296 1263 1351 suam.
1294 1277 1338 1350 Et
1367 1298 1443 1352 non
1473 1277 1544 1354 mi·

367 1397 459 1476 reris
484 1397 515 1472 si
539 1403 650 1472 autor
675 1395 724 1470 ita
749 1397 973 1492 stupetactus
999 1403 1065 1490 ost,
1087 1397 1175 1492 quia
1200 1397 1268 1471 iste
1292 1404 1375 1472 erat
1399 1397 1542 1492 primus

368 1526 538 1593 mortuus
563 1537 676 1612 quem
703 1535 868 1610 unquam
895 1516 1016 1592 luerat
1045 1516 1250 1610 amplexus,
1272 1510 1401 1608 pereto*
1427 1520 1542 1590 toro·

366 1639 434 1710 bra
458 1639 604 1727 sarrire,
628 1636 675 1711 de
700 1635 929 1730 simplicitate
954 1643 1072 1730 poetae
1096 1637 1161 1731 qui
1182 1637 1346 1711 tentabat
1370 1638 1541 1732 amplecti

367 1758 530 1833 animam
557 1763 775 1852 separatam,
792 1755 887 1830 sicut
904 1757 991 1830 olim
1009 1756 1150 1831 solebat
1167 1755 1289 1830 iacere
1309 1776 1446 1850 corpus
1463 1757 1544 1831 ani·

368 1884 525 1972 matum,
551 1899 569 1950 o
592 1880 624 1950 si
647 1879 808 1967 waste,
834 1875 970 1952 scilicet
998 1875 1271 1970 aliquantulum
1295 1898 1318 1950 a
1347 1897 1408 1952 me
1441 1884 1543 1952 retro

367 2019 408 2074 se
434 1997 555 2091 traxit,
581 2003 614 2070 et
635 1999 671 2070 io
696 1999 870 2088 sequendo
894 1998 951 2087 ot,
979 1987 1121 2070 tantum
1145 2004 1327 2090 quantum
1346 1997 1407 2071 illa
1423 2017 1465 2072 se
1481 2017 1545 2072 re-

369 2118 549 2208 trahebat,
575 2120 663 2190 oltre
687 2119 736 2189 mi
756 2119 863 2209 ptest,
889 2115 991 2210 idest,
1012 2117 1178 2212 protraxi
1204 2128 1266 2192 me
1291 2138 1423 2192 versus
1446 2139 1543 2192 eam.

368 2279 417 2294 -
430 2244 662 2312 soaoemente.
689 2237 754 2310 llic
780 2244 885 2332 poeta
911 2237 1068 2313 ostendit
1098 2239 1286 2331 quomodo
1317 2259 1546 2338 recognove-

371 2360 416 2434 rit
429 2353 467 2452 (¹)
495 2359 606 2434 istum
632 2357 800 2453 spiritum
825 2358 872 2432 ad
897 2359 1083 2453 loquelam
1108 2359 1252 2434 dicens:
1271 2368 1310 2434 et
1326 2361 1386 2436 illa
1407 2362 1544 2456 anima,

367 2486 597 2569 soooemmte,
622 2479 716 2554 sicut
742 2478 922 2552 habuerat
947 2498 1100 2554 suarem
1131 2500 1261 2554 vocem
1293 2479 1331 2554 in
1360 2481 1544 2575 loquendo

369 2611 406 2679 et
430 2603 622 2696 cantando,
649 2603 740 2675 dbse
764 2603 863 2674 cb'io
883 2621 1044 2694 potasse,
1065 2603 1152 2696 quia
1179 2602 1315 2678 lrustra
1335 2593 1542 2696 conabar(²)

369 2723 540 2819 amplecti
564 2742 661 2816 eam,
686 2724 781 2796 altor
805 2722 951 2796 corvobbi
974 2724 1029 2796 old
1052 2743 1130 2813 ero,
1148 2722 1198 2795 ita
1216 2722 1313 2816 quod
1331 2744 1443 2816 quem
1469 2743 1545 2802 nou

369 2863 618 2941 cognoveram
645 2863 692 2918 ex
718 2849 913 2938 conspectu
930 2833 966 2936 (³)
994 2843 1151 2940 cognovi
1176 2863 1223 2918 ex
1248 2844 1406 2939 loquela,
1424 2867 1546 2938 epre-

370 2968 434 3057 poi
456 2966 516 3051 clte
535 2985 604 3056 per
625 2966 805 3056 portorntt'
834 2983 881 3035 tur
908 2983 999 3056 poco
1030 2966 1282 3055 r'arrestosse,
1307 2964 1394 3058 quia
1424 2965 1546 3042 iuerat

372 3084 461 3158 mibi
487 3103 597 3158 carus
621 3090 659 3158 et
683 3081 869 3156 familiaris
895 3082 932 3155 in
958 3083 1042 3157 vita.
1071 3084 1115 3156 Et
1140 3083 1241 3177 ponit
1269 3085 1545 3178 responsionem

371 3203 477 3298 illius,
510 3201 656 3276 dicens:
691 3203 887 3294 ra‘sporemt,
921 3201 1044 3275 anima
1081 3202 1264 3297 praedicta,
1301 3201 1373 3276 cosi
1410 3207 1546 3276 com'io

370 3326 505 3396 tumet
528 3326 586 3396 ael
601 3325 732 3396 mortol
748 3343 869 3416 corpo,
891 3321 1027 3396 scilicet
1049 3321 1086 3395 in
1103 3322 1223 3416 prima
1241 3322 1325 3415 vita,
1343 3315 1414 3396 cosi
1433 3327 1546 3397 tamo

370 3447 506 3534 soolto,
532 3443 635 3538 idest,
661 3445 780 3518 soluta
806 3448 843 3517 et
868 3450 1084 3538 separatae
1115 3463 1251 3536 carue5
1272 3437 1363 3535 perd
1387 3447 1547 3518 m'orre·

370 3557 485 3658 sord;
502 3571 538 3639 et
556 3564 667 3658 petit:
687 3585 745 3636 mo
763 3569 798 3636 tu
809 3559 939 3656 percae*
953 3565 1039 3634 voi?
1055 3562 1160 3655 quasi
1177 3561 1289 3636 dicat:
1308 3562 1371 3636 sed
1391 3570 1430 3637 tu
1448 3564 1547 3638 llan-

373 3692 438 3779 tos,
464 3705 582 3779 quaro
607 3684 713 3758 vivus
739 3683 825 3758 iacis
851 3683 947 3756 istud
972 3682 1133 3758 itertEt
1153 3688 1260 3776 poeta
1285 3682 1480 3776 respondet
1494 3672 1546 3778 ζ’),

372 3805 557 3901 appellans
582 3824 670 3880 eum
698 3802 846 3878 nomine
872 3803 1019 3897 proprio
1043 3822 1090 3876 ex
1119 3822 1254 3897 magna
1277 3803 1482 3898 allectione,
1509 3812 1547 3881 et

373 3927 476 4004 dicit:
507 3927 643 4000 casada
668 3927 747 4000 mio.
776 3923 828 3997 Ad
854 3924 952 4017 quod
977 3922 1167 3998 sciendum
1193 3924 1292 4017 quod
1310 3923 1378 3998 iste
1399 3925 1547 4018 spiritus

374 4068 461 4123 cum
487 4067 562 4141 quo
587 4052 698 4122 autor
724 4051 800 4118 tam
830 4044 1068 4118 amicabiliter
1098 4043 1263 4137 loquitur
1297 4045 1365 4118 suit
1395 4045 1545 4139 quidam

373 4189 465 4243 suus
489 4166 704 4242 llorentinus
728 4165 877 4240 nomine
903 4165 1055 4259 (asella,
1073 4165 1136 4258 qui
1154 4164 1220 4238 luit
1237 4165 1400 4238 famosus
1418 4173 1548 4240 cantor

376 4296 543 4383 tempore
576 4308 657 4381 suo,
691 4286 748 4362 vir
779 4285 928 4379 quidem
964 4284 1121 4379 curialis,
1156 4284 1322 4379 allabilis,
1353 4287 1401 4360 ad
1435 4307 1545 4381 quem

374 4409 510 4484 Dantes
542 4427 639 4503 sepe
669 4407 807 4482 solebat
839 4405 1016 4480 accedere
1051 4405 1088 4479 in
1119 4406 1193 4480 vita
1223 4407 1270 4480 ad
1302 4408 1547 4482 recreandum

374 4529 542 4624 spiritum
574 4535 684 4604 cantu
712 4527 819 4622 illius,
846 4525 994 4620 quando
1023 4533 1103 4600 erat
1135 4526 1307 4623 fatigatus
1331 4527 1462 4621 studio,
1490 4529 1548 4603 vel

374 4648 582 4723 stimulatus
607 4649 774 4745 passione
799 4647 947 4723 amoris.
976 4647 1062 4722 ldeo
1094 4654 1203 4742 poeta
1232 4647 1430 4722 introducit
1459 4669 1546 4724 eum

374 4771 444 4864 bic,
471 4770 558 4866 quia
584 4771 742 4844 multum
768 4769 853 4845 iacit
877 4769 925 4843 ad
951 4768 1179 4864 propositum
1204 4790 1328 4863 suum,
1355 4776 1396 4842 ut
1424 4771 1547 4844 statim

376 4893 521 4970 videbis.
548 4893 623 4968 Nec
647 4891 757 4984 dicae,
783 4890 877 4964 sicut
901 4889 1023 4963 audivi
1049 4889 1096 4962 ab
1122 4889 1316 4983 aliquibus,
1335 4890 1439 4964 multi
1466 4890 1549 4966 iue-

437 5077 465 5143 (Ἰ
483 5084 535 5140 1¹7,
552 5083 748 5142 recognoverat.
951 5072 979 5138 (¹)
995 5077 1026 5127 E.
1042 5077 1193 5127 conabatur.

439 5157 465 5220 (⁸)
482 5157 508 5206 S.
524 5161 639 5220 aspecta.
953 5155 980 5219 (³)
996 5155 1027 5206 Ε.
1044 5155 1186 5219 respondit.
