4542 6842
678 1052 689 1069 '
834 974 974 1031 CANTUS
998 976 1129 1031 NONUS·
1492 963 1563 1029 257

393 1120 571 1198 sentiente
597 1130 638 1197 ut
663 1128 906 1217 acceptarent,
924 1121 1006 1197 alie
1030 1122 1214 1219 eligebant
1230 1120 1340 1215 irisia,
1362 1122 1444 1197 aliae
1460 1134 1565 1219 cym-

392 1243 487 1339 bala,
523 1244 581 1319 vel
614 1242 743 1319 similia
772 1242 906 1338 jocalia
942 1242 1162 1338 pertinentia
1192 1243 1240 1318 ad
1271 1242 1469 1337 mulieres,
1499 1242 1563 1317 sed

391 1364 492 1439 ierus
512 1362 666 1439 Achilles
688 1362 814 1437 videns
839 1363 1007 1459 clypeum
1029 1362 1291 1457 splendentem,
1308 1361 1346 1436 in
1363 1384 1439 1458 quo
1459 1370 1564 1437 eraut

392 1483 532 1578 sculpta
549 1482 712 1557 crudelia
728 1481 871 1577 proelia,
891 1480 1101 1577 applicitum
1120 1482 1183 1555 uui
1200 1482 1325 1577 hastae,
1342 1502 1454 1575 quem
1475 1482 1564 1580 Uly-⁴

392 1622 457 1679 xes
477 1602 523 1677 de
539 1601 717 1677 industria
733 1601 871 1676 iecerat
886 1600 1022 1694 atierri,
1040 1600 1240 1695 intremuit,
1261 1621 1330 1677 nec
1346 1602 1560 1677 mandatum

392 1731 616 1817 maternum,
633 1741 702 1797 uec
719 1722 884 1795 occultus
906 1741 1013 1796 amor
1029 1720 1227 1796 Deidamia
1247 1722 1422 1797 remansit
1438 1722 1476 1795 in
1496 1732 1563 1817 eo'3
1610 1702 1613 1707 ’

393 1844 456 1921 sed
473 1843 579 1919 Troia
597 1848 678 1918 erat
694 1842 732 1915 in
753 1846 899 1936 pectore
917 1846 1003 1937 toto,
1018 1847 1055 1915 et
1070 1834 1107 1933 (¹)
1131 1842 1427 1938 appropinquans
1445 1844 1565 1940 magis

392 1964 438 2041 ad
464 1964 644 2061 clypeum,
670 1962 795 2037 ridens
820 1961 922 2035 sein
951 1961 1013 2035 illo
1044 1961 1190 2035 horruit
1213 1968 1252 2036 et
1275 1962 1434 2037 eruhuit.
1462 1963 1564 2037 lunc

392 2085 525 2181 Ulyxes
550 2082 844 2178 appropinquans
876 2080 937 2174 illi,
963 2080 1076 2155 dixit:
1102 2080 1197 2169 Quid
1222 2081 1395 2157 dubitas?
1419 2082 1565 2157 Scimus

393 2203 561 2299 quises:
588 2201 728 2277 Graecia
753 2208 817 2277 tua
842 2206 1009 2296 expectat
1040 2206 1079 2276 te
1109 2200 1221 2298 siguis
1245 2201 1445 2297 suspensis:
1472 2222 1563 2298 ergo
1637 2300 1639 2303 Ι

295 2376 301 2387 .
392 2342 525 2418 rumpe
549 2344 674 2398 moras
697 2321 883 2397 audacter.
908 2322 988 2395 Iam
1014 2321 1169 2397 Achilles
1193 2323 1381 2418 aperiebat
1405 2322 1471 2396 sihi
1498 2342 1564 2397 re·

392 2448 485 2519 stem
503 2464 525 2517 a
545 2449 693 2537 pectore
713 2448 755 2515 ut
774 2462 814 2517 se
828 2433 864 2535 (ἢ
883 2442 1065 2537 spoliarat.
1085 2444 1187 2517 Tunc
1206 2443 1352 2518 tubicen
1369 2434 1406 2536 (³)
1424 2443 1562 2539 Ulyris,

392 2562 486 2639 sicut
511 2568 591 2638 erat
617 2561 831 2637 mandatum
857 2562 936 2657 sihi,
956 2562 1067 2657 coepit
1088 2563 1229 2637 sortiter
1249 2564 1396 2657 pulsare
1422 2564 1562 2657 tubam,

392 2690 430 2761 et
455 2682 630 2757 continuo
655 2701 783 2756 omncs
807 2682 940 2777 puellae
964 2683 1100 2757 territa
1117 2682 1334 2778 refugerunt
1351 2704 1481 2759 versus
1498 2704 1565 2779 pa·

394 2811 502 2903 trem.
529 2800 684 2877 Achilles
708 2808 835 2876 autern
861 2801 1003 2877 abiecta
1028 2808 1131 2877 reste
1152 2802 1392 2898 apprehendit
1415 2812 1562 2878 scutum

393 2929 431 2999 et
455 2924 610 3015 hastam,
636 2928 673 2996 et
698 2920 818 2995 statim
846 2922 946 2995 visus
971 2928 1027 2997 est
1051 2922 1157 3015 alter,
1183 2927 1326 2997 tanturn
1354 2924 1455 2998 calor
1479 2923 1563 2999 belli

394 3041 586 3137 occupavit
611 3060 710 3135 eum,
736 3046 772 3115 et
798 3040 951 3136 replevit
972 3040 1086 3115 salam
1104 3041 1269 3116 horribili
1290 3043 1482 3138 splendore
1501 3063 1564 3117 ar·

393 3183 555 3257 morum,
573 3168 609 3237 et
625 3161 743 3237 stabat
758 3162 838 3256 jam
860 3160 1030 3235 terribilis
1054 3162 1092 3234 in
1117 3162 1240 3237 medio
1259 3162 1479 3259 timentium,
1498 3184 1565 3239 ve-

393 3284 448 3358 lut
473 3283 502 3357 si
523 3283 601 3378 jam
618 3281 689 3355 iret
705 3269 880 3372 contrad)
906 3281 1113 3357 Hectorem.
1131 3283 1183 3355 Ex
1206 3282 1277 3357 alia
1302 3290 1407 3378 parte
1431 3282 1564 3359 Deida-
1610 3331 1613 3343 ·

392 3403 466 3480 mia
500 3403 626 3478 videns
653 3401 821 3478 fraudem
852 3401 1045 3496 detectam,
1071 3401 1182 3497 ooepit
1212 3403 1373 3477 clamose
1399 3404 1563 3498 plorare3

393 3544 478 3597 nam
504 3521 660 3597 Achilles
685 3525 908 3617 cognoverat
932 3542 1016 3595 earn
1040 3521 1218 3597 violenter
1236 3543 1322 3597 cum
1339 3525 1455 3598 semd
1478 3523 1565 3599 iris-

393 3648 448 3717 set
473 3648 579 3718 extra
604 3641 789 3718 civitatem
814 3640 860 3715 ad
886 3640 1018 3715 iestum
1037 3642 1181 3735 Bacchi,
1201 3641 1248 3716 ad
1265 3642 1364 3737 quod
1384 3664 1457 3717 uon
1475 3643 1565 3719 lice-

393 3762 456 3838 bat
472 3748 650 3837 acced'ere
667 3760 734 3835 nisi
761 3759 987 3855 mulieribus,
1005 3767 1042 3835 ct
1059 3768 1277 3857 conceperat
1293 3782 1339 3837 ex
1358 3783 1415 3858 eo,
1434 3770 1472 3837 et
1482 3763 1563 3858 jam

392 3887 586 3982 pepererat
599 3882 713 3955 lilium
727 3881 882 3975 occulte,
896 3881 995 3976 quod
1009 3881 1130 3957 nullus
1147 3882 1294 3978 sciebat,
1309 3883 1376 3957 uisi
1390 3883 1559 3978 quaedam

395 4004 519 4079 nutrix
536 4002 733 4079 Deidamia
749 3992 800 4094 (⁵).
823 4000 979 4075 Achilles
1002 4005 1129 4079 autern
1154 4001 1307 4077 audiens
1331 4002 1484 4098 grandia
1509 4003 1564 4077 la·

394 4129 519 4198 menta
543 4121 751 4217 Deidamiae,
777 4122 890 4196 iracta
916 4120 1053 4195 virtute
1078 4142 1146 4197 sua
1171 4123 1317 4197 occulto
1337 4142 1477 4217 amore,
1507 4121 1565 4197 di-

395 4242 507 4317 misso
527 4243 666 4339 clypeo,
684 4248 902 4317 convertens
927 4260 967 4316 se
992 4240 1038 4315 ad
1064 4260 1192 4337 regem
1214 4241 1410 4316 attonitum
1437 4249 1475 4317 et
1500 4263 1565 4337 pa-

394 4364 519 4440 vidum
546 4362 707 4439 novitate
732 4361 784 4437 rai
811 4360 996 4455 mirabilis,
1017 4362 1181 4436 narravit
1203 4362 1348 4458 publice
1371 4363 1421 4436 illi
1447 4369 1562 4438 totam

394 4484 550 4560 iormam
568 4483 706 4559 fraudis
726 4488 915 4577 materne,
931 4481 1065 4574 dicens,
1079 4482 1178 4576 quod
1198 4482 1351 4559 cedebat
1366 4484 1562 4581 Lycomedi

393 4605 440 4681 ad
465 4624 638 4702 magnam
664 4603 832 4700 gloriam,
859 4602 957 4696 quod
983 4608 1079 4677 esset
1109 4602 1170 4677 ille
1199 4603 1262 4697 qui
1288 4603 1450 4679 mitteret
1474 4624 1562 4679 eum

395 4724 441 4800 ad
467 4724 616 4818 bellum,
639 4730 676 4797 ct
700 4722 798 4817 quod
824 4722 982 4797 habehat
1002 4742 1090 4796 cum
1112 4722 1293 4797 cariorem
1314 4729 1419 4818 patre
1441 4723 1566 4818 Peleo,

457 4961 484 5023 (¹)
500 4960 531 5011 Ε.
548 4965 575 5011 et
590 4960 797 5025 appropinquans
812 4958 851 5009 illi
866 4958 938 5009 dixit.
1066 4956 1095 5022 (¹)
1111 4962 1165 5021 111,
1182 4972 1210 5009 ιο
1225 4959 1377 5023 expolierat

457 5036 484 5099 (⁸)
500 5035 525 5087 S·
542 5036 665 5086 111111θί111·
1066 5032 1094 5097 t‘)
1111 5038 1166 5095 117,
1182 5046 1273 5086 versus
1288 5034 1440 5085 Hectorem.

458 5112 485 5176 (⁸)
501 5113 527 5163 S.
544 5112 673 5163 Deianira.
733 5132 736 5141 ⁴

528 5218 568 5262 111.
1361 5224 1364 5228 ’
1404 5218 1429 5260 11
