4542 6842
721 942 791 1009 17⁰
1077 950 1282 1007 counrrmr
1307 950 1526 1007 annonantur

717 1100 864 1176 barum.
890 1100 934 1173 Et
958 1099 1028 1173 boc
1053 1102 1108 1171 est
1132 1096 1233 1191 quod
1257 1096 1341 1171 dicit
1355 1088 1392 1188 (¹)
1421 1116 1518 1170 nnnc
1543 1102 1652 1191 pocta
1680 1095 1727 1171 de
1756 1096 1890 1171 Bauiu-

714 1239 824 1313 casa3
850 1220 911 1292 cde
934 1221 984 1292 do
1008 1220 1041 1291 lc
1064 1218 1208 1289 bracm
1229 1218 1315 1309 fiere
1340 1218 1378 1290 di
1412 1218 1501 1289 otia
1534 1218 1572 1290 di
1606 1222 1718 1290 Tocco
1742 1217 1822 1289 ebba
1849 1219 1890 1289 la

715 1345 836 1412 mora.
861 1339 907 1411 Et
932 1327 1069 1429 notal')
1095 1336 1195 1432 quod
1224 1342 1262 1411 et
1291 1336 1366 1431 ipse
1398 1334 1538 1409 Gbinus
1569 1336 1698 1410 babuit
1729 1342 1887 1411 mortem

716 1458 916 1535 violentam
941 1459 990 1534 ab
1022 1457 1106 1533 alio.
1140 1459 1231 1533 Nam
1261 1478 1354 1553 papa
1380 1456 1586 1532 Bonilacins
1616 1456 1887 1554 magnanimus,

714 1579 840 1655 audita
866 1585 999 1655 natura
1024 1578 1182 1653 mirabili
1208 1577 1310 1653 istius
1339 1576 1508 1671 bominis,
1535 1580 1653 1653 relatu
1687 1585 1724 1653 et
1754 1583 1885 1674 rogatu

715 1702 855 1797 praelati
875 1700 1017 1775 abbatis
1034 1698 1282 1774 cloniacensis
1301 1699 1396 1773 misit
1413 1719 1481 1795 pro
1498 1720 1544 1773 oo
1561 1710 1599 1775 et
1615 1698 1750 1795 petivit,
1768 1717 1888 1792 quare

715 1827 792 1895 tam
818 1820 947 1895 nobilis
971 1819 1117 1895 animus
1143 1819 1194 1893 sic
1222 1838 1263 1893 se
1294 1819 1548 1893 inlrooestabat
1577 1829 1659 1896 arte
1690 1818 1885 1913 praedaudi.

715 1942 782 2017 Cui
807 1941 946 2017 Gbinus
971 1940 1157 2036 rospondit
1171 1930 1220 2033 (³),
1246 1938 1345 2033 quod
1371 1939 1568 2014 exercebat
1590 1939 1719 2013 vitium
1739 1939 1886 2033 rapinas,

715 2068 757 2136 ut
774 2068 895 2157 posset
921 2061 974 2135 uti
992 2062 1130 2135 virtute
1147 2059 1382 2134 liberalitatis.
1399 2059 1502 2133 Tunc
1523 2058 1728 2134 Bonifatius
1749 2058 1886 2152 videns,

714 2182 812 2277 quod
839 2182 934 2257 istud
966 2188 1047 2257 erat
1078 2181 1208 2255 vitium
1239 2179 1407 2273 fortunae,
1434 2200 1508 2254 non
1538 2179 1773 2271 animi‚·lecit
1798 2202 1885 2254 eum

714 2302 866 2376 militem
892 2302 1013 2376 Sancti
1034 2301 1218 2393 lobannis,
1236 2306 1274 2375 et
1290 2300 1387 2374 dedit
1404 2300 1438 2374 ei
1456 2321 1634 2397 magnum
1652 2300 1885 2395 beneficium,

712 2443 789 2516 quo
814 2428 936 2517 posset
950 2410 986 2514 (⁴)
1014 2423 1166 2496 honeste
1191 2420 1314 2495 lacere
1340 2418 1638 2515 magnificentias.
1669 2421 1790 2495 Semel
1816 2442 1886 2495 au-

714 2548 789 2617 tem
815 2549 915 2616 stans
939 2541 1037 2639 apud
1062 2541 1211 2615 Asinam
1237 2542 1400 2637 Longam
1432 2540 1467 2613 in
1500 2539 1676 2614 comitatu
1703 2540 1884 2615 Senatum

713 2664 873 2756 inermis,
899 2663 1048 2737 invasus
1072 2683 1094 2737 a
1122 2663 1247 2737 multis
1272 2661 1436 2754 armatis,
1454 2661 1616 2756 probiter
1641 2682 1809 2758 pugnans
1829 2660 1886 2735 in-

713 2784 888 2859 teriectus
913 2790 978 2858 est.
1009 2784 1062 2857 bc
1092 2804 1167 2877 quo
1192 2782 1315 2856 audivi
1346 2780 1435 2855 illud
1467 2780 1645 2875 mirabile,
1671 2780 1770 2875 quod
1796 2779 1886 2855 scri·

713 2910 816 2999 ptum
844 2911 900 2979 est
923 2903 970 2977 de
994 2904 1150 2997 Caesare,
1182 2902 1328 2993 scilicet,
1355 2900 1455 2995 quod
1488 2921 1617 2975 omnes
1648 2912 1886 2996 percussores

713 3022 794 3098 eius
818 3023 855 3097 in
881 3024 984 3097 brevi
1015 3022 1112 3097 mala
1147 3030 1267 3096 morta
1297 3022 1479 3096 obierunt.
1512 3021 1598 3096 ldeo
1627 3022 1721 3099 sorte
1750 3022 1884 3095 Dentes

713 3144 877 3218 nominat
902 3164 989 3218 eum
1011 3144 1081 3237 bic,
1101 3149 1141 3216 ut
1157 3149 1269 3238 ponat
1294 3163 1381 3216 eum
1406 3144 1561 3217 salvum.
1580 3144 1633 3217 De
1650 3142 1798 3218 bomine
1815 3143 1884 3218 isto

712 3265 816 3360 plura
847 3286 920 3340 non
953 3264 1045 3357 dico,
1076 3264 1122 3339 de
1153 3284 1228 3358 quo
1259 3269 1381 3358 posset
1410 3262 1489 3337 lieri
1523 3262 1712 3359 tragoedia.
1746 3262 1883 3339 Deinde

710 3392 818 3481 poeta
842 3383 941 3458 addit
965 3383 1079 3459 alium
1105 3383 1302 3458 aretinum.
1329 3384 1373 3456 Et
1397 3384 1444 3456 ad
1469 3383 1670 3477 sciendum,
1694 3384 1775 3479 quis
1801 3384 1882 3459 lue·

712 3504 759 3579 rit
784 3504 851 3579 iste
876 3504 1133 3599 innominatus,
1160 3504 1271 3579 debes
1296 3504 1401 3597 scire,
1419 3504 1518 3597 quod
1544 3505 1581 3578 in
1606 3504 1752 3580 ciuitate
1769 3506 1879 3580 dretii

709 3646 756 3701 ex
782 3626 962 3699 nobilibus
987 3626 1033 3701 de
1057 3627 1165 3700 Petra
1183 3625 1273 3699 Mala
1300 3625 1368 3698 luit
1394 3646 1490 3698 unus
1514 3624 1685 3700 dominus
1712 3627 1880 3700 Tarlatus

709 3746 893 3840 antiquus,
923 3746 987 3840 qui
1015 3746 1143 3843 gannit
1171 3746 1352 3841 Angelum
1383 3745 1693 3842 primogenitum3
1726 3765 1772 3820 er
1804 3766 1881 3840 quo

710 3873 819 3940 natus
851 3873 907 3940 est
938 3866 1056 3939 Guido
1085 3864 1276 3961 episeopus
1307 3866 1482 3958 aretinus,
1517 3865 1680 3939 lamosus
1709 3865 1881 3939 dominus

709 3986 834 4078 bretii,
860 3986 916 4059 vir
942 3985 1199 4082 magnanimus
1225 3994 1263 4059 et
1289 3984 1515 4080 magnificus,
1539 3984 1625 4059 nibil
1652 3984 1788 4060 babens
1805 3986 1881 4060 cle-

711 4106 833 4200 ricale,
859 4104 923 4202 qui
948 4106 1114 4179 brolium
1140 4105 1296 4200 patriam
1323 4125 1429 4178 suam
1457 4106 1600 4200 magnis
1620 4105 1821 4179 bonoribus
1844 4113 1882 4179 ot

711 4226 835 4300 multis
859 4226 1063 4300 commodis
1087 4224 1285 4299 decoravit.
1311 4224 1366 4297 Ex
1391 4224 1487 4327 dicto
1513 4224 1659 4298 Tarlato
1684 4232 1792 4298 natus
1826 4231 1881 4300 est

708 4347 802 4422 alius
827 4346 921 4420 lilius
946 4346 1094 4420 nomine
1119 4345 1245 4419 Zutius
1270 4351 1425 4439 patruus
1442 4343 1526 4418 dicti
1548 4344 1716 4440 episcopi,
1730 4346 1878 4441 juvenis

708 4475 883 4541 strenuus
910 4487 1114 4541 armorum.
1146 4466 1223 4559 llic,
1257 4486 1341 4539 cnm
1376 4465 1508 4540 'farlati
1538 4472 1711 4561 gererent
1743 4465 1879 4541 bellum

686 4587 792 4663 ‘cum
823 4586 975 4661 Bostolis
1007 4585 1188 4660 nobilibus
1219 4585 1265 4659 dc
1294 4585 1431 4680 Aratio,
1466 4586 1529 4679 qui
1563 4586 1691 4661 exules
1726 4586 1879 4681 recipic-

770 4841 797 4901 (¹)
815 4845 869 4899 117,
886 4840 948 4891 dicit
964 4846 1040 4903 poeta
1056 4839 1089 4888 de
1105 4839 1155 4889 isto
1171 4838 1321 4888 Beuincma.

770 4916 798 4979 Ρ)
814 4918 840 4967 S.
856 4930 871 4965 a
888 4917 918 4965 E.
934 4922 995 4967 notu
1011 4916 1090 4965 etiam
1106 4914 1177 4979 quod
1193 4914 1247 4977 ipse
1263 4914 1368 4965 (ibinus.

771 4993 798 5055 (¹)
814 4993 844 5042 E.
861 4992 993 5055 respondit
1006 5006 1079 5056 papo
1094 4990 1237 5052 Bonlluclo,
1249 4991 1320 5054 quod
1335 4992 1473 5043 exercebat
1488 4998 1572 5043 artem
1588 4993 1685 5057 rapina
1700 4996 1740 5042 ut.

774 5069 802 5133 (⁸)
817 5070 848 5119 li.
864 5084 917 5134 quo
933 5074 1019 5133 posset
1034 5069 1130 5120 lucere.
