4542 6842
827 949 966 1004 CANTUS
991 948 1133 1004 nulllus.
1544 938 1565 1002 7

392 1103 503 1176 ditato
527 1099 628 1202 cupit.
655 1095 787 1186 Quinta
812 1095 1012 1192 polymnia,
1040 1115 1124 1190 quae
1141 1102 1198 1170 est
1212 1095 1283 1170 dea
1304 1095 1505 1188 memoria,
1531 1102 1569 1170 et

392 1219 654 1296 convenienter
679 1216 828 1312 ponitur
853 1223 935 1312 post
959 1217 1181 1312 praedictam.
1208 1214 1348 1290 Dicitur
1374 1215 1471 1290 enim
1498 1217 1568 1289 Po-

393 1341 542 1438 lymuia,
558 1339 713 1413 multam
725 1330 761 1431 (¹)
782 1336 1000 1412 memoriam
1018 1337 1166 1431 taciens,
1179 1336 1277 1412 unde
1289 1335 1422 1411 dicitur
1436 1357 1461 1410 a
1477 1335 1569 1432 polis

393 1460 594 1558 pluralitas,
621 1464 658 1534 et
684 1478 798 1533 mens.
826 1458 917 1532 Nam
944 1464 1025 1553 post
1044 1456 1372 1552 apprehensionem
1399 1477 1569 1532 necessa-

395 1581 449 1656 ria
481 1585 537 1654 est
570 1576 838 1652 reminiscentia
868 1583 905 1652 et
937 1576 1103 1670 retentio,
1129 1574 1316 1671 potissime
1344 1584 1474 1672 poetae,
1504 1576 1568 1671 qui

395 1705 460 1790 tot,
487 1706 562 1773 tam
585 1689 622 1791 (²)
648 1698 750 1773 varia
784 1703 822 1772 et
853 1695 997 1772 dissona
1022 1696 1132 1770 habet
1158 1694 1380 1790 meminisse,
1408 1703 1449 1770 ut
1477 1717 1568 1771 cou-

394 1821 484 1898 tiuet
518 1820 575 1894 hic
604 1839 756 1895 versus:
790 1821 840 1891 Nc
864 1823 1028 1910 conceptu
1051 1821 1163 1909 [taum
1186 1824 1359 1890 ηιθηιοναῖ
1381 1818 1569 1907 Polpmota

394 1945 547 2016 mulam
565 1941 676 2016 Sexta
693 1958 777 2033 quae
798 1937 961 2013 succedit
986 1938 1023 2012 iu
1049 1938 1179 2013 ordine
1204 1937 1416 2012 nominatur
1441 1939 1565 2033 Erato,

393 2081 480 2156 quse
509 2067 565 2136 est
594 2060 663 2134 dea
693 2057 927 2152 inventionis3
959 2078 1045 2132 nam
1072 2058 1183 2133 Erato
1217 2057 1479 2153 interpretatur
1511 2057 1568 2132 iu-

394 2181 544 2258 veniens
569 2179 698 2274 simile,
718 2199 804 2253 nam
829 2179 1092 2273 posthabitum
1110 2178 1270 2253 scientiae
1292 2186 1329 2253 et
1348 2178 1567 2254 memoriam

393 2301 504 2378 debet
527 2307 635 2395 poeta
661 2297 798 2393 aliquid
823 2298 941 2374 simile
972 2298 1149 2374 invenire.
1180 2299 1353 2374 lliserum
1383 2298 1483 2374 enim
1514 2307 1570 2374 est

394 2441 541 2516 semper
566 2420 619 2494 uti
644 2419 812 2514 inventis,
837 2425 873 2494 et
900 2440 1104 2515 numquam
1123 2420 1261 2514 aliquid
1277 2419 1324 2494 de
1343 2421 1492 2515 proprio
1513 2421 1570 2494 iu-

395 2540 542 2634 venire,
572 2539 670 2634 quod
700 2546 807 2614 sonat
836 2539 904 2614 iste
936 2560 1087 2615 versus:
1117 2543 1254 2613 Invenit
1275 2543 1329 2612 te
1353 2546 1466 2614 Erato
1491 2562 1570 2633 quoe

357 2699 372 2728 .
393 2662 586 2734 similanda
603 2662 660 2732 ets.
681 2658 842 2754 Septima
860 2666 915 2734 est
935 2659 1186 2754 Terpsichore,
1204 2679 1289 2754 que
1306 2668 1362 2734 est
1384 2660 1453 2736 dea
1466 2660 1566 2756 judi·

395 2779 461 2875 cii3
491 2779 590 2854 unde
615 2778 854 2874 Terpsichore
879 2777 981 2873 idest,
1008 2779 1228 2872 diiudicatio,
1255 2779 1302 2854 de
1329 2801 1403 2874 qua
1428 2780 1568 2855 dictum

396 2907 474 2978 est:
505 2903 729 2994 Terpsichore
744 2921 850 2993 super
866 2903 1013 2974 invenus
1028 2903 1197 2975 diiudicat
1212 2904 1300 2994 ipsu.
1327 2901 1464 2976 Octava
1487 2921 1568 2976 me-

396 3027 500 3096 retur
527 3042 663 3109 nomeu
690 3022 834 3115 Urania,
861 3041 946 3115 quae
972 3026 1028 3096 est
1051 3020 1121 3096 dea
1138 3021 1336 3116 electionis,
1360 3029 1399 3097 et
1414 3021 1568 3117 erponi-

396 3148 459 3214 tur
483 3142 630 3235 Urania,
656 3141 747 3216 idest
768 3141 945 3236 caelestis,
971 3161 1057 3216 uam
1078 3143 1175 3216 Uran
1199 3161 1333 3238 graece,
1359 3141 1471 3218 latine
1491 3162 1570 3217 coe-

394 3262 492 3356 lum;
518 3266 574 3336 est
600 3261 697 3336 enim
730 3281 819 3336 vere
851 3281 944 3356 opus
975 3262 1124 3336 coeleste
1148 3261 1243 3336 scire
1275 3261 1413 3358 eligere
1445 3262 1569 3336 thema

395 3381 695 3477 describendum,
714 3381 814 3475 quod
839 3381 997 3456 coelestis
1015 3402 1119 3456 mens
1135 3389 1255 3477 poetae
1276 3382 1400 3456 Daulis
1418 3381 1569 3456 mirabi-

396 3503 480 3578 liter
497 3502 593 3596 lecit,
611 3490 726 3605 quid)
755 3507 831 3575 tam
849 3501 1008 3576 nobilem
1027 3500 1221 3576 materiam
1239 3501 1344 3575 scivit
1366 3521 1569 3596 assumere,

395 3629 437 3699 ut
462 3643 536 3696 nou
561 3622 732 3698 habuerit
758 3643 886 3718 parem
914 3642 982 3698 nec
1006 3628 1093 3696 ante
1118 3642 1188 3696 nec
1213 3629 1295 3718 post
1321 3643 1373 3698 se.
1399 3623 1476 3698 lloc
1500 3645 1571 3698 au-

395 3750 471 3818 tem
503 3742 712 3818 declaratur
746 3743 808 3817 tali
843 3742 1048 3818 versiculo:
1084 3745 1190 3834 Etipit
1223 3745 1358 3816 orama
1387 3763 1466 3834 quoe
1500 3765 1572 3816 me-

396 3867 490 3940 liora
515 3863 656 3956 prodat.
689 3864 792 3938 Nona
823 3863 952 3938 ultimo
977 3863 1137 3957 complet
1168 3882 1368 3937 numerum
1399 3862 1570 3957 Calliope,

396 4003 481 4078 quae
511 3981 643 4058 merito
674 3981 822 4077 ponitur
851 3981 888 4054 in
921 3981 1003 4076 tine,
1038 3980 1125 4075 quia
1156 3987 1211 4056 est
1242 3981 1311 4056 dea
1335 3980 1570 4075 elocutionis,

397 4123 483 4177 uam
517 4103 724 4197 eloquentia
758 4101 914 4177 finaliter
947 4101 1087 4177 accedit
1117 4107 1198 4197 post
1223 4100 1346 4177 omnia
1378 4102 1572 4196 praedicta,

397 4244 496 4323 nam,
508 4243 621 4317 opere
638 4223 811 4319 perlecto,
831 4223 871 4298 tit
888 4223 1063 4316 recitatio,
1081 4233 1119 4299 et
1137 4222 1293 4296 traditur
1305 4222 1471 4298 doctriua
1492 4223 1571 4297 aliis

395 4343 541 4440 publice
567 4364 652 4419 cum
678 4344 799 4419 debita
826 4344 1122 4439 pronuntiatione
1148 4349 1186 4418 et
1207 4343 1342 4438 eloquii
1365 4351 1570 4420 venustate.

395 4465 496 4542 Beue
521 4464 620 4538 enim
645 4463 777 4538 dicitur
803 4463 961 4558 Calliope
985 4485 1008 4538 a
1034 4465 1148 4539 Chalo
1165 4463 1264 4558 quod
1281 4470 1338 4537 est
1361 4464 1515 4557 honum,
1535 4472 1574 4540 θῖ

395 4585 536 4680 phonos
562 4584 661 4679 quod
677 4591 733 4660 est
750 4605 873 4679 sonus,
892 4585 996 4679 quasi
1013 4584 1110 4658 hona
1128 4591 1167 4659 et
1186 4605 1346 4660 consona
1367 4606 1453 4680 vox,
1473 4585 1574 4679 quod

397 4703 604 4780 manilestat
629 4725 791 4800 praesens
811 4725 957 4780 versus:
982 4707 1134 4798 Calliope
1152 4708 1279 4797 raptae
1302 4713 1407 4780 sonat
1429 4708 1571 4781 decretu
1719 4753 1724 4764 ·

396 4845 573 4898 sororum.
600 4824 756 4899 Nomina
781 4825 907 4919 itaque
932 4827 1119 4899 illusarum
1150 4831 1237 4898 sunt
1261 4846 1407 4920 novem,
1436 4826 1574 4902 scilicet

460 5013 488 5074 (¹)
504 5011 534 5062 E.
550 5011 623 5075 quasi
639 5011 758 5062 multam.
945 5011 971 5074 (¹)
989 5011 1019 5062 E.
1035 5015 1062 5063 et
1079 5018 1131 5062 tam
1148 5014 1218 5063 varia
1234 5013 1312 5064 habet
1327 5013 1483 5064 meminisse.

462 5085 490 5149 (¹)
508 5085 533 5137 S.
549 5088 609 5151 quia
626 5092 687 5138 lam.
