4542 6842
859 958 1000 1016 cennos
1026 956 1196 1014 nnmnno.
1541 942 1612 1017 art

441 1109 538 1185 latus
562 1105 766 1185 secundum
792 1111 934 1182 motum
962 1103 1098 1199 lapidis,
1125 1101 1224 1197 quod
1255 1101 1418 1178 declarat
1442 1121 1510 1197 per
1533 1122 1614 1177 mo·
1715 1127 1720 1141 2

443 1236 522 1305 tum
549 1229 659 1321 lnnae,
684 1226 825 1301 dicens:
852 1232 970 1314 tonte,
986 1227 1047 1299 cde
1071 1227 1106 1300 to
1130 1244 1243 1297 soemo
1268 1226 1361 1298 detto
1385 1226 1484 1313 turra,
1510 1222 1612 1317 idest,

443 1350 530 1427 luna
544 1368 628 1443 qum
641 1352 722 1423 erat
734 1337 886 1439 simod),
900 1344 1073 1440 quiajam
1088 1350 1170 1419 erat
1180 1344 1360 1420 diminuta
1374 1364 1440 1440 per
1452 1349 1614 1437 quatuor

443 1469 519 1546 dies
554 1474 634 1563 post
667 1466 919 1563 plenilunium.
952 1466 1041 1541 Erat
1074 1465 1172 1542 enim
1207 1465 1293 1539 luna
1327 1464 1435 1559 plena
1468 1464 1616 1559 qnando

444 1590 579 1665 Dantes
605 1587 753 1663 intravit
777 1585 974 1679 infernum,
996 1586 1032 1659 in
1058 1604 1133 1678 quo
1159 1584 1257 1660 stetit
1281 1604 1348 1679 per
1373 1590 1448 1657 tres
1472 1583 1560 1676 dies,
1578 1590 1617 1659 et

442 1710 520 1807 jam
554 1713 705 1785 steterat
738 1707 776 1781 in
810 1704 1023 1803 purgatorio
1056 1724 1123 1801 per
1161 1726 1275 1781 unam
1306 1704 1417 1798 diem,
1450 1710 1487 1780 et
1517 1724 1616 1779 nunc

445 1836 526 1907 erat
552 1828 587 1905 in
613 1826 783 1905 secunda.
811 1827 890 1901 Jam
919 1826 1016 1901 enim
1042 1823 1174 1901 audisti
1203 1826 1240 1899 in
1273 1823 1490 1921 praecedenti
1517 1821 1616 1918 capi·

447 1952 524 2025 tulo
550 1948 650 2044 quod
673 1948 727 2021 sol
753 1953 834 2021 erat
858 1947 955 2021 altus
979 1946 1123 2021 duabus
1150 1945 1259 2039 horis,
1285 1951 1324 2021 et
1349 1966 1447 2020 nunc
1479 1964 1618 2040 expen-

446 2070 575 2147 derant
600 2088 713 2144 unam
739 2068 868 2141 horam
887 2066 924 2139 in
942 2066 1008 2141 ista
1027 2065 1096 2160 via,
1114 2064 1164 2139 ita
1182 2066 1281 2160 quod
1298 2072 1379 2141 erat
1396 2064 1501 2159 quasi
1526 2064 1617 2139 lrora

445 2189 659 2282 tertiarum,
688 2187 785 2261 unde
810 2185 913 2261 dicit:
939 2189 1106 2277 nomme,
1131 2186 1169 2259 in
1194 2185 1272 2281 ipso
1296 2186 1459 2261 mundo
1484 2186 1556 2275 die,
1580 2188 1620 2259 ot

446 2312 524 2385 letto
549 2328 626 2398 ruo,
661 2307 752 2383 idest
783 2307 830 2381 ad
860 2326 1047 2400 occasum,
1066 2326 1135 2398 per
1159 2309 1344 2399 coricarn‘,
1374 2306 1475 2400 idest,
1500 2326 1613 2382 causa

446 2428 645 2505 collocandi
671 2446 723 2521 se,
749 2426 848 2520 quia,
869 2424 1016 2519 quando
1042 2425 1201 2520 disparet
1224 2426 1326 2501 nobis
1344 2426 1379 2499 in
1397 2446 1543 2518 occasu,
1563 2424 1618 2499 vi·

445 2549 556 2625 detur
580 2548 684 2642 quasi
714 2548 769 2622 ire
803 2553 999 2642 pausatum
1034 2547 1080 2621 ad
1111 2548 1249 2639 lectum
1282 2569 1418 2641 suurn,
1444 2551 1529 2640 prio
1559 2550 1620 2621 cde

447 2673 509 2745 noi
529 2671 676 2763 sorsinro
698 2672 784 2762 [nor
809 2670 847 2741 dt
871 2669 984 2757 quella
1009 2687 1135 2759 mona,
1157 2652 1260 2760 idest,
1282 2673 1386 2741 entra
1411 2674 1553 2762 petram
1577 2669 1619 2741 il-

448 2790 535 2882 lam,
561 2808 646 2882 qnae
672 2794 752 2863 erat
776 2787 890 2861 divisa
917 2792 954 2861 et
977 2793 1090 2880 arcta,
1108 2786 1201 2862 sicut
1219 2787 1384 2863 toramen
1401 2808 1503 2881 acus,
1520 2788 1620 2881 qood
1701 2778 1704 2783 ⁴

449 2915 505 2983 ert
531 2928 597 3003 per
623 2908 774 3003 longum
800 2906 986 3001 strictum,
1012 2907 1071 2982 vel
1097 2906 1301 2981 secundum
1326 2908 1435 2983 aliam
1463 2908 1622 3001 literam,

449 3050 553 3121 cuno,
579 3034 616 3103 et
641 3034 729 3102 tunc
754 3027 873 3103 dicam
900 3027 997 3120 quod
1028 3026 1186 3121 appellat
1214 3027 1319 3103 istam
1354 3028 1468 3101 viam·
1484 3047 1620 3110 cunam

449 3171 516 3245 per
553 3150 718 3245 pulcram
755 3148 1022 3242 metaphoram,
1058 3146 1145 3241 quia
1183 3147 1300 3242 prima
1338 3148 1438 3223 initia
1476 3148 1621 3224 virtutis

450 3276 551 3345 recte
575 3276 727 3364 possunt
752 3268 822 3342 dici
847 3267 1081 3361 incunabula,
1108 3267 1244 3362 quibus
1267 3269 1379 3342 homo
1405 3268 1525 3363 primo
1551 3288 1621 3341 nu·

450 3390 708 3465 triton-llo
733 3390 885 3481 quando.
911 3388 976 3463 Hic
1001 3394 1109 3483 poeta
1133 3387 1313 3483 descripta
1335 3388 1453 3483 prima
1474 3388 1533 3463 via
1554 3388 1622 3463 dil·

449 3510 531 3590 ficili
559 3511 677 3603 valde,
703 3530 802 3585 nunc
826 3508 997 3585 describit
1023 3508 1120 3583 viam
1151 3510 1364 3604 generalem
1391 3509 1509 3605 magis
1534 3507 1622 3583 laci-

449 3632 520 3709 lem
550 3652 616 3726 per
647 3650 761 3725 quam
787 3629 861 3703 itur
887 3649 1007 3723 usque
1038 3628 1084 3704 ad
1119 3648 1310 3701 summum
1338 3629 1551 3725 purgatorii.
1579 3630 1623 3704 Et

449 3752 536 3848 quia
555 3752 660 3827 litera
682 3750 826 3827 videtur
852 3749 959 3825 nirnis
979 3748 1327 3842 commenditus
1346 3748 1622 3845 intelligentiam

450 3876 588 3950 claram
616 3873 700 3945 volo
726 3877 763 3945 te
788 3870 992 3966 imaginari,
1010 3868 1109 3963 quod
1129 3869 1197 3943 iste
1215 3890 1320 3943 mons
1343 3870 1547 3965 purgatorii
1568 3877 1625 3945 eat

452 4002 641 4087 tamquam
669 3992 782 4066 turris
813 3991 970 4066 rotunda
995 3988 1169 4065 altissima
1200 3990 1298 4066 circa
1329 4012 1440 4084 qnam
1472 3991 1518 4066 sit
1551 4012 1624 4070 uno

452 4115 528 4187 sola
548 4113 607 4188 via
623 4114 716 4188 lacta
735 4114 771 4187 in
789 4112 945 4187 circuitu
962 4111 1009 4186 ad
1027 4111 1275 4187 revolutiones
1286 4131 1353 4206 per
1368 4132 1480 4205 quam
1494 4132 1623 4187 ascen-

452 4232 551 4307 ditur
578 4253 696 4327 usque
721 4232 768 4307 ad
793 4252 1002 4324 summum3
1025 4230 1105 4306 talis
1121 4235 1187 4305 'est
1214 4251 1288 4305 una
1306 4232 1362 4305 via
1388 4232 1487 4307 circa
1512 4231 1622 4305 istum

372 4374 382 4389 ·
454 4359 630 4447 montem,
657 4374 740 4447 quae
765 4354 969 4448 appellatur
993 4355 1143 4442 cerame,
1169 4358 1207 4425 et
1230 4352 1397 4428 distincta
1422 4353 1459 4427 in
1484 4360 1623 4449 septem
1764 4448 1768 4456 ,

453 4474 601 4569 gradus,
621 4472 655 4549 in
683 4473 816 4567 quibus
833 4477 1040 4568 purgantur
1061 4478 1201 4565 septem
1219 4492 1357 4567 genera
1375 4479 1626 4567 peccatorum,

454 4599 490 4668 et
517 4614 612 4667 unus
637 4593 775 4689 gradus
806 4600 862 4667 est
894 4591 1083 4665 distinctus
1111 4591 1160 4665 ab
1191 4591 1275 4685 alio,
1301 4598 1338 4666 et
1364 4593 1513 4667 clausus
1537 4614 1623 4678 cum

454 4720 570 4809 porta.
596 4713 650 4788 dd
677 4713 819 4789 literam
847 4732 964 4809 ergo:
991 4711 1075 4787 dicit
1101 4718 1220 4807 poeta,
1250 4713 1350 4807 quod
1375 4723 1626 4808 pervenerunt

453 4834 500 4909 ad
525 4832 632 4907 istam
658 4834 755 4907 viam
782 4832 993 4924 faciliorem,
1018 4830 1160 4907 dicens:
1186 4837 1249 4907 llo
1268 4836 1410 4925 quondo
1427 4838 1561 4928 summo
1582 4839 1627 4909 tt-

515 5096 543 5159 (¹)
560 5095 592 5147 lt.
607 5096 696 5147 ocima.
