4542 6842
668 929 715 994 24
1030 909 1236 992 causarum
1261 937 1482 992 runuammr

667 1084 778 1157 buius
804 1080 960 1174 Catonis,
987 1101 1080 1174 quas
1105 1101 1247 1175 omues,
1264 1088 1307 1155 ut
1322 1081 1491 1156 claudam
1514 1103 1589 1157 uuo
1613 1081 1739 1175 verbo,
1756 1081 1842 1158 dicit

667 1203 805 1278 Tullius
831 1221 906 1274 uuo
932 1201 1048 1274 verbo
1073 1199 1119 1274 de
1144 1220 1190 1275 eu
1215 1200 1314 1295 quud
1340 1221 1450 1276 nemu
1476 1202 1607 1276 melior
1637 1212 1745 1278 natus
1776 1209 1843 1298 est,

668 1343 778 1399 nemo
812 1322 947 1416 pietate
979 1321 1221 1417 praestantiur.
1252 1322 1418 1397 Valerius
1449 1343 1540 1398 veru
1565 1323 1661 1418 dicit,
1688 1323 1788 1418 quud
1806 1316 1844 1416 (¹)

668 1441 731 1536 qui
756 1461 874 1514 unum
901 1441 1042 1514 bonum
1068 1461 1113 1515 ac
1139 1442 1339 1536 sapientem
1367 1441 1559 1519 nominare
1583 1444 1753 1539 voluerit,
1773 1443 1843 1517 sub

667 1562 813 1637 Catonis
839 1562 989 1637 numine
1012 1561 1173 1636 diffiniat.
1201 1565 1292 1638 Nota
1318 1571 1442 1638 tamen
1467 1565 1567 1658 quod
1587 1565 1676 1640 Catu
1701 1565 1843 1661 primus

667 1689 812 1757 tantum
839 1683 1009 1757 laudatus
1034 1683 1102 1757 luit
1128 1683 1234 1759 valde
1251 1684 1435 1759 adversus
1460 1683 1630 1760 Africano
1661 1687 1842 1781 superiori

667 1806 751 1882 duci
786 1806 999 1900 clarissimo,
1026 1806 1096 1880 sub
1130 1826 1205 1899 quo
1236 1812 1396 1900 quaestnr
1426 1806 1647 1882 militaverat
1675 1812 1843 1902 tempore

667 1926 816 2002 secundi
844 1928 926 2002 belli
952 1927 1088 2023 punici,
1113 1933 1151 2002 et
1175 1927 1244 2000 luit
1269 1947 1380 2000 causa
1407 1918 1544 2022 quia(²)
1567 1928 1626 2002 ille
1652 1927 1843 2003 recederet

668 2049 715 2123 de
739 2050 872 2143 Roma3
900 2048 965 2122 luit
978 2039 1013 2140 (³)
1042 2048 1152 2122 etiam
1176 2053 1285 2122 autur
1315 2047 1413 2149 quud
1443 2048 1626 2145 Carthago
1656 2055 1844 2124 evertere-

669 2175 731 2242 tur
751 2175 888 2244 'contra
923 2169 1128 2263 Scipionem
1163 2168 1328 2242 Nasicam
1361 2168 1482 2242 virum
1517 2169 1716 2265 optimum3
1744 2169 1843 2245 unde

669 2309 715 2362 ex
742 2288 931 2364 sententia
946 2287 1103 2382 Catonis,
1131 2287 1209 2383 ipsu
1229 2289 1307 2382 jam
1334 2293 1494 2381 mortun,
1517 2288 1700 2385 Carthago
1724 2289 1844 2365 deleta

671 2415 737 2503 est,
764 2429 848 2503 quae
879 2415 959 2484 erat
989 2415 1179 2502 tamquam
1211 2428 1274 2483 eos
1300 2427 1447 2502 semper
1478 2428 1616 2482 acuens
1648 2430 1842 2485 romanam

668 2529 856 2603 virtutem.
884 2528 970 2601 Fuit
992 2527 1090 2602 euim
1117 2528 1186 2602 iste
1210 2527 1300 2602 Catu
1321 2528 1422 2622 prior
1438 2547 1585 2623 semper
1605 2549 1762 2626 magnus
1779 2530 1844 2604 sti-

669 2649 793 2722 mulus
819 2647 1007 2742 nobilium,
1030 2657 1067 2724 et
1092 2647 1220 2720 babuit
1238 2647 1402 2744 linguam
1427 2648 1695 2723 amarissimam
1722 2649 1839 2724 nimis.

669 2769 758 2844 Cato
784 2787 874 2841 vero
900 2767 1074 2840 Uticensis
1092 2766 1161 2839 suit
1177 2766 1447 2842 inimicissimus
1463 2769 1636 2864 Caesaris3
1655 2770 1736 2844 ideo
1753 2789 1841 2843 cum

669 2889 796 2962 Cicero
822 2886 965 2962 lecisset
990 2885 1126 2959 librum
1145 2886 1192 2960 de
1208 2886 1377 2961 laudibus
1402 2888 1595 2982 Catonum,
1616 2889 1739 2964 Caesar
1760 2890 1844 2964 lecit

670 3009 805 3082 librum
840 3007 876 3080 in
911 3007 1140 3081 contrarium
1176 3027 1287 3101 quem
1324 3008 1470 3083 vucavit
1503 3007 1745 3084 Anticatones.
1781 3011 1843 3084 llis

670 3147 760 3224 ergo
785 3127 880 3202 bene
897 3126 1036 3200 libratis
1053 3136 1155 3221 putes
1173 3127 1324 3202 faciliter
1344 3128 1580 3224 perpendere,
1599 3131 1726 3223 lectur,
1744 3130 1843 3224 quud

670 3249 728 3324 isti
756 3248 832 3322 dun
860 3249 1016 3322 Catones
1031 3235 1081 3342 (⁴),
1107 3247 1252 3322 diverso
1286 3249 1369 3323 licet
1389 3255 1567 3345 tempere,
1598 3250 1750 3325 luerunt
1768 3249 1843 3324 duo

670 3369 809 3443 lumina
834 3367 1034 3442 clarissima
1060 3388 1225 3442 rnmanae
1250 3368 1412 3464 virtutis3
1438 3369 1501 3444 sed
1527 3371 1611 3445 licet
1634 3371 1724 3447 Catu
1749 3371 1844 3446 Cen·

670 3491 789 3566 sorius
819 3490 856 3563 in
886 3488 1010 3563 multis
1039 3488 1209 3562 videatur
1238 3490 1419 3565 excedere
1452 3498 1692 3586 pronepotem
1719 3513 1842 3587 suum,

670 3611 756 3706 quia
782 3610 850 3684 luit
875 3610 1058 3685 excellens
1083 3609 1120 3682 in
1146 3609 1270 3706 literis,
1296 3611 1410 3685 armis
1435 3618 1472 3686 et
1497 3611 1534 3684 iu
1564 3612 1704 3686 artibus
1733 3613 1845 3687 urba-

670 3731 726 3806 nis
746 3737 784 3805 et
801 3729 957 3823 rusticis,
975 3736 1099 3803 tamen
1117 3734 1225 3824 poeta
1242 3737 1366 3804 nester
1383 3731 1504 3826 potius
1521 3731 1631 3828 elegit
1646 3731 1713 3805 sibi
1731 3732 1843 3806 istum

670 3852 874 3928 secuudum
902 3871 1013 3945 quam
1041 3850 1215 3945 primum,
1234 3851 1320 3944 quia
1338 3851 1456 3947 magis
1480 3851 1636 3927 iaciebat
1659 3853 1706 3928 ad
1731 3873 1842 3927 suum

671 3971 914 4069 propositum5
932 3970 1018 4065 quia
1035 3968 1103 4044 iste
1120 3969 1210 4044 Cato
1228 3969 1296 4044 luit
1312 3971 1475 4045 maxime
1492 3977 1661 4046 centrum
1681 3979 1843 4067 quatuor

672 4093 850 4166 virtutum
879 4091 1087 4184 moralium,
1113 4112 1207 4184 quas
1238 4091 1342 4164 linxit
1368 4092 1445 4186 jam
1477 4093 1690 4188 apparuisse
1714 4094 1781 4168 sibi
1805 4095 1844 4168 in

672 4213 741 4288 isto
772 4211 947 4309 principio
980 4211 1141 4286 tendenti
1170 4211 1217 4285 ad
1246 4209 1516 4307 purgatorium,
1543 4220 1581 4288 et
1609 4213 1677 4291 luit
1704 4215 1844 4291 acerri-

672 4355 756 4409 mus
788 4334 957 4408 deieusur
988 4331 1175 4426 libertatis,
1207 4352 1320 4425 quam
1354 4333 1471 4407 solam
1496 4340 1604 4429 poeta
1638 4356 1737 4410 nunc
1768 4337 1844 4411 ibat

672 4454 883 4551 quaerendo.
909 4453 1015 4527 Nunc
1039 4459 1094 4527 est
1119 4459 1266 4547 tempus
1293 4453 1469 4528 redeundi
1488 4454 1535 4528 ad
1556 4455 1710 4531 literam.
1730 4457 1845 4553 igitur

671 4582 780 4672 pecta
804 4573 975 4648 describit
1004 4573 1114 4647 istum
1146 4573 1322 4649 Catonem
1353 4575 1454 4670 prius
1467 4565 1505 4668 (Β)
1530 4576 1578 4649 ab
1610 4577 1691 4651 eius
1715 4577 1847 4652 canitie

734 4831 762 4898 (¹)
778 4833 804 4884 S.
820 4847 835 4883 a
851 4833 882 4883 li.
899 4834 969 4898 quod
986 4833 1031 4898 qui
1048 4833 1134 4884 virum
1152 4834 1260 4886 bouum.
1400 4835 1427 4900 (Ἶ
1444 4835 1475 4887 Ε.
1491 4848 1581 4900 quare.

734 4909 761 4974 (⁸)
778 4912 832 4972 tlt,
850 4909 952 4974 luitque
967 4915 1054 4960 autor.

715 4989 765 5128 ,lg
779 4988 810 5116 ξ.
824 4986 1012 5128 οὒιὲοηξίἱξὲῗῑ
1026 4989 1128 5041 diverso
1145 4993 1263 5053 tempore
1279 4989 1386 5052 luerint,
1402 4992 1516 5041 attamen
1530 4987 1638 5039 merant
1653 4987 1707 5040 dno
1722 4989 1831 5041 lumina.
