<?xml version="1.0" encoding="UTF-8"?>
<!DOCTYPE html PUBLIC "-//W3C//DTD XHTML 1.0 Transitional//EN"
    "http://www.w3.org/TR/xhtml1/DTD/xhtml1-transitional.dtd">
<html xmlns="http://www.w3.org/1999/xhtml" xml:lang="en" lang="en">
 <head>
  <title>
</title>
<meta http-equiv="Content-Type" content="text/html;charset=utf-8" />
  <meta name='ocr-system' content='tesseract 3.04.00' />
  <meta name='ocr-capabilities' content='ocr_page ocr_carea ocr_par ocr_line ocrx_word'/>
</head>
<body>
  <div class='ocr_page' id='page_1' title='image "./comentumsuperda01unkngoog_0397.png"; bbox 0 0 4542 6842; ppageno 0'>
   <div class='ocr_carea' id='block_1_1' title="bbox 728 945 1566 1016">
    <p class='ocr_par' dir='ltr' id='par_1_1' title="bbox 728 945 1566 1016">
     <span class='ocr_line' id='line_1_1' title="bbox 728 945 1566 1016; baseline 0.002 -4"><span class='ocrx_word' id='word_1_1' title='bbox 728 957 867 1014; x_wconf 78' lang='lat' dir='ltr'>caurus</span> <span class='ocrx_word' id='word_1_2' title='bbox 892 957 1051 1014; x_wconf 82' lang='lat' dir='ltr'>nucruus</span> <span class='ocrx_word' id='word_1_3' title='bbox 1064 957 1238 1014; x_wconf 78' lang='lat' dir='ltr'>rannus.</span> <span class='ocrx_word' id='word_1_4' title='bbox 1495 945 1566 1016; x_wconf 81' lang='grc'>353</span> 
     </span>
    </p>
   </div>
   <div class='ocr_carea' id='block_1_2' title="bbox 392 1101 1568 2280">
    <p class='ocr_par' dir='ltr' id='par_1_2' title="bbox 392 1101 1568 2280">
     <span class='ocr_line' id='line_1_2' title="bbox 395 1101 1567 1202; baseline 0.004 -28"><span class='ocrx_word' id='word_1_5' title='bbox 395 1110 602 1197; x_wconf 89' lang='lat' dir='ltr'>respectum</span> <span class='ocrx_word' id='word_1_6' title='bbox 629 1102 832 1178; x_wconf 88' lang='lat' dir='ltr'>secuudum</span> <span class='ocrx_word' id='word_1_7' title='bbox 858 1103 933 1176; x_wconf 87' lang='lat' dir='ltr'>duo</span> <span class='ocrx_word' id='word_1_8' title='bbox 958 1101 1102 1178; x_wconf 89' lang='lat' dir='ltr'>diversa</span> <span class='ocrx_word' id='word_1_9' title='bbox 1129 1103 1221 1177; x_wconf 88' lang='lat' dir='ltr'>luca.</span> <span class='ocrx_word' id='word_1_10' title='bbox 1247 1103 1366 1178; x_wconf 84' lang='lat' dir='ltr'>Homo</span> <span class='ocrx_word' id='word_1_11' title='bbox 1386 1105 1485 1180; x_wconf 89' lang='lat' dir='ltr'>enim</span> <span class='ocrx_word' id='word_1_12' title='bbox 1501 1126 1567 1202; x_wconf 87' lang='lat' dir='ltr'>po-</span> 
     </span>
     <span class='ocr_line' id='line_1_3' title="bbox 393 1221 1568 1320; baseline 0.005 -26"><span class='ocrx_word' id='word_1_13' title='bbox 393 1221 484 1296; x_wconf 90' lang='lat' dir='ltr'>situs</span> <span class='ocrx_word' id='word_1_14' title='bbox 501 1223 538 1296; x_wconf 94' lang='lat' dir='ltr'>in</span> <span class='ocrx_word' id='word_1_15' title='bbox 556 1223 710 1316; x_wconf 82' lang='lat' dir='ltr'>interno,</span> <span class='ocrx_word' id='word_1_16' title='bbox 724 1222 815 1297; x_wconf 88' lang='lat' dir='ltr'>idest</span> <span class='ocrx_word' id='word_1_17' title='bbox 828 1221 865 1296; x_wconf 94' lang='lat' dir='ltr'>in</span> <span class='ocrx_word' id='word_1_18' title='bbox 882 1228 978 1296; x_wconf 90' lang='lat' dir='ltr'>statu</span> <span class='ocrx_word' id='word_1_19' title='bbox 997 1221 1188 1313; x_wconf 88' lang='lat' dir='ltr'>vitiorum,</span> <span class='ocrx_word' id='word_1_20' title='bbox 1206 1243 1280 1297; x_wconf 88' lang='lat' dir='ltr'>nou</span> <span class='ocrx_word' id='word_1_21' title='bbox 1296 1225 1482 1320; x_wconf 76' lang='lat' dir='ltr'><strong>cognoscit</strong></span> <span class='ocrx_word' id='word_1_22' title='bbox 1499 1245 1568 1301; x_wconf 89' lang='lat' dir='ltr'>nec</span> 
     </span>
     <span class='ocr_line' id='line_1_4' title="bbox 393 1341 1566 1438; baseline 0.004 -24"><span class='ocrx_word' id='word_1_23' title='bbox 393 1341 565 1418; x_wconf 70' lang='lat' dir='ltr'>discernit</span> <span class='ocrx_word' id='word_1_24' title='bbox 582 1349 743 1437; x_wconf 86' lang='lat' dir='ltr'>peccatu,</span> <span class='ocrx_word' id='word_1_25' title='bbox 762 1341 829 1415; x_wconf 87' lang='lat' dir='ltr'>nisi</span> <span class='ocrx_word' id='word_1_26' title='bbox 849 1341 886 1415; x_wconf 94' lang='lat' dir='ltr'>iu</span> <span class='ocrx_word' id='word_1_27' title='bbox 911 1343 1101 1417; x_wconf 90' lang='lat' dir='ltr'>communi</span> <span class='ocrx_word' id='word_1_28' title='bbox 1122 1343 1214 1416; x_wconf 89' lang='lat' dir='ltr'>etin</span> <span class='ocrx_word' id='word_1_29' title='bbox 1239 1343 1402 1438; x_wconf 79' lang='lat' dir='ltr'>confuso,</span> <span class='ocrx_word' id='word_1_30' title='bbox 1419 1345 1514 1420; x_wconf 90' lang='lat' dir='ltr'>sicut</span> <span class='ocrx_word' id='word_1_31' title='bbox 1529 1344 1566 1419; x_wconf 93' lang='lat' dir='ltr'>iu</span> 
     </span>
     <span class='ocr_line' id='line_1_5' title="bbox 394 1460 1568 1560; baseline 0.003 -24"><span class='ocrx_word' id='word_1_32' title='bbox 394 1461 547 1538; x_wconf 88' lang='lat' dir='ltr'>materia</span> <span class='ocrx_word' id='word_1_33' title='bbox 573 1461 754 1557; x_wconf 82' lang='lat' dir='ltr'>praesenti,</span> <span class='ocrx_word' id='word_1_34' title='bbox 773 1460 857 1536; x_wconf 92' lang='lat' dir='ltr'>dicit</span> <span class='ocrx_word' id='word_1_35' title='bbox 873 1461 1070 1558; x_wconf 88' lang='lat' dir='ltr'>aliquande</span> <span class='ocrx_word' id='word_1_36' title='bbox 1090 1462 1292 1558; x_wconf 89' lang='lat' dir='ltr'>superbus:</span> <span class='ocrx_word' id='word_1_37' title='bbox 1311 1464 1406 1539; x_wconf 85' lang='lat' dir='ltr'>bene</span> <span class='ocrx_word' id='word_1_38' title='bbox 1429 1485 1568 1560; x_wconf 87' lang='lat' dir='ltr'>cognu-</span> 
     </span>
     <span class='ocr_line' id='line_1_6' title="bbox 392 1581 1566 1679; baseline 0.001 -23"><span class='ocrx_word' id='word_1_39' title='bbox 392 1601 454 1656; x_wconf 87' lang='lat' dir='ltr'>scu</span> <span class='ocrx_word' id='word_1_40' title='bbox 472 1581 603 1656; x_wconf 88' lang='lat' dir='ltr'>vitium</span> <span class='ocrx_word' id='word_1_41' title='bbox 622 1601 760 1676; x_wconf 91' lang='lat' dir='ltr'>mcum,</span> <span class='ocrx_word' id='word_1_42' title='bbox 778 1581 874 1656; x_wconf 91' lang='lat' dir='ltr'>bene</span> <span class='ocrx_word' id='word_1_43' title='bbox 891 1581 965 1656; x_wconf 92' lang='lat' dir='ltr'>scio</span> <span class='ocrx_word' id='word_1_44' title='bbox 984 1581 1082 1676; x_wconf 87' lang='lat' dir='ltr'>quud</span> <span class='ocrx_word' id='word_1_45' title='bbox 1100 1603 1184 1656; x_wconf 92' lang='lat' dir='ltr'>sum</span> <span class='ocrx_word' id='word_1_46' title='bbox 1202 1583 1402 1679; x_wconf 73' lang='lat' dir='ltr'>superbus,</span> <span class='ocrx_word' id='word_1_47' title='bbox 1415 1584 1480 1660; x_wconf 89' lang='lat' dir='ltr'>sed</span> <span class='ocrx_word' id='word_1_48' title='bbox 1492 1605 1566 1658; x_wconf 88' lang='lat' dir='ltr'>nou</span> 
     </span>
     <span class='ocr_line' id='line_1_7' title="bbox 392 1701 1566 1799; baseline 0.003 -23"><span class='ocrx_word' id='word_1_49' title='bbox 392 1701 495 1777; x_wconf 88' lang='lat' dir='ltr'>dicit:</span> <span class='ocrx_word' id='word_1_50' title='bbox 521 1723 605 1776; x_wconf 92' lang='lat' dir='ltr'>sum</span> <span class='ocrx_word' id='word_1_51' title='bbox 623 1702 777 1797; x_wconf 87' lang='lat' dir='ltr'>invidus,</span> <span class='ocrx_word' id='word_1_52' title='bbox 796 1723 879 1777; x_wconf 93' lang='lat' dir='ltr'>sum</span> <span class='ocrx_word' id='word_1_53' title='bbox 899 1701 1092 1799; x_wconf 84' lang='lat' dir='ltr'>giuriosus,</span> <span class='ocrx_word' id='word_1_54' title='bbox 1111 1724 1194 1778; x_wconf 92' lang='lat' dir='ltr'>sum</span> <span class='ocrx_word' id='word_1_55' title='bbox 1213 1704 1444 1799; x_wconf 86' lang='lat' dir='ltr'>temerarius,</span> <span class='ocrx_word' id='word_1_56' title='bbox 1462 1705 1566 1780; x_wconf 90' lang='lat' dir='ltr'>etita</span> 
     </span>
     <span class='ocr_line' id='line_1_8' title="bbox 392 1822 1566 1920; baseline -0.002 -22"><span class='ocrx_word' id='word_1_57' title='bbox 392 1822 438 1898; x_wconf 87' lang='lat' dir='ltr'>de</span> <span class='ocrx_word' id='word_1_58' title='bbox 454 1822 533 1898; x_wconf 88' lang='lat' dir='ltr'>aliis</span> <span class='ocrx_word' id='word_1_59' title='bbox 550 1822 693 1898; x_wconf 85' lang='lat' dir='ltr'>filiabus</span> <span class='ocrx_word' id='word_1_60' title='bbox 709 1822 901 1918; x_wconf 76' lang='lat' dir='ltr'>superbia.</span> <span class='ocrx_word' id='word_1_61' title='bbox 932 1823 1002 1897; x_wconf 89' lang='lat' dir='ltr'>Sed</span> <span class='ocrx_word' id='word_1_62' title='bbox 1022 1822 1160 1918; x_wconf 86' lang='lat' dir='ltr'>positus</span> <span class='ocrx_word' id='word_1_63' title='bbox 1176 1823 1214 1896; x_wconf 94' lang='lat' dir='ltr'>iu</span> <span class='ocrx_word' id='word_1_64' title='bbox 1230 1824 1456 1920; x_wconf 81' lang='lat' dir='ltr'>purgatorio,</span> <span class='ocrx_word' id='word_1_65' title='bbox 1474 1823 1566 1898; x_wconf 89' lang='lat' dir='ltr'>idest</span> 
     </span>
     <span class='ocr_line' id='line_1_9' title="bbox 393 1943 1565 2039; baseline 0 -23"><span class='ocrx_word' id='word_1_66' title='bbox 393 1943 429 2016; x_wconf 93' lang='lat' dir='ltr'>in</span> <span class='ocrx_word' id='word_1_67' title='bbox 463 1950 558 2019; x_wconf 87' lang='lat' dir='ltr'>statu</span> <span class='ocrx_word' id='word_1_68' title='bbox 595 1943 829 2039; x_wconf 85' lang='lat' dir='ltr'>poeuitentiae,</span> <span class='ocrx_word' id='word_1_69' title='bbox 855 1943 1026 2018; x_wconf 90' lang='lat' dir='ltr'>discernit</span> <span class='ocrx_word' id='word_1_70' title='bbox 1060 1950 1098 2018; x_wconf 91' lang='lat' dir='ltr'>et</span> <span class='ocrx_word' id='word_1_71' title='bbox 1133 1943 1297 2018; x_wconf 91' lang='lat' dir='ltr'>ruminat</span> <span class='ocrx_word' id='word_1_72' title='bbox 1329 1944 1454 2019; x_wconf 87' lang='lat' dir='ltr'>omnia</span> <span class='ocrx_word' id='word_1_73' title='bbox 1489 1951 1565 2019; x_wconf 89' lang='lat' dir='ltr'>tam</span> 
     </span>
     <span class='ocr_line' id='line_1_10' title="bbox 392 2061 1566 2159; baseline 0 -23"><span class='ocrx_word' id='word_1_74' title='bbox 392 2062 600 2159; x_wconf 86' lang='lat' dir='ltr'>principalia</span> <span class='ocrx_word' id='word_1_75' title='bbox 626 2085 739 2158; x_wconf 89' lang='lat' dir='ltr'>quam</span> <span class='ocrx_word' id='word_1_76' title='bbox 765 2063 980 2156; x_wconf 79' lang='lat' dir='ltr'>accessmia,</span> <span class='ocrx_word' id='word_1_77' title='bbox 1009 2069 1046 2137; x_wconf 88' lang='lat' dir='ltr'>et</span> <span class='ocrx_word' id='word_1_78' title='bbox 1070 2063 1116 2137; x_wconf 90' lang='lat' dir='ltr'>de</span> <span class='ocrx_word' id='word_1_79' title='bbox 1136 2061 1288 2159; x_wconf 85' lang='lat' dir='ltr'>singuiis</span> <span class='ocrx_word' id='word_1_80' title='bbox 1303 2061 1412 2157; x_wconf 82' lang='lat' dir='ltr'>dotet,</span> <span class='ocrx_word' id='word_1_81' title='bbox 1430 2071 1467 2138; x_wconf 91' lang='lat' dir='ltr'>et</span> <span class='ocrx_word' id='word_1_82' title='bbox 1487 2083 1566 2158; x_wconf 88' lang='lat' dir='ltr'>poe-</span> 
     </span>
     <span class='ocr_line' id='line_1_11' title="bbox 392 2181 1563 2280; baseline 0 -24"><span class='ocrx_word' id='word_1_83' title='bbox 392 2181 581 2280; x_wconf 87' lang='lat' dir='ltr'>nitentium</span> <span class='ocrx_word' id='word_1_84' title='bbox 602 2183 698 2280; x_wconf 82' lang='lat' dir='ltr'>agit3</span> <span class='ocrx_word' id='word_1_85' title='bbox 717 2183 812 2258; x_wconf 89' lang='lat' dir='ltr'>sicut</span> <span class='ocrx_word' id='word_1_86' title='bbox 836 2183 947 2258; x_wconf 90' lang='lat' dir='ltr'>etiam</span> <span class='ocrx_word' id='word_1_87' title='bbox 973 2189 1076 2278; x_wconf 74' lang='lat' dir='ltr'>potu</span> <span class='ocrx_word' id='word_1_88' title='bbox 1094 2182 1231 2276; x_wconf 89' lang='lat' dir='ltr'>videre,</span> <span class='ocrx_word' id='word_1_89' title='bbox 1250 2182 1350 2277; x_wconf 89' lang='lat' dir='ltr'>quud</span> <span class='ocrx_word' id='word_1_90' title='bbox 1366 2183 1403 2256; x_wconf 98' lang='lat' dir='ltr'>in</span> <span class='ocrx_word' id='word_1_91' title='bbox 1420 2182 1563 2257; x_wconf 82' lang='lat' dir='ltr'>interno</span> 
     </span>
    </p>
   </div>
   <div class='ocr_carea' id='block_1_3' title="bbox 391 2300 1693 2397">
    <p class='ocr_par' dir='ltr' id='par_1_3' title="bbox 391 2300 1693 2397">
     <span class='ocr_line' id='line_1_12' title="bbox 391 2300 1693 2397; baseline 0.002 -23"><span class='ocrx_word' id='word_1_92' title='bbox 391 2300 460 2375; x_wconf 92' lang='lat' dir='ltr'>sub</span> <span class='ocrx_word' id='word_1_93' title='bbox 485 2301 677 2377; x_wconf 82' lang='lat' dir='ltr'>involucro</span> <span class='ocrx_word' id='word_1_94' title='bbox 703 2303 872 2378; x_wconf 83' lang='lat' dir='ltr'>tractavit</span> <span class='ocrx_word' id='word_1_95' title='bbox 897 2303 934 2377; x_wconf 93' lang='lat' dir='ltr'>iu</span> <span class='ocrx_word' id='word_1_96' title='bbox 960 2324 1035 2377; x_wconf 91' lang='lat' dir='ltr'>uno</span> <span class='ocrx_word' id='word_1_97' title='bbox 1055 2302 1214 2397; x_wconf 86' lang='lat' dir='ltr'>capituto</span> <span class='ocrx_word' id='word_1_98' title='bbox 1231 2303 1278 2377; x_wconf 93' lang='lat' dir='ltr'>de</span> <span class='ocrx_word' id='word_1_99' title='bbox 1293 2302 1460 2396; x_wconf 86' lang='lat' dir='ltr'>avaritia,</span> <span class='ocrx_word' id='word_1_100' title='bbox 1477 2322 1565 2397; x_wconf 88' lang='lat' dir='ltr'>pro·</span> <span class='ocrx_word' id='word_1_101' title='bbox 1689 2389 1693 2395; x_wconf 89' lang='lat'>.</span> 
     </span>
    </p>
   </div>
   <div class='ocr_carea' id='block_1_4' title="bbox 386 2419 1565 4924">
    <p class='ocr_par' dir='ltr' id='par_1_4' title="bbox 386 2419 1565 4924">
     <span class='ocr_line' id='line_1_13' title="bbox 389 2419 1564 2520; baseline 0.002 -26"><span class='ocrx_word' id='word_1_102' title='bbox 389 2419 585 2517; x_wconf 80' lang='lat' dir='ltr'>digatitate,</span> <span class='ocrx_word' id='word_1_103' title='bbox 612 2423 801 2498; x_wconf 80' lang='lat' dir='ltr'>iracundia</span> <span class='ocrx_word' id='word_1_104' title='bbox 827 2431 865 2498; x_wconf 89' lang='lat' dir='ltr'>et</span> <span class='ocrx_word' id='word_1_105' title='bbox 889 2422 1026 2498; x_wconf 83' lang='lat' dir='ltr'>accidia</span> <span class='ocrx_word' id='word_1_106' title='bbox 1059 2422 1095 2496; x_wconf 92' lang='lat' dir='ltr'>in</span> <span class='ocrx_word' id='word_1_107' title='bbox 1126 2422 1289 2520; x_wconf 83' lang='lat' dir='ltr'>generati</span> <span class='ocrx_word' id='word_1_108' title='bbox 1323 2429 1361 2498; x_wconf 91' lang='lat' dir='ltr'>et</span> <span class='ocrx_word' id='word_1_109' title='bbox 1389 2443 1564 2518; x_wconf 83' lang='lat' dir='ltr'>campen-</span> 
     </span>
     <span class='ocr_line' id='line_1_14' title="bbox 389 2540 1563 2638; baseline 0.002 -23"><span class='ocrx_word' id='word_1_110' title='bbox 389 2540 500 2636; x_wconf 90' lang='lat' dir='ltr'>diose,</span> <span class='ocrx_word' id='word_1_111' title='bbox 528 2563 601 2616; x_wconf 91' lang='lat' dir='ltr'>uon</span> <span class='ocrx_word' id='word_1_112' title='bbox 628 2543 851 2618; x_wconf 84' lang='lat' dir='ltr'>nominando</span> <span class='ocrx_word' id='word_1_113' title='bbox 875 2543 913 2617; x_wconf 93' lang='lat' dir='ltr'>iu</span> <span class='ocrx_word' id='word_1_114' title='bbox 938 2543 1085 2638; x_wconf 84' lang='lat' dir='ltr'>speciali</span> <span class='ocrx_word' id='word_1_115' title='bbox 1110 2543 1273 2637; x_wconf 88' lang='lat' dir='ltr'>aliquem</span> <span class='ocrx_word' id='word_1_116' title='bbox 1288 2563 1458 2637; x_wconf 87' lang='lat' dir='ltr'>avarum,</span> <span class='ocrx_word' id='word_1_117' title='bbox 1477 2563 1563 2638; x_wconf 87' lang='lat' dir='ltr'>pro-</span> 
     </span>
     <span class='ocr_line' id='line_1_15' title="bbox 390 2659 1564 2761; baseline 0.004 -26"><span class='ocrx_word' id='word_1_118' title='bbox 390 2659 530 2759; x_wconf 84' lang='lat' dir='ltr'>digum,</span> <span class='ocrx_word' id='word_1_119' title='bbox 548 2664 690 2738; x_wconf 90' lang='lat' dir='ltr'>irosum</span> <span class='ocrx_word' id='word_1_120' title='bbox 717 2672 754 2740; x_wconf 89' lang='lat' dir='ltr'>et</span> <span class='ocrx_word' id='word_1_121' title='bbox 774 2664 1009 2740; x_wconf 89' lang='lat' dir='ltr'>accidiosum.</span> <span class='ocrx_word' id='word_1_122' title='bbox 1028 2665 1068 2737; x_wconf 88' lang='lat' dir='ltr'>tn</span> <span class='ocrx_word' id='word_1_123' title='bbox 1086 2663 1300 2761; x_wconf 83' lang='lat' dir='ltr'>purgatorio</span> <span class='ocrx_word' id='word_1_124' title='bbox 1321 2684 1411 2739; x_wconf 87' lang='lat' dir='ltr'>veru</span> <span class='ocrx_word' id='word_1_125' title='bbox 1432 2672 1564 2740; x_wconf 87' lang='lat' dir='ltr'>tractat</span> 
     </span>
     <span class='ocr_line' id='line_1_16' title="bbox 389 2780 1563 2880; baseline 0.003 -25"><span class='ocrx_word' id='word_1_126' title='bbox 389 2780 436 2858; x_wconf 92' lang='lat' dir='ltr'>de</span> <span class='ocrx_word' id='word_1_127' title='bbox 466 2782 617 2880; x_wconf 84' lang='lat' dir='ltr'>singulis</span> <span class='ocrx_word' id='word_1_128' title='bbox 652 2784 829 2878; x_wconf 89' lang='lat' dir='ltr'>distincte,</span> <span class='ocrx_word' id='word_1_129' title='bbox 865 2783 1020 2880; x_wconf 81' lang='lat' dir='ltr'>diiiuse3</span> <span class='ocrx_word' id='word_1_130' title='bbox 1051 2784 1098 2859; x_wconf 91' lang='lat' dir='ltr'>de</span> <span class='ocrx_word' id='word_1_131' title='bbox 1132 2783 1283 2880; x_wconf 83' lang='lat' dir='ltr'>singuiis</span> <span class='ocrx_word' id='word_1_132' title='bbox 1324 2784 1460 2859; x_wconf 87' lang='lat' dir='ltr'>iaciens</span> <span class='ocrx_word' id='word_1_133' title='bbox 1489 2805 1563 2859; x_wconf 87' lang='lat' dir='ltr'>nuu</span> 
     </span>
     <span class='ocr_line' id='line_1_17' title="bbox 391 2905 1563 3004; baseline 0.002 -28"><span class='ocrx_word' id='word_1_134' title='bbox 391 2924 507 2978; x_wconf 92' lang='lat' dir='ltr'>unum</span> <span class='ocrx_word' id='word_1_135' title='bbox 540 2905 739 3000; x_wconf 87' lang='lat' dir='ltr'>capitulum</span> <span class='ocrx_word' id='word_1_136' title='bbox 772 2905 835 2979; x_wconf 89' lang='lat' dir='ltr'>sed</span> <span class='ocrx_word' id='word_1_137' title='bbox 870 2907 988 3001; x_wconf 88' lang='lat' dir='ltr'>plura,</span> <span class='ocrx_word' id='word_1_138' title='bbox 1015 2912 1053 2980; x_wconf 88' lang='lat' dir='ltr'>et</span> <span class='ocrx_word' id='word_1_139' title='bbox 1084 2905 1121 2979; x_wconf 95' lang='lat' dir='ltr'>in</span> <span class='ocrx_word' id='word_1_140' title='bbox 1154 2905 1303 3002; x_wconf 81' lang='lat' dir='ltr'>singuiis</span> <span class='ocrx_word' id='word_1_141' title='bbox 1336 2905 1563 3004; x_wconf 86' lang='lat' dir='ltr'>nominatim,</span> 
     </span>
     <span class='ocr_line' id='line_1_18' title="bbox 391 3025 1564 3120; baseline 0.002 -22"><span class='ocrx_word' id='word_1_142' title='bbox 391 3033 521 3099; x_wconf 91' lang='lat' dir='ltr'>notans</span> <span class='ocrx_word' id='word_1_143' title='bbox 545 3026 688 3120; x_wconf 89' lang='lat' dir='ltr'>aliquos</span> <span class='ocrx_word' id='word_1_144' title='bbox 715 3025 775 3100; x_wconf 88' lang='lat' dir='ltr'>taii</span> <span class='ocrx_word' id='word_1_145' title='bbox 810 3025 907 3101; x_wconf 86' lang='lat' dir='ltr'>vitio.</span> <span class='ocrx_word' id='word_1_146' title='bbox 934 3026 1005 3102; x_wconf 90' lang='lat' dir='ltr'>Sed</span> <span class='ocrx_word' id='word_1_147' title='bbox 1034 3026 1093 3100; x_wconf 92' lang='lat' dir='ltr'>bic</span> <span class='ocrx_word' id='word_1_148' title='bbox 1126 3026 1247 3100; x_wconf 87' lang='lat' dir='ltr'>statim</span> <span class='ocrx_word' id='word_1_149' title='bbox 1280 3025 1468 3100; x_wconf 75' lang='lat' dir='ltr'>suboritur</span> <span class='ocrx_word' id='word_1_150' title='bbox 1492 3025 1564 3100; x_wconf 85' lang='lat' dir='ltr'>aiia</span> 
     </span>
     <span class='ocr_line' id='line_1_19' title="bbox 390 3144 1561 3240; baseline -0.003 -20"><span class='ocrx_word' id='word_1_151' title='bbox 390 3144 580 3240; x_wconf 73' lang='lat' dir='ltr'>dubitatio,</span> <span class='ocrx_word' id='word_1_152' title='bbox 612 3167 697 3240; x_wconf 80' lang='lat' dir='ltr'>quae</span> <span class='ocrx_word' id='word_1_153' title='bbox 731 3167 804 3221; x_wconf 90' lang='lat' dir='ltr'>nun</span> <span class='ocrx_word' id='word_1_154' title='bbox 837 3146 982 3221; x_wconf 88' lang='lat' dir='ltr'>videtur</span> <span class='ocrx_word' id='word_1_155' title='bbox 1015 3147 1153 3222; x_wconf 88' lang='lat' dir='ltr'>babere</span> <span class='ocrx_word' id='word_1_156' title='bbox 1182 3145 1305 3220; x_wconf 93' lang='lat' dir='ltr'>minus</span> <span class='ocrx_word' id='word_1_157' title='bbox 1332 3145 1561 3220; x_wconf 87' lang='lat' dir='ltr'>difficultatis.</span> 
     </span>
     <span class='ocr_line' id='line_1_20' title="bbox 390 3265 1564 3362; baseline -0.001 -24"><span class='ocrx_word' id='word_1_158' title='bbox 390 3265 456 3340; x_wconf 90' lang='lat' dir='ltr'>Hic</span> <span class='ocrx_word' id='word_1_159' title='bbox 481 3265 579 3340; x_wconf 90' lang='lat' dir='ltr'>enim</span> <span class='ocrx_word' id='word_1_160' title='bbox 606 3266 749 3341; x_wconf 87' lang='lat' dir='ltr'>obiiciet</span> <span class='ocrx_word' id='word_1_161' title='bbox 774 3266 905 3360; x_wconf 85' lang='lat' dir='ltr'>aliquis</span> <span class='ocrx_word' id='word_1_162' title='bbox 930 3273 967 3341; x_wconf 88' lang='lat' dir='ltr'>ct</span> <span class='ocrx_word' id='word_1_163' title='bbox 994 3266 1146 3341; x_wconf 90' lang='lat' dir='ltr'>merito:</span> <span class='ocrx_word' id='word_1_164' title='bbox 1174 3266 1203 3341; x_wconf 93' lang='lat' dir='ltr'>si</span> <span class='ocrx_word' id='word_1_165' title='bbox 1229 3273 1337 3362; x_wconf 83' lang='lat' dir='ltr'>poeta</span> <span class='ocrx_word' id='word_1_166' title='bbox 1362 3265 1399 3339; x_wconf 95' lang='lat' dir='ltr'>in</span> <span class='ocrx_word' id='word_1_167' title='bbox 1425 3285 1564 3360; x_wconf 81' lang='lat' dir='ltr'>purga·</span> 
     </span>
     <span class='ocr_line' id='line_1_21' title="bbox 391 3385 1565 3482; baseline -0.001 -21"><span class='ocrx_word' id='word_1_168' title='bbox 391 3385 487 3461; x_wconf 85' lang='lat' dir='ltr'>turio</span> <span class='ocrx_word' id='word_1_169' title='bbox 513 3385 629 3482; x_wconf 82' lang='lat' dir='ltr'>magis</span> <span class='ocrx_word' id='word_1_170' title='bbox 655 3386 796 3460; x_wconf 89' lang='lat' dir='ltr'>minute</span> <span class='ocrx_word' id='word_1_171' title='bbox 827 3385 988 3480; x_wconf 80' lang='lat' dir='ltr'>exquirit</span> <span class='ocrx_word' id='word_1_172' title='bbox 1017 3393 1055 3460; x_wconf 93' lang='lat' dir='ltr'>et</span> <span class='ocrx_word' id='word_1_173' title='bbox 1082 3385 1229 3460; x_wconf 92' lang='lat' dir='ltr'>discutit</span> <span class='ocrx_word' id='word_1_174' title='bbox 1258 3393 1420 3481; x_wconf 82' lang='lat' dir='ltr'>peccata,</span> <span class='ocrx_word' id='word_1_175' title='bbox 1447 3405 1565 3480; x_wconf 91' lang='lat' dir='ltr'>quare</span> 
     </span>
     <span class='ocr_line' id='line_1_22' title="bbox 390 3497 1564 3602; baseline -0.002 -22"><span class='ocrx_word' id='word_1_176' title='bbox 390 3525 480 3601; x_wconf 79' lang='lat' dir='ltr'>ergo</span> <span class='ocrx_word' id='word_1_177' title='bbox 501 3505 543 3590; x_wconf 52' lang='lat' dir='ltr'>,m</span> <span class='ocrx_word' id='word_1_178' title='bbox 568 3504 781 3602; x_wconf 81' lang='lat' dir='ltr'>purgatorie</span> <span class='ocrx_word' id='word_1_179' title='bbox 817 3526 890 3580; x_wconf 91' lang='lat' dir='ltr'>non</span> <span class='ocrx_word' id='word_1_180' title='bbox 905 3497 941 3598; x_wconf 80' lang='lat'>(¹)</span> <span class='ocrx_word' id='word_1_181' title='bbox 969 3505 1074 3601; x_wconf 89' lang='lat' dir='ltr'>punit</span> <span class='ocrx_word' id='word_1_182' title='bbox 1103 3511 1141 3580; x_wconf 88' lang='lat' dir='ltr'>et</span> <span class='ocrx_word' id='word_1_183' title='bbox 1172 3511 1307 3602; x_wconf 85' lang='lat' dir='ltr'>purgat</span> <span class='ocrx_word' id='word_1_184' title='bbox 1337 3511 1391 3579; x_wconf 89' lang='lat' dir='ltr'>tut</span> <span class='ocrx_word' id='word_1_185' title='bbox 1425 3504 1564 3600; x_wconf 81' lang='lat' dir='ltr'>species</span> 
     </span>
     <span class='ocr_line' id='line_1_23' title="bbox 389 3624 1562 3719; baseline 0.001 -21"><span class='ocrx_word' id='word_1_186' title='bbox 389 3625 646 3700; x_wconf 82' lang='lat' dir='ltr'>violentiarum</span> <span class='ocrx_word' id='word_1_187' title='bbox 672 3632 710 3700; x_wconf 89' lang='lat' dir='ltr'>et</span> <span class='ocrx_word' id='word_1_188' title='bbox 734 3624 933 3718; x_wconf 81' lang='lat' dir='ltr'>fraudium,</span> <span class='ocrx_word' id='word_1_189' title='bbox 952 3645 1044 3719; x_wconf 90' lang='lat' dir='ltr'>quas</span> <span class='ocrx_word' id='word_1_190' title='bbox 1065 3632 1165 3700; x_wconf 87' lang='lat' dir='ltr'>tauta</span> <span class='ocrx_word' id='word_1_191' title='bbox 1188 3633 1272 3701; x_wconf 86' lang='lat' dir='ltr'>arte</span> <span class='ocrx_word' id='word_1_192' title='bbox 1296 3632 1334 3700; x_wconf 88' lang='lat' dir='ltr'>et</span> <span class='ocrx_word' id='word_1_193' title='bbox 1358 3625 1479 3700; x_wconf 84' lang='lat' dir='ltr'>studio</span> <span class='ocrx_word' id='word_1_194' title='bbox 1496 3624 1562 3699; x_wconf 92' lang='lat' dir='ltr'>de-</span> 
     </span>
     <span class='ocr_line' id='line_1_24' title="bbox 389 3744 1562 3842; baseline -0.004 -20"><span class='ocrx_word' id='word_1_195' title='bbox 389 3745 513 3822; x_wconf 89' lang='lat' dir='ltr'>scribit</span> <span class='ocrx_word' id='word_1_196' title='bbox 537 3752 575 3821; x_wconf 89' lang='lat' dir='ltr'>et</span> <span class='ocrx_word' id='word_1_197' title='bbox 598 3745 786 3842; x_wconf 87' lang='lat' dir='ltr'>distinguit</span> <span class='ocrx_word' id='word_1_198' title='bbox 811 3745 848 3820; x_wconf 95' lang='lat' dir='ltr'>in</span> <span class='ocrx_word' id='word_1_199' title='bbox 874 3746 1042 3821; x_wconf 76' lang='lat' dir='ltr'>interno?</span> <span class='ocrx_word' id='word_1_200' title='bbox 1064 3767 1149 3820; x_wconf 92' lang='lat' dir='ltr'>uam</span> <span class='ocrx_word' id='word_1_201' title='bbox 1181 3745 1217 3819; x_wconf 94' lang='lat' dir='ltr'>iu</span> <span class='ocrx_word' id='word_1_202' title='bbox 1247 3752 1325 3821; x_wconf 87' lang='lat' dir='ltr'>tutu</span> <span class='ocrx_word' id='word_1_203' title='bbox 1345 3744 1562 3842; x_wconf 87' lang='lat' dir='ltr'>purgatorio</span> 
     </span>
     <span class='ocr_line' id='line_1_25' title="bbox 390 3864 1559 3962; baseline -0.004 -20"><span class='ocrx_word' id='word_1_204' title='bbox 390 3867 477 3942; x_wconf 91' lang='lat' dir='ltr'>nibil</span> <span class='ocrx_word' id='word_1_205' title='bbox 509 3865 595 3941; x_wconf 91' lang='lat' dir='ltr'>dicit</span> <span class='ocrx_word' id='word_1_206' title='bbox 628 3865 674 3940; x_wconf 91' lang='lat' dir='ltr'>de</span> <span class='ocrx_word' id='word_1_207' title='bbox 708 3864 940 3962; x_wconf 88' lang='lat' dir='ltr'>blasphemis,</span> <span class='ocrx_word' id='word_1_208' title='bbox 967 3865 1258 3961; x_wconf 87' lang='lat' dir='ltr'>desperantibus,</span> <span class='ocrx_word' id='word_1_209' title='bbox 1283 3865 1559 3958; x_wconf 87' lang='lat' dir='ltr'>ioeuerantibus,</span> 
     </span>
     <span class='ocr_line' id='line_1_26' title="bbox 390 3984 1560 4083; baseline -0.004 -20"><span class='ocrx_word' id='word_1_210' title='bbox 390 3994 427 4063; x_wconf 91' lang='lat' dir='ltr'>et</span> <span class='ocrx_word' id='word_1_211' title='bbox 452 3993 580 4062; x_wconf 90' lang='lat' dir='ltr'>contra</span> <span class='ocrx_word' id='word_1_212' title='bbox 606 3993 777 4062; x_wconf 91' lang='lat' dir='ltr'>naturam</span> <span class='ocrx_word' id='word_1_213' title='bbox 803 3986 1016 4083; x_wconf 79' lang='lat' dir='ltr'>agentibus3</span> <span class='ocrx_word' id='word_1_214' title='bbox 1043 3984 1208 4060; x_wconf 90' lang='lat' dir='ltr'>similiter</span> <span class='ocrx_word' id='word_1_215' title='bbox 1230 4007 1299 4061; x_wconf 88' lang='lat' dir='ltr'>nec</span> <span class='ocrx_word' id='word_1_216' title='bbox 1324 3986 1371 4062; x_wconf 95' lang='lat' dir='ltr'>de</span> <span class='ocrx_word' id='word_1_217' title='bbox 1394 3986 1560 4061; x_wconf 82' lang='lat' dir='ltr'>adulatu-</span> 
     </span>
     <span class='ocr_line' id='line_1_27' title="bbox 390 4104 1562 4201; baseline -0.004 -19"><span class='ocrx_word' id='word_1_218' title='bbox 390 4107 502 4201; x_wconf 90' lang='lat' dir='ltr'>ribus,</span> <span class='ocrx_word' id='word_1_219' title='bbox 529 4107 681 4199; x_wconf 87' lang='lat' dir='ltr'>iuribus,</span> <span class='ocrx_word' id='word_1_220' title='bbox 707 4106 983 4199; x_wconf 66' lang='lat' dir='ltr'>divinatoribus</span> <span class='ocrx_word' id='word_1_221' title='bbox 1004 4105 1226 4200; x_wconf 88' lang='lat' dir='ltr'>scismaticis,</span> <span class='ocrx_word' id='word_1_222' title='bbox 1249 4105 1412 4199; x_wconf 86' lang='lat' dir='ltr'>iaisariis,</span> <span class='ocrx_word' id='word_1_223' title='bbox 1439 4104 1562 4200; x_wconf 87' lang='lat' dir='ltr'>prudi-</span> 
     </span>
     <span class='ocr_line' id='line_1_28' title="bbox 390 4222 1561 4323; baseline -0.004 -22"><span class='ocrx_word' id='word_1_224' title='bbox 390 4226 541 4320; x_wconf 86' lang='lat' dir='ltr'>turibus,</span> <span class='ocrx_word' id='word_1_225' title='bbox 571 4226 780 4322; x_wconf 91' lang='lat' dir='ltr'>dequibus</span> <span class='ocrx_word' id='word_1_226' title='bbox 811 4226 1020 4323; x_wconf 82' lang='lat' dir='ltr'>singulatim</span> <span class='ocrx_word' id='word_1_227' title='bbox 1057 4231 1189 4301; x_wconf 84' lang='lat' dir='ltr'>tractat</span> <span class='ocrx_word' id='word_1_228' title='bbox 1219 4225 1257 4298; x_wconf 96' lang='lat' dir='ltr'>in</span> <span class='ocrx_word' id='word_1_229' title='bbox 1290 4225 1462 4299; x_wconf 76' lang='lat' dir='ltr'>interno?</span> <span class='ocrx_word' id='word_1_230' title='bbox 1500 4222 1561 4296; x_wconf 84' lang='lat' dir='ltr'>Di-</span> 
     </span>
     <span class='ocr_line' id='line_1_29' title="bbox 388 4345 1562 4442; baseline -0.003 -20"><span class='ocrx_word' id='word_1_231' title='bbox 388 4347 546 4422; x_wconf 91' lang='lat' dir='ltr'>cendum</span> <span class='ocrx_word' id='word_1_232' title='bbox 580 4346 752 4441; x_wconf 90' lang='lat' dir='ltr'>breviter,</span> <span class='ocrx_word' id='word_1_233' title='bbox 786 4354 826 4421; x_wconf 88' lang='lat' dir='ltr'>ut</span> <span class='ocrx_word' id='word_1_234' title='bbox 861 4346 949 4421; x_wconf 91' lang='lat' dir='ltr'>mihi</span> <span class='ocrx_word' id='word_1_235' title='bbox 984 4346 1141 4439; x_wconf 89' lang='lat' dir='ltr'>videtur,</span> <span class='ocrx_word' id='word_1_236' title='bbox 1179 4345 1278 4440; x_wconf 89' lang='lat' dir='ltr'>quod</span> <span class='ocrx_word' id='word_1_237' title='bbox 1314 4345 1374 4421; x_wconf 90' lang='lat' dir='ltr'>hic</span> <span class='ocrx_word' id='word_1_238' title='bbox 1407 4345 1562 4442; x_wconf 85' lang='lat' dir='ltr'>diligens</span> 
     </span>
     <span class='ocr_line' id='line_1_30' title="bbox 389 4464 1561 4562; baseline -0.003 -22"><span class='ocrx_word' id='word_1_239' title='bbox 389 4468 584 4542; x_wconf 88' lang='lat' dir='ltr'>trutinatur</span> <span class='ocrx_word' id='word_1_240' title='bbox 617 4467 656 4539; x_wconf 94' lang='lat' dir='ltr'>iu</span> <span class='ocrx_word' id='word_1_241' title='bbox 692 4467 906 4562; x_wconf 83' lang='lat' dir='ltr'>purgatorio</span> <span class='ocrx_word' id='word_1_242' title='bbox 944 4472 1076 4540; x_wconf 91' lang='lat' dir='ltr'>tractat</span> <span class='ocrx_word' id='word_1_243' title='bbox 1108 4465 1302 4562; x_wconf 84' lang='lat' dir='ltr'>diiigenter</span> <span class='ocrx_word' id='word_1_244' title='bbox 1334 4464 1381 4539; x_wconf 92' lang='lat' dir='ltr'>de</span> <span class='ocrx_word' id='word_1_245' title='bbox 1419 4470 1561 4559; x_wconf 88' lang='lat' dir='ltr'>septem</span> 
     </span>
     <span class='ocr_line' id='line_1_31' title="bbox 388 4585 1561 4684; baseline -0.003 -24"><span class='ocrx_word' id='word_1_246' title='bbox 388 4587 543 4684; x_wconf 85' lang='lat' dir='ltr'>peccatis</span> <span class='ocrx_word' id='word_1_247' title='bbox 575 4586 830 4682; x_wconf 84' lang='lat' dir='ltr'>principatibus</span> <span class='ocrx_word' id='word_1_248' title='bbox 863 4606 996 4661; x_wconf 89' lang='lat' dir='ltr'>eorum</span> <span class='ocrx_word' id='word_1_249' title='bbox 1028 4586 1189 4660; x_wconf 87' lang='lat' dir='ltr'>maxime</span> <span class='ocrx_word' id='word_1_250' title='bbox 1220 4585 1284 4678; x_wconf 88' lang='lat' dir='ltr'>qui</span> <span class='ocrx_word' id='word_1_251' title='bbox 1313 4590 1561 4679; x_wconf 88' lang='lat' dir='ltr'>peccaverunt</span> 
     </span>
     <span class='ocr_line' id='line_1_32' title="bbox 386 4704 1560 4804; baseline -0.002 -24"><span class='ocrx_word' id='word_1_252' title='bbox 386 4728 453 4804; x_wconf 83' lang='lat' dir='ltr'>per</span> <span class='ocrx_word' id='word_1_253' title='bbox 472 4707 779 4802; x_wconf 87' lang='lat' dir='ltr'>incontinentiam,</span> <span class='ocrx_word' id='word_1_254' title='bbox 798 4707 884 4802; x_wconf 90' lang='lat' dir='ltr'>quia</span> <span class='ocrx_word' id='word_1_255' title='bbox 901 4706 948 4782; x_wconf 91' lang='lat' dir='ltr'>de</span> <span class='ocrx_word' id='word_1_256' title='bbox 965 4706 1098 4781; x_wconf 88' lang='lat' dir='ltr'>talibus</span> <span class='ocrx_word' id='word_1_257' title='bbox 1115 4705 1353 4782; x_wconf 83' lang='lat' dir='ltr'>inveniuntur</span> <span class='ocrx_word' id='word_1_258' title='bbox 1371 4704 1478 4778; x_wconf 91' lang='lat' dir='ltr'>multi</span> <span class='ocrx_word' id='word_1_259' title='bbox 1497 4705 1560 4799; x_wconf 92' lang='lat' dir='ltr'>qui</span> 
     </span>
     <span class='ocr_line' id='line_1_33' title="bbox 388 4819 1562 4924; baseline -0.002 -24"><span class='ocrx_word' id='word_1_260' title='bbox 388 4828 541 4903; x_wconf 89' lang='lat' dir='ltr'>veniunt</span> <span class='ocrx_word' id='word_1_261' title='bbox 563 4828 610 4904; x_wconf 89' lang='lat' dir='ltr'>ad</span> <span class='ocrx_word' id='word_1_262' title='bbox 635 4828 892 4924; x_wconf 82' lang='lat' dir='ltr'>purgatorium</span> <span class='ocrx_word' id='word_1_263' title='bbox 919 4819 1005 4921; x_wconf 78' lang='lat' dir='ltr'>et(²)</span> <span class='ocrx_word' id='word_1_264' title='bbox 1038 4826 1289 4924; x_wconf 77' lang='lat' dir='ltr'>poeniteutiam</span> <span class='ocrx_word' id='word_1_265' title='bbox 1320 4826 1358 4899; x_wconf 94' lang='lat' dir='ltr'>in</span> <span class='ocrx_word' id='word_1_266' title='bbox 1388 4825 1475 4919; x_wconf 88' lang='lat' dir='ltr'>vita,</span> <span class='ocrx_word' id='word_1_267' title='bbox 1502 4825 1562 4901; x_wconf 90' lang='lat' dir='ltr'>vel</span> 
     </span>
    </p>
   </div>
   <div class='ocr_carea' id='block_1_5' title="bbox 450 5087 1426 5242">
    <p class='ocr_par' dir='ltr' id='par_1_5' title="bbox 450 5087 1426 5242">
     <span class='ocr_line' id='line_1_34' title="bbox 450 5087 1349 5155; baseline -0.004 -13"><span class='ocrx_word' id='word_1_268' title='bbox 450 5091 477 5154; x_wconf 86' lang='lat'>(¹)</span> <span class='ocrx_word' id='word_1_269' title='bbox 495 5094 549 5152; x_wconf 82' lang='lat'>117,</span> <span class='ocrx_word' id='word_1_270' title='bbox 566 5105 619 5142; x_wconf 89' lang='lat' dir='ltr'>nou</span> <span class='ocrx_word' id='word_1_271' title='bbox 635 5092 715 5154; x_wconf 82' lang='lat' dir='ltr'>pouit,</span> <span class='ocrx_word' id='word_1_272' title='bbox 731 5095 758 5142; x_wconf 86' lang='lat' dir='ltr'>et</span> <span class='ocrx_word' id='word_1_273' title='bbox 774 5095 875 5155; x_wconf 77' lang='lat' dir='ltr'>purgat.</span> <span class='ocrx_word' id='word_1_274' title='bbox 1012 5087 1040 5152; x_wconf 78' lang='lat'>(¹)</span> <span class='ocrx_word' id='word_1_275' title='bbox 1057 5089 1083 5140; x_wconf 89' lang='lat' dir='ltr'>S.</span> <span class='ocrx_word' id='word_1_276' title='bbox 1099 5102 1148 5153; x_wconf 81' lang='lat' dir='ltr'>per</span> <span class='ocrx_word' id='word_1_277' title='bbox 1163 5088 1349 5152; x_wconf 71' lang='lat' dir='ltr'>paenitentiam.</span> 
     </span>
     <span class='ocr_line' id='line_1_35' title="bbox 520 5193 1426 5242; baseline -0.006 -1"><span class='ocrx_word' id='word_1_278' title='bbox 520 5198 562 5242; x_wconf 83' lang='lat'>111.</span> <span class='ocrx_word' id='word_1_279' title='bbox 1398 5193 1426 5236; x_wconf 72' lang='lat'>28</span> 
     </span>
    </p>
   </div>
   <div class='ocr_carea' id='block_1_6' title="bbox 0 0 2276 6839">
    <p class='ocr_par' dir='ltr' id='par_1_6' title="bbox 0 0 2276 6839">
     <span class='ocr_line' id='line_1_36' title="bbox 0 0 2276 6839; baseline 0 0"><span class='ocrx_word' id='word_1_280' title='bbox 0 0 2276 6839; x_wconf 95' lang='lat' dir='ltr'> </span> 
     </span>
    </p>
   </div>
  </div>
 </body>
</html>
