4542 6842
749 940 820 1027 l88
1084 966 1298 1023 consutum
1315 965 1534 1023 runonvonn

749 1116 888 1192 dicens:
903 1110 991 1210 perd
1006 1138 1051 1190 nc
1066 1118 1134 1191 dite
1158 1112 1271 1189 ende·
1289 1134 1414 1208 presso
1430 1116 1459 1187 ci
1469 1116 1644 1208 pertupio,
1662 1114 1765 1207 idest,
1783 1113 1919 1187 ostium

749 1237 903 1312 intrandi
930 1236 1155 1333 perforatum
1183 1242 1220 1310 et
1244 1241 1466 1310 excavatum
1492 1235 1528 1308 in
1549 1255 1649 1308 saxo.
1672 1234 1715 1308 ln
1731 1233 1834 1308 dicit:
1847 1249 1920 1327 pa-

747 1361 822 1431 role
844 1362 954 1451 [tiron
975 1360 1093 1450 'queste
1110 1357 1168 1429 del
1182 1358 1252 1429 mio
1268 1358 1373 1445 duco,
1389 1355 1491 1447 idest,
1510 1353 1660 1451 Virgilii,
1679 1354 1750 1449 qui·
1760 1361 1801 1427 ut
1818 1359 1922 1430 recte

747 1479 900 1553 duceret
917 1498 978 1553 mo
996 1478 1047 1551 sic
1065 1476 1222 1573 petebat.
1235 1517 1285 1530 -
1298 1481 1344 1549 Et
1356 1497 1415 1549 vn.
1434 1476 1500 1549 Hic
1516 1482 1623 1571 poeta
1644 1474 1745 1571 ponit
1768 1496 1920 1570 respon·

748 1618 829 1671 sum
847 1591 885 1690 (¹)
913 1598 1022 1672 unius
1052 1596 1199 1693 spiritus
1228 1594 1433 1691 singularis,
1460 1596 1522 1689 qui
1551 1594 1659 1670 docet
1687 1594 1785 1670 viam
1811 1598 1926 1701 juxta·

750 1720 958 1815 petitionem
985 1717 1143 1813 Virgilii3
1164 1718 1263 1790 unde
1284 1717 1389 1791 dicit:
1407 1717 1452 1789 nt
1468 1738 1516 1789 un
1531 1719 1570 1790 dt
1586 1718 1689 1808 quelli
1704 1720 1818 1810 spirit,
1836 1715 1923 1812 ‹pui-¹

750 1840 834 1914 darn
852 1839 966 1913 abbas
983 1837 1195 1913 veronensis
1211 1835 1378 1911 solicitus
1389 1842 1427 1911 et
1442 1836 1644 1931 expeditus,
1658 1837 1817 1909 multum
1832 1854 1919 1909 cnr-

751 1978 834 2033 rens
860 1958 937 2033 sine
962 1978 1075 2053 cappa
1101 1957 1222 2052 longa,
1249 1960 1370 2029 doses
1386 1958 1488 2047 vieni,
1506 1960 1543 2031 et
1560 1955 1611 2031 sic
1632 1956 1716 2032 vide
1733 1956 1920 2051 quomodo

750 2081 844 2155 bene
869 2101 909 2154 se
935 2069 1154 2170 habuerit(²)
1183 2098 1288 2151 more
1313 2076 1503 2173 purgantis
1527 2075 1716 2172 accidiam,
1733 2078 1819 2172 quia
1846 2098 1918 2151 non

749 2200 904 2275 tardavit
929 2220 1082 2274 cursum
1107 2219 1230 2291 suum,
1258 2217 1331 2271 non
1361 2196 1560 2293 implicavit
1589 2218 1630 2271 se
1660 2198 1830 2292 exordiis,
1856 2198 1918 2272 sed

748 2318 826 2392 sine
851 2338 956 2392 mora
982 2318 1102 2391 subito
1128 2316 1331 2412 respondit:
1358 2318 1449 2389 oicnv'
1468 2318 1594 2389 ducto
1624 2338 1649 2388 c
1673 2319 1745 2409 noi,
1763 2338 1830 2412 per
1854 2335 1920 2392 ve-

748 2437 852 2535 stigia
878 2443 1014 2531 nostra,
1039 2461 1058 2511 c
1082 2440 1240 2511 troocrai
1263 2440 1300 2510 la
1324 2437 1424 2526 buco,
1449 2436 1552 2531 idest,
1578 2458 1620 2511 os
1651 2437 1849 2511 foraminis.
1875 2438 1921 2510 Et

749 2558 922 2634 continuo
940 2560 1016 2653 ipse
1033 2558 1180 2653 spiritus
1201 2578 1242 2631 se
1258 2564 1421 2650 excusat,
1442 2558 1529 2650 quia
1550 2559 1702 2633 honesta
1722 2578 1835 2633 causa
1855 2557 1920 2632 sti-

751 2680 866 2753 mulat
892 2698 991 2771 eum,
1018 2678 1160 2751 dicens:
1185 2680 1248 2750 noi
1275 2678 1364 2750 cam
1395 2670 1426 2750 si
1455 2679 1535 2771 pico
1569 2680 1608 2751 di
1640 2680 1758 2769 copim
1789 2700 1813 2750 a
1843 2700 1920 2750 mo-

751 2801 859 2884 ocrct,
886 2796 948 2870 uhi
974 2798 1059 2871 olim
1086 2818 1152 2891 per
1175 2796 1402 2871 contrarium
1421 2798 1636 2872 volebamus
1657 2803 1799 2871 tantum
1820 2804 1920 2873 stare

750 2924 786 2992 et
812 2916 1013 3011 quiescere,
1039 2920 1098 2990 cte
1121 2922 1233 2991 victor
1256 2925 1477 3012 conpotem,
1510 2918 1593 2993 licet
1621 2918 1667 2991 sit
1693 2938 1752 2993 res
1777 2924 1920 3013 specta-

750 3036 830 3111 bilis
855 3042 893 3112 et
918 3038 1095 3133 stupenda
1121 3036 1247 3138 videre
1277 3038 1464 3112 bominem
1493 3038 1552 3112 iric
1584 3038 1620 3111 iu
1650 3058 1762 3112 carne
1791 3038 1920 3112 vivent

750 3165 835 3233 tem.
863 3158 906 3231 ut
931 3160 1147 3233 continuans
1171 3178 1336 3251 cursum,
1366 3158 1471 3233 dicit:
1497 3152 1585 3251 perd
1613 3162 1792 3251 perdono,
1826 3155 1921 3232 scili·-

748 3284 806 3353 cet
823 3277 926 3352 nohis
943 3278 1125 3372 omnibuS,
1139 3300 1177 3351 sc
1193 3280 1286 3370 deni,
1305 3278 1407 3372 idest,
1424 3284 1583 3374 reputas,
1601 3284 1727 3350 costra
1743 3280 1919 3369 mucro,

749 3398 887 3494 supple,
906 3418 996 3491 esse,
1018 3391 1174 3471 villania.
1201 3398 1245 3471 Et
1269 3396 1328 3472 bic
1353 3404 1440 3472 nota
1466 3397 1565 3492 quod
1589 3402 1697 3492 poeta
1724 3406 1847 3472 noster
1871 3398 1922 3471 si·-·

749 3524 905 3616 gnanter
932 3521 1000 3593 boc
1026 3517 1140 3614 lingit,
1158 3518 1243 3611 quia
1271 3518 1437 3592 videmus
1454 3518 1501 3593 de
1519 3518 1614 3593 lacto
1632 3520 1767 3593 multos
1784 3532 1922 3614 espen:

748 3639 838 3715 dere
863 3645 1008 3734 tempus
1034 3658 1139 3732 vano,
1158 3638 1220 3733 qui
1240 3639 1327 3712 dum
1355 3638 1510 3713 tendunt
1531 3638 1578 3712 ad
1598 3638 1743 3735 negotia
1769 3640 1922 3714 honesta

750 3765 788 3833 et
813 3757 913 3831 utilia
940 3764 1176 3833 remorantur
1202 3764 1244 3829 ut
1275 3758 1526 3852 complaceant
1558 3758 1780 3852 bominibus,
1806 3765 1842 3833 et
1867 3760 1922 3833 lo·-

751 3886 918 3971 quuutur
953 3887 990 3952 et
1023 3878 1307 3953 confabulantur
1340 3878 1577 3952 delectabilia.
1614 3878 1699 3952 ideo
1733 3880 1920 3975 eleganter

749 3996 839 4073 Cato
864 4000 924 4074 ille
950 3998 1146 4073 Censorius
1171 3996 1375 4071 laboriosus
1399 3998 1450 4071 ait
1475 3996 1512 4070 in
1538 3996 1631 4071 libro
1649 3998 1855 4093 originum:
1872 4020 1918 4075 ex

750 4120 850 4194 omni
876 4119 949 4193 otio
977 4118 1156 4193 rationem
1183 4117 1363 4191 esseben
1390 4116 1623 4211 reddendam,
1646 4125 1683 4192 et
1705 4140 1777 4193 non
1800 4121 1918 4194 solum

751 4258 798 4313 ex
824 4238 1006 4333 operibus,
1025 4238 1086 4312 sed
1114 4238 1223 4312 etiam
1251 4256 1298 4310 ex
1325 4236 1463 4329 verbis;
1482 4258 1567 4310 nam
1587 4244 1627 4311 ut
1646 4238 1743 4312 idem
1770 4241 1921 4336 elegen*

750 4359 823 4431 tius
848 4358 957 4431 dixit:
984 4358 1057 4431 vita
1084 4360 1247 4432 humana
1280 4362 1336 4431 est
1368 4356 1550 4432 simillima
1577 4360 1695 4433 le‘rro:
1721 4358 1862 4434 serrum
1890 4359 1920 4435 si

749 4486 945 4554 exercetur
962 4478 1137 4573 paulatim
1156 4478 1398 4572 consumitur,
1416 4477 1480 4553 sed
1497 4479 1672 4552 continuo
1689 4480 1726 4553 in
1743 4478 1820 4555 dies
1839 4498 1920 4555 ma-

748 4598 803 4694 gis
829 4604 865 4671 et
893 4598 1008 4693 magis
1035 4596 1073 4671 lit
1089 4588 1126 4689 (³)
1153 4596 1316 4671 lucidum
1343 4602 1381 4671 et
1405 4597 1655 4693 splendidum,
1675 4599 1704 4673 si
1730 4620 1821 4675 vero
1847 4598 1921 4675 novi

747 4723 943 4793 exercetur
968 4718 1150 4793 contrabit
1177 4736 1323 4809 semper
1349 4716 1569 4813 rubiginem,
1588 4724 1626 4793 et
1642 4720 1679 4793 in
1696 4740 1737 4795 se
1753 4719 1830 4814 ipso
1855 4720 1921 4795 de-

748 4837 819 4913 licit
845 4842 881 4912 et
908 4836 947 4911 lit
971 4838 1170 4911 obscurum
1196 4844 1234 4911 et
1259 4842 1441 4931 turpe-
1456 4837 1507 4911 lo.
1534 4840 1600 4914 Hic
1628 4841 1822 4936 praedictus
1847 4842 1919 4937 spi·

752 5006 960 5015 ...ιη-*-

812 5090 840 5151 (¹)
857 5094 910 5149 11⁷,
928 5092 1127 5153 responsionem.
1253 5088 1281 5151 τ’)
1296 5085 1328 5139 B.
1344 5086 1442 5141 nabun.
1567 5080 1594 5157 (ἡ
1612 5096 1665 5154 11⁸1,
1682 5092 1800 5145 efficitur.
