4542 6842
699 946 770 1013 298
1057 958 1262 1015 counuruu
1286 960 1508 1015 nunonronn

700 1108 783 1175 tur:
808 1105 870 1176 sed
894 1104 1013 1176 libera.
1041 1104 1133 1191 Quia
1160 1123 1249 1177 vero
1279 1103 1316 1177 in
1348 1105 1449 1179 omni
1475 1105 1732 1203 deprecatione
1758 1106 1869 1181 bene-

698 1222 855 1298 volentia
882 1224 1147 1299 reconcilianda
1174 1231 1229 1300 est
1250 1225 1329 1299 eius
1350 1246 1462 1320 quem
1484 1226 1738 1322 deprecamur,
1763 1234 1802 1300 ut
1819 1227 1870 1301 ait

605 1405 609 1413 .
699 1342 935 1439 Augustinus,
972 1342 1052 1418 ideo
1091 1344 1213 1418 brevis
1246 1345 1480 1440 praemittitur
1510 1347 1694 1442 prologus,
1720 1347 1867 1440 scilicet,

656 1452 657 1455 '
701 1468 806 1536 Potor
830 1446 948 1537 noser
973 1467 1032 1556 qui
1056 1486 1091 1537 es
1116 1468 1154 1538 io
1182 1468 1289 1555 coelu,
1316 1464 1351 1537 in
1382 1487 1457 1558 quo
1488 1465 1690 1559 disponitur
1723 1467 1869 1539 animus

697 1584 943 1678 deprecantis:
971 1585 1089 1680 primo
1115 1606 1182 1680 per
1214 1587 1284 1659 lroo
1316 1586 1414 1679 quod
1439 1586 1571 1660 dicitur
1606 1592 1735 1665 Pater:
1761 1587 1869 1662 dulce

698 1706 855 1779 verbum
882 1714 947 1798 est,
975 1707 1037 1803 ubi
1064 1706 1151 1781 olim
1179 1706 1388 1781 terribiliter
1413 1706 1575 1781 dicebat:
1597 1728 1667 1803 ego
1682 1701 1718 1799 (¹)
1746 1707 1870 1781 llomi-

699 1847 779 1919 nus,
806 1820 885 1921 ego'
901 1826 1088 1919 Dominus,
1111 1840 1208 1901 nunc
1227 1828 1305 1900 vult
1322 1827 1495 1922 appellari
1516 1810 1634 1918 Pater,
1651 1834 1689 1902 et
1706 1826 1757 1901 sio
1775 1828 1869 1900 fidu-

697 1946 792 2049 ciam
829 1952 977 2040 praestat
1012 1946 1196 2019 obtinendi
1230 1946 1329 2041 qnod
1366 1947 1500 2041 petitur
1540 1947 1619 2021 liliis
1655 1946 1868 2042 adoptionis.

696 2067 841 2154 Quanta
867 2086 956 2139 cura
983 2086 1074 2162 ergo
1099 2066 1208 2140 debet
1233 2067 1358 2140 conari
1384 2068 1447 2161 qui
1473 2067 1581 2142 dicit:
1609 2072 1717 2141 Pater
1737 2075 1868 2158 noster,

697 2187 795 2281 quod
829 2193 929 2261 tanto
959 2193 1063 2281 patre
1090 2208 1163 2260 non
1193 2187 1238 2259 sit
1269 2187 1462 2283 indignus:
1496 2196 1534 2263 et
1566 2189 1650 2262 dicit
1677 2195 1807 2279 noster,
1834 2194 1871 2261 et

697 2329 770 2382 non
789 2330 896 2397 mnu,
911 2314 951 2380 ut
968 2306 1176 2382 confitearis
1195 2306 1404 2382 filiationem
1424 2330 1505 2384 esse
1522 2329 1760 2384 communem
1778 2308 1869 2400 aliis,

697 2436 735 2503 et
761 2448 832 2501 non
860 2426 948 2501 velis
973 2426 1156 2522 derogare
1175 2428 1252 2522 Juri
1274 2427 1430 2501 fratrum
1452 2436 1615 2503 tuorum.
1635 2430 1744 2503 Pater
1770 2427 1869 2501 enim

697 2556 753 2625 est
778 2548 980 2643 specialiter
1006 2547 1116 2621 solius
1142 2548 1284 2641 Christi,
1310 2548 1372 2621 sed
1404 2549 1587 2644 generalis
1615 2548 1795 2623 omnium.
1826 2548 1870 2621 Et

698 2669 784 2764 quia
819 2668 987 2741 voluntas
1024 2668 1266 2743 exauditionis
1297 2668 1501 2742 ostenditur
1532 2669 1651 2743 inesse
1688 2670 1776 2759 lieo,
1803 2689 1869 2762 per

697 2789 768 2862 hoc
794 2788 892 2881 quod
918 2787 1050 2861 dicitur
1076 2792 1197 2879 Pater,
1224 2787 1273 2861 ita
1303 2795 1341 2862 et
1373 2788 1531 2883 potentia
1565 2809 1630 2883 per
1668 2790 1738 2863 hoc
1767 2788 1866 2881 qood

696 2907 841 3002 dicitur,
867 2912 927 3001 qui
951 2930 987 2981 es
1011 2912 1048 2981 in
1073 2912 1191 3001 coelis;
1217 2908 1279 2981 sed
1306 2928 1391 2982 cum
1418 2909 1463 2983 sit
1489 2909 1637 3002 ubique,
1654 2909 1786 2982 dicitur
1803 2929 1870 3002 po-

699 3030 771 3103 tius
797 3048 878 3103 esse
895 3029 931 3103 in
949 3030 1054 3122 coelo,
1073 3029 1160 3135 quia
1178 3034 1220 3101 ut
1233 3019 1270 3121 (²)
1288 3029 1420 3105 dicitur
1441 3033 1561 3121 primo
1578 3033 1656 3103 coelt'
1679 3036 1713 3103 et
1735 3032 1869 3120 mundi,

698 3156 846 3244 propter
873 3148 1182 3243 incorruptionem
1217 3148 1299 3223 coeli
1331 3169 1461 3224 omnes
1496 3156 1698 3244 posuerunt
1731 3150 1868 3224 coelum

699 3270 819 3344 locum
847 3268 1054 3364 spirituum.
1081 3268 1173 3342 Dicit
1198 3289 1288 3364 ergo
1314 3276 1421 3363 poeta
1447 3270 1484 3342 in
1510 3270 1615 3345 litera
1646 3270 1869 3345 invocative:

702 3394 732 3463 0
758 3392 877 3462 Pudre
902 3398 1038 3479 nocuo,
1056 3392 1114 3461 clrc
1141 3391 1197 3461 nei
1220 3392 1296 3463 cicli
1318 3393 1411 3482 stoi,·
1432 3395 1471 3464 et
1494 3389 1656 3465 declarat
1681 3392 1868 3484 quomodo

698 3510 743 3585 sit
778 3510 814 3583 in
846 3510 959 3602 coelis,
984 3509 1119 3601 dicens,
1154 3531 1225 3582 non
1259 3511 1622 3604 circumcurrendo
1648 3532 1720 3587 non
1753 3512 1870 3587 conti-

697 3638 806 3707 netur
831 3652 853 3705 a
879 3630 991 3723 coelis,
1018 3630 1080 3705 sed
1106 3631 1207 3703 solus
1227 3638 1282 3705 est
1298 3631 1424 3705 omnia
1444 3631 1645 3725 continens,
1667 3640 1709 3706 ut
1725 3632 1777 3707 ait
1793 3634 1869 3705 Au-

695 3751 883 3848 gustinus;
912 3770 997 3823 nam
1024 3750 1251 3825 immensitas
1279 3750 1411 3825 divine
1445 3751 1704 3848 magnitudinis
1734 3760 1801 3846 est,
1828 3760 1869 3827 ut

697 3870 943 3967 intelligamus
960 3890 1047 3944 eum
1067 3869 1162 3943 intra
1178 3870 1303 3945 omnia
1322 3892 1393 3944 non
1412 3870 1606 3963 inclusum,
1622 3879 1727 3947 extra
1744 3872 1867 3947 omnia

697 4012 771 4067 non
797 3992 1013 4084 exclusum,
1041 3990 1139 4064 unde
1165 4011 1238 4063 non
1264 3996 1318 4065 est
1345 3991 1462 4087 magis
1492 3992 1528 4064 in
1561 3991 1655 4066 coelo
1689 4013 1801 4085 quam
1829 3992 1865 4065 in

697 4118 797 4189 terra
823 4112 880 4187 vel
906 4110 1001 4205 alibi,
1027 4111 1090 4185 sed
1116 4110 1303 4218 constituit
1318 4110 1385 4185 sibi
1403 4112 1526 4185 locum
1547 4112 1734 4186 excelsum
1753 4120 1790 4188 et
1811 4114 1869 4187 lu·

696 4233 895 4325 minosum,
916 4232 952 4304 in
979 4252 1053 4325 quo
1080 4229 1200 4326 angeli
1227 4237 1265 4304 et
1290 4231 1386 4306 beati
1404 4232 1742 4326 contemplarentur
1763 4249 1866 4307 eum

695 4353 798 4427 Unde
822 4351 926 4426 dicit:
954 4372 1012 4425 mo
1033 4374 1100 4445 per
1122 4346 1184 4443 piri
1209 4372 1332 4423 amore
1364 4354 1415 4424 ct'
1428 4353 1465 4423 or·
1494 4354 1603 4442 primi
1627 4356 1741 4443 effecti,
1767 4353 1863 4425 scili-

696 4480 766 4565 cet,
792 4472 931 4569 angelis
955 4474 1002 4547 ab
1029 4471 1129 4546 initio
1155 4471 1281 4565 seculi,
1297 4474 1336 4547 dt
1354 4461 1450 4546 lusori
1473 4479 1509 4545 tu
1533 4474 1617 4566 lroi;
1643 4473 1730 4567 quia
1752 4473 1867 4569 magis

695 4592 808 4689 diligit
833 4612 907 4685 eos,
926 4598 963 4668 et
979 4592 1141 4688 diligitur
1166 4592 1214 4665 ab
1235 4592 1298 4666 eis.
1313 4631 1363 4645 -
1378 4594 1546 4665 Lorrduto.
1565 4592 1629 4666 llic
1646 4601 1753 4686 poeta
1770 4592 1866 4666 dicto

695 4714 777 4809 quis
802 4713 847 4787 sit
872 4713 943 4808 qui
962 4712 1109 4807 petitur,
1128 4711 1250 4805 incipit
1268 4731 1406 4807 ponere
1425 4730 1510 4806 quae
1531 4718 1727 4806 petuntur3
1749 4712 1868 4807 primo

696 4834 793 4909 enim
820 4834 955 4930 petitur
981 4831 1255 4906 honorificentia
1280 4832 1389 4906 divini
1422 4832 1587 4925 nominis,
1608 4854 1682 4926 qua
1707 4835 1868 4913 ostendi-

757 5019 786 5082 (¹)
803 5020 833 5070 E.
850 5033 899 5084 ego
916 5020 992 5081 oeus,
1008 5034 1057 5084 ego
1075 5020 1211 5072 Dominus.

758 5098 787 5161 (¹)
802 5097 834 5147 Ε.
850 5102 880 5147 ut
896 5096 957 5147 dirit
974 5098 1143 5161 philosophus
1156 5098 1242 5161 primo
1256 5098 1312 5147 ooli
1327 5103 1381 5149 etc.
