4542 6842
745 959 814 1026 188
943 982 946 989 ·
1077 969 1283 1025 sensurum
1308 969 1528 1025 runsnromv

740 1118 967 1192 ridomarum
994 1134 1119 1210 regem
1143 1114 1186 1195 ¹in
1208 1114 1427 1190 Lombardia
1457 1114 1554 1209 apud
1586 1115 1753 1211 Padum3
1778 1116 1909 1192 deiude

739 1243 905 1331 tempore
937 1234 1086 1309 secundi
1118 1233 1204 1308 belli
1233 1234 1356 1329 punici
1381 1233 1477 1329 cepit
1501 1234 1794 1319 florentissimam
1820 1237 1911 1311 civi·

740 1361 853 1429 tatem
867 1355 1134 1451 Syracusarum
1150 1353 1187 1428 in
1204 1353 1335 1449 Sicilia,
1349 1360 1387 1428 et
1401 1354 1694 1448 frequentissime
1708 1355 1792 1430 vicit
1808 1358 1907 1431 llan-

738 1474 909 1565 nibalem,
936 1474 1022 1570 quia
1048 1474 1115 1549 iste
1140 1473 1227 1547 nihil
1251 1474 1338 1550 facit
1361 1474 1408 1547 ad
1433 1474 1681 1569 propositum:
1700 1496 1768 1551 nec
1791 1475 1911 1570 loqui-

739 1600 800 1667 tur
825 1594 872 1669 de
897 1592 1065 1669 Marcello
1096 1594 1247 1690 egregio
1275 1593 1547 1669 adolescentulo
1578 1603 1711 1689 nepote
1740 1596 1909 1692 Augusti,

740 1735 808 1790 nec
833 1715 880 1789 de
904 1715 1027 1810 aliquo
1052 1715 1124 1789 alio
1149 1714 1318 1789 Marcello
1349 1733 1434 1788 cum
1470 1714 1577 1788 multi
1601 1714 1748 1809 fuerint,
1773 1716 1838 1790 sed
1863 1716 1909 1791 de

739 1836 908 1911 Marcello
934 1835 994 1909 illo
1020 1836 1171 1909 consule
1196 1835 1259 1930 qui
1284 1835 1353 1908 suit
1377 1834 1641 1909 audacissimus
1664 1837 1908 1932 Pompeianus

739 1955 890 2030 infestus
916 1976 1062 2051 semper
1079 1944 1232 2049 Caesari,
1260 1955 1322 2049 qui
1343 1954 1521 2050 judicavit
1545 1954 1664 2050 ipsum
1691 1957 1846 2050 hostem,
1868 1963 1909 2030 ut

737 2083 836 2172 patet
861 2077 958 2172 apud
983 2076 1197 2151 Suetonium
1215 2076 1308 2150 libro
1333 2075 1368 2170 1;
1394 2082 1522 2149 contra
1539 2096 1651 2171 quem
1674 2076 1758 2151 dicit
1775 2077 1907 2171 Caesar,

686 2258 688 2261 ,
737 2202 778 2269 ut
794 2196 963 2270 Lucanus
980 2196 1123 2270 scribit:
1151 2198 1403 2287 Marcellusque
1428 2199 1562 2288 loquer
1586 2203 1621 2269 ct
1642 2199 1786 2269 nomina
1811 2218 1908 2271 uano

739 2318 888 2388 Colono.
915 2315 1001 2389 Vult
1026 2336 1116 2413 ergo
1142 2323 1248 2411 poeta
1274 2315 1397 2391 dicere
1428 2314 1547 2410 tacite,
1574 2316 1673 2411 quod
1698 2316 1793 2392 sicut
1818 2318 1906 2392 olim

736 2436 927 2511 Marcellus
952 2456 1000 2510 ex
1026 2457 1161 2533 magna
1181 2436 1374 2511 allectione
1391 2437 1623 2532 praesumpsit
1647 2444 1684 2512 et
1708 2438 1908 2513 insurrexit

736 2562 864 2633 contra
889 2557 1073 2632 Caesarem
1100 2557 1262 2652 primum
1286 2557 1565 2653 imperatorem,
1590 2557 1640 2631 ita
1664 2558 1772 2633 hodie
1789 2559 1908 2633 omnis

738 2678 954 2753 castellanus
980 2683 1016 2751 et
1042 2677 1198 2751 villanus
1223 2677 1414 2772 praesumit
1437 2683 1476 2752 et
1499 2676 1654 2773 insurgit
1682 2684 1811 2751 contra
1837 2678 1908 2751 im-

736 2804 956 2893 peratorem.
985 2795 1027 2868 Et
1052 2797 1146 2871 bene
1167 2797 1347 2891 judicium
1381 2796 1480 2871 venit
1510 2818 1621 2891 supra
1646 2796 1784 2871 dictum
1810 2799 1907 2894 Mar3

736 2919 892 3012 cellum,
918 2938 1003 2991 nam
1030 2937 1115 2990 curn
1134 2917 1255 2992 Cesar
1277 2917 1560 2993 clementissime
1576 2917 1746 2993 donasset
1766 2918 1833 2992 sibi
1850 2918 1906 2993 vi-

737 3046 825 3132 tarn,
852 3037 1000 3133 quidam
1027 3058 1158 3111 servus
1182 3038 1262 3113 eius
1286 3038 1536 3113 crudelissime
1559 3038 1681 3135 gladio
1705 3039 1850 3135 eripuit.

809 3161 957 3231 Fircnze
981 3160 1063 3229 min.
1090 3158 1161 3231 lsta
1187 3164 1242 3231 est
1266 3164 1398 3251 quarta
1423 3166 1461 3233 et
1485 3157 1614 3231 ultima
1645 3179 1741 3253 pars,
1768 3158 1805 3232 in
1830 3180 1903 3254 qua

735 3262 843 3375 poeta
868 3284 992 3352 noster
1018 3298 1065 3353 ne
1090 3278 1258 3352 videatur
1283 3278 1417 3352 oblitus
1441 3298 1519 3351 suae
1543 3278 1747 3374 Florentiae,
1765 3280 1811 3355 de
1828 3301 1903 3375 qua

734 3399 821 3474 nihil
851 3398 993 3473 dixerat
1018 3398 1138 3471 adhuc
1170 3398 1208 3471 in
1238 3398 1305 3471 isto
1339 3398 1566 3493 purgatorio,
1593 3399 1678 3474 lacit
1709 3400 1904 3494 specialem

733 3518 951 3593 invectivam
978 3524 1106 3591 oontra
1123 3538 1220 3611 eam,
1239 3538 1350 3611 quam
1373 3519 1467 3591 inter
1488 3517 1651 3593 civitates
1673 3518 1786 3593 ltaliae
1809 3540 1906 3613 prae·

732 3660 816 3713 sens
839 3638 1026 3733 negotium
1046 3638 1170 3735 tangit.
1186 3638 1229 3711 Et
1246 3637 1445 3731 alloquitur
1464 3658 1547 3713 eam
1568 3638 1704 3733 pulcris
1721 3659 1905 3714 scomma-

732 3759 828 3833 tibus
844 3757 1018 3831 continuo
1032 3757 1233 3851 ironizans3
1248 3757 1346 3831 unde
1358 3758 1441 3832 dicit
1458 3758 1594 3852 primo:
1607 3762 1758 3831 Firenzc
1774 3753 1904 3854 mind),

732 3881 796 3953 ben
817 3882 903 3972 puoi
926 3900 1020 3951 esser
1045 3886 1217 3969 contenta,
1235 3884 1272 3952 et
1297 3880 1380 3951 laeta
1405 3878 1500 3953 inter
1525 3878 1614 3953 alias
1635 3885 1754 3953 terras
1769 3879 1901 3975 ltaliae3

732 4002 875 4076 irrisive
899 3999 994 4093 dicit,
1022 3998 1126 4094 quasi
1152 3998 1265 4072 dicat:
1292 4018 1366 4071 uon
1391 4005 1563 4073 contenta
1591 4018 1714 4093 neque
1746 3999 1841 4094 laeta,
1867 4002 1905 4074 di

731 4128 850 4215 questo
876 4122 1085 4211 digression,
1111 4118 1214 4211 idest,
1239 4117 1285 4192 de
1310 4118 1379 4190 ista
1403 4117 1670 4193 exclamatione
1695 4138 1808 4213 quam
1834 4119 1902 4195 ieci

731 4242 781 4317 ita
806 4241 1025 4338 digressorie
1062 4240 1237 4314 recedens
1256 4260 1290 4320 ,a
1322 4238 1478 4313 materia
1507 4239 1706 4335 principali,
1737 4247 1773 4317 et
1798 4242 1901 4317 dicit:

730 4360 845 4437 mmcd
866 4365 923 4437 del
943 4365 1052 4455 popol
1075 4369 1133 4435 tuo
1152 4362 1212 4433 cite
1230 4352 1261 4433 si
1286 4367 1506 4453 argomento,
1524 4358 1627 4454 idest,
1649 4360 1816 4455 providet
1832 4362 1901 4436 sibi

732 4490 921 4577 tamquam
948 4482 1104 4578 populus
1129 4501 1254 4577 sagax,
1279 4501 1366 4555 cum
1392 4486 1517 4555 tamen
1541 4480 1589 4554 ab
1614 4480 1766 4575 antiquo
1791 4501 1901 4557 voce-

731 4611 793 4679 tur
823 4624 953 4697 caecus,
981 4603 1083 4696 quasi
1108 4602 1214 4696 dicat,
1255 4622 1321 4695 per
1353 4600 1592 4695 contrarium,
1624 4600 1692 4675 ista
1725 4601 1901 4699 digressio

730 4722 974 4821 principaliter
1000 4722 1115 4819 tangit
1141 4729 1188 4816 te,
1215 4721 1299 4796 licet
1325 4721 1454 4796 ultimo
1486 4721 1732 4797 converterim
1758 4742 1901 4799 sermo-

730 4865 815 4919 nem
841 4844 888 4919 ad
914 4850 949 4917 te
976 4844 1082 4939 culpa
1108 4838 1162 4915 tui
1186 4841 1321 4936 populi,
1343 4840 1430 4934 quia
1451 4841 1610 4935 populus
1635 4846 1723 4915 tuus
1748 4841 1819 4917 cito
1836 4843 1902 4919 de-

1795 5008 1901 5021 ῃ

794 5096 820 5155 (¹,
838 5099 891 5157 11⁷,
908 5096 974 5153 mim·
990 5096 1071 5157 patria
1088 5107 1154 5157 mea,
1171 5094 1216 5144 ben
1230 5094 1301 5158 paci.
