4542 6842
685 970 757 1035 276
1045 978 1249 1033 counnrou
1273 959 1493 1033 runosronu

683 1122 983 1216 ascendebamus,
1004 1144 1073 1215 per
1097 1141 1172 1195 una
1182 1126 1300 1216 pietro
1316 1125 1425 1216 sessu,
1449 1120 1551 1213 idest,
1569 1119 1722 1195 divisam
1741 1131 1779 1199 et
1794 1141 1859 1195 ar·

683 1250 791 1317 ctam.
807 1244 878 1317 Per
892 1244 997 1317 istam
1012 1243 1109 1318 viam
1123 1244 1235 1338 aliqui
1249 1244 1379 1316 uolunt
1395 1227 1599 1338 intelligere
1612 1242 1856 1317 humilitatem

683 1364 906 1438 ¹contrariam
933 1364 1127 1459 superbiae,
1145 1384 1229 1458 quae
1250 1364 1361 1439 ilectit
1378 1382 1430 1456 se,
1447 1368 1485 1437 et
1500 1363 1683 1437 contrahit
1699 1364 1747 1439 ad
1763 1365 1858 1439 haue

683 1492 824 1580 partem
852 1490 888 1560 et
914 1484 1025 1578 illam,
1052 1485 1255 1559 secundum
1282 1483 1382 1578 quod
1414 1484 1561 1557 fortuna
1595 1484 1712 1579 quatit
1736 1485 1854 1579 illam3

684 1606 780 1681 unde
805 1605 913 1680 dicit:
940 1607 1000 1677 cite
1023 1608 1054 1677 si
1088 1626 1212 1677 moveo
1236 1608 1357 1679 d'uua
1385 1625 1405 1677 e
1433 1606 1579 1677 d’ultra
1606 1614 1722 1699 purte,
1752 1605 1855 1699 idest,

683 1726 767 1799 hinc
791 1724 893 1819 inde3
919 1724 1017 1819 quod
1050 1723 1213 1799 declarat
1242 1744 1309 1819 per
1342 1725 1507 1819 pulcram
1539 1726 1853 1820 comparationem

682 1852 720 1921 et
745 1847 896 1939 claram,
913 1846 1057 1919 dicens:
1084 1847 1230 1917 siccome
1246 1846 1392 1935 londa,
1413 1844 1516 1937 idest,
1533 1864 1631 1939 aqua
1650 1844 1774 1938 maris,
1795 1848 1855 1917 cte

679 1971 787 2061 suppo
812 1988 830 2039 c
854 1969 1075 2057 s’oppressa,
1101 1964 1204 2059 idest,
1223 1984 1307 2058 quae
1332 1963 1471 2038 accedit
1496 1970 1536 2038 et
1561 1964 1698 2038 recedit
1723 1983 1857 2039 secuu-

681 2088 770 2161 dum
796 2084 940 2160 varium
964 2084 1105 2157 fluxum
1125 2084 1249 2177 maris,
1267 2081 1369 2177 idest,
1394 2082 1572 2178 impetum
1599 2083 1853 2157 adversorum.

681 2206 758 2303 Ego
792 2214 914 2280 tamen
950 2204 1072 2297 credo,
1099 2204 1198 2298 quod
1225 2210 1331 2298 poeta
1366 2202 1436 2276 sub
1467 2203 1534 2277 ista
1570 2202 1716 2277 fictione
1744 2223 1854 2299 pere-

682 2316 839 2423 grina(⁴)
868 2323 955 2398 velit
981 2323 1156 2419 figurare,
1177 2342 1289 2417 quam
1315 2322 1462 2397 difficile
1487 2328 1524 2397 et
1550 2322 1773 2397 laboriosum
1799 2329 1856 2397 est

682 2448 801 2542 ipsum
828 2445 989 2540 primum
1010 2443 1152 2516 initium
1171 2441 1329 2516 intrandi
1346 2443 1445 2517 viam
1463 2443 1619 2537 virtutis,
1636 2444 1723 2537 quia
1744 2445 1856 2519 homo

683 2566 797 2641 nescit
829 2563 981 2638 faciliter
1013 2582 1147 2657 capere
1179 2561 1354 2657 medium,
1385 2562 1461 2636 imo
1494 2563 1650 2638 declinat
1680 2585 1779 2639 nunc
1808 2562 1856 2638 ad

685 2708 801 2760 unum
828 2691 1051 2777 extremum,
1078 2704 1176 2757 nunc
1196 2684 1242 2757 ad
1258 2682 1369 2776 aliud,
1390 2683 1484 2758 sicut
1505 2684 1673 2759 videmus
1698 2687 1798 2760 clare
1818 2686 1855 2759 in

682 2807 757 2881 istis
783 2805 910 2901 primis
936 2804 997 2897 qui
1025 2794 1135 2896 hic(¹)
1163 2803 1379 2898 puniuntur.
1397 2804 1488 2878 Nam
1516 2805 1698 2898 superbus
1723 2826 1855 2902 super-

681 2927 770 3000 bum
797 2930 905 3001 vocat
931 2923 1220 3019 magnanimum,
1240 2928 1276 2996 et
1297 2922 1473 2997 humilem
1502 2924 1786 3019 pusillanimum.
1809 2927 1854 3000 lit

681 3046 782 3141 ponit
806 3044 996 3119 consilium
1023 3042 1160 3139 Virgilii
1193 3042 1290 3117 circa
1323 3042 1434 3115 istum
1468 3043 1675 3138 transitum,
1704 3046 1852 3120 dicens:

680 3170 708 3241 u
735 3170 826 3241 duco
860 3168 942 3256 mio,
976 3163 1110 3238 scilicet
1135 3162 1318 3259 Virgilius,
1352 3155 1532 3256 commod,
1559 3165 1698 3259 supple,
1730 3166 1854 3241 dicere

681 3287 781 3380 milri,
807 3289 867 3377 qui
888 3288 921 3357 si
944 3286 1106 3357 conulem
1129 3302 1218 3355 usar
1248 3304 1297 3356 un
1317 3304 1408 3375 poco
1433 3285 1572 3374 d'urte,
1596 3285 1682 3378 quia
1709 3286 1772 3359 ubi
1797 3292 1854 3360 est

679 3407 797 3481 maius
811 3405 1029 3501 periculum,
1044 3402 1091 3477 ibi
1106 3403 1250 3478 cautius
1268 3409 1324 3477 est
1340 3403 1548 3500 agendum3
1565 3410 1603 3479 et
1621 3424 1708 3481 ecce
1720 3412 1853 3501 artem,
1973 3500 1977 3511 Ι

676 3530 713 3601 in
739 3530 931 3600 occostorst
955 3546 1000 3597 or
1025 3526 1146 3615 quinci
1170 3544 1215 3596 or
1239 3526 1355 3621 quinci
1388 3545 1411 3596 a
1442 3524 1689 3635 lutogscilicet
1713 3525 1851 3621 lapidis,

675 3650 736 3721 cte
760 3650 791 3719 si
814 3653 933 3739 porte,
959 3644 1052 3719 idest
1078 3643 1216 3719 recedit
1239 3664 1262 3718 a
1288 3644 1436 3739 sponda.
1468 3647 1513 3719 ut
1545 3645 1603 3720 iric
1629 3653 1726 3741 nota,
1751 3646 1851 3741 quod

677 3775 783 3864 posta
801 3766 948 3841 videtur
964 3765 1054 3840 dare
1071 3770 1295 3859 praeceptum
1315 3764 1413 3858 quod
1431 3765 1493 3840 dat
1505 3764 1715 3841 Aristoteles
1732 3767 1851 3861 primo

677 3886 901 3980 Ethicorum,
927 3886 990 3959 ubi
1021 3884 1117 3979 dicit,
1145 3884 1244 3978 quod
1274 3886 1387 3959 homo
1417 3886 1543 3960 volens
1572 3885 1738 3961 invenire
1770 3906 1851 3961 me·

674 4007 776 4081 dium
804 4006 948 4081 virtutis
973 4006 1081 4081 debet
1107 4005 1230 4080 lacere
1250 4005 1344 4079 sicut
1360 4006 1487 4080 rolens
1506 4006 1667 4102 dirigere
1692 4007 1847 4104 virgam,

674 4128 738 4221 qui
765 4126 875 4201 llectit
900 4126 1015 4221 ipsam
1043 4126 1202 4198 multum
1233 4124 1271 4198 in
1301 4125 1523 4199 contrariam
1550 4132 1705 4221 partem,
1732 4134 1773 4200 ut
1797 4127 1850 4202 sic

593 4286 596 4294 <
676 4248 828 4321 reducat
854 4267 937 4322 eam
965 4246 1011 4320 ad
1038 4242 1307 4319 rectitudinem.
1338 4244 1382 4317 ut
1410 4244 1567 4319 ostendit
1597 4246 1848 4321 difficultatem

647 4372 649 4377 '
675 4368 745 4443 loci
770 4388 836 4462 per
863 4387 1005 4441 moram
1032 4362 1220 4459 temporis,
1242 4364 1328 4457 quia
1355 4366 1515 4439 multum
1533 4366 1787 4460 expenderunt
1803 4350 1852 4441 de

675 4495 843 4583 tempore
861 4488 897 4561 in
923 4485 1087 4561 iaciendo
1106 4483 1203 4558 istud
1223 4482 1410 4559 modicum
1432 4484 1519 4579 viae3
1537 4491 1574 4559 et
1591 4484 1671 4559 vult
1687 4485 1849 4561 breuiter

676 4608 798 4683 dicere
823 4608 922 4701 quod
949 4611 1129 4680 steterunt
1156 4605 1250 4678 bene
1278 4624 1344 4699 per
1369 4624 1482 4679 unam
1511 4606 1641 4679 horam
1665 4604 1703 4677 in
1729 4610 1850 4679 trans-

676 4728 799 4803 eundo
823 4728 934 4802 istum
960 4746 1109 4822 passum
1136 4725 1289 4819 fortem,
1317 4723 1415 4800 unde
1445 4724 1554 4799 dicit:
1589 4748 1608 4798 e
1639 4718 1693 4799 oid
1715 4729 1793 4821 'fece
1817 4730 1851 4801 u·

674 4854 787 4923 nostri
813 4852 915 4943 possi
950 4850 1075 4940 scarsi,
1112 4846 1200 4941 quia
1234 4846 1334 4920 lente
1366 4844 1627 4921 incedebamus
1665 4853 1848 4922 mutantes

737 5100 764 5163 (¹)
782 5100 812 5151 E·
829 5102 1006 5166 peregrinans.
1230 5096 1259 5163 (¹)
1275 5098 1307 5149 Ε.
1323 5100 1369 5163 qur
1384 5099 1428 5149 tric
1443 5105 1577 5163 ponuntur
1591 5101 1620 5149 et
1633 5097 1785 5161 puniuntor.
