4542 6842
730 983 867 1039 caurus
892 984 1050 1039 nncruns
1075 982 1270 1038 sncuunns.
1503 969 1580 1037 331

408 1124 557 1201 iurtuna
582 1127 619 1201 in
645 1126 883 1221 contrarium,
910 1128 1073 1223 privatus
1103 1126 1170 1201 init
1195 1127 1334 1202 visione
1359 1128 1583 1220 luturnrum,

405 1260 524 1340 'quarn
549 1246 701 1322 dederat
726 1248 824 1321 Deus
849 1248 918 1342 illi;
945 1253 981 1321 et
1006 1246 1203 1349 aliquande¹
1229 1247 1434 1321 vexabatur
1458 1268 1482 1323 a
1507 1246 1583 1321 dae-

411 1386 532 1461 mnne,
556 1374 597 1440 et
621 1387 719 1462 saepe
747 1366 923 1464 perdebat
957 1367 1153 1441 exercitus.
1188 1367 1252 1441 llic
1282 1367 1464 1462 superbus
1496 1366 1584 1442 Saul

410 1486 526 1559 voluit
551 1506 597 1561 ex
623 1487 756 1562 invidia
782 1487 837 1562 bis
863 1486 1031 1561 occidere
1056 1485 1171 1560 David
1197 1487 1387 1581 humilem,
1406 1487 1470 1581 qui
1495 1508 1584 1561 con-

411 1606 546 1681 tulerat
572 1607 639 1681 sibi
663 1614 716 1683 tut
742 1608 928 1701 beneficia,
947 1612 984 1681 et
1001 1606 1055 1680 bis
1073 1615 1287 1681 servaverat
1303 1626 1389 1681 eum
1408 1628 1431 1681 a
1450 1615 1581 1701 morte,

411 1745 498 1799 cum
524 1733 644 1821 posset
669 1727 856 1821 occidere3
882 1733 920 1801 et
943 1726 981 1800 in
1008 1726 1224 1801 necessitate
1249 1726 1407 1800 recurrit
1436 1727 1483 1801 ad
1515 1749 1583 1823 py-

404 1847 597 1941 tnnissam,
623 1869 707 1941 quae
733 1848 926 1923 suscitaret
950 1847 1017 1920 sibi
1046 1845 1270 1921 Samuelem.
1298 1846 1470 1921 Finaliter
1494 1868 1581 1922 curn

410 1965 557 2041 odiosus
583 1974 678 2043 esset
703 1968 780 2043 Deo
805 1974 841 2041 et
867 1966 1073 2040 bominibus
1104 1965 1231 2040 eduxit
1256 1966 1446 2043 infeliciter
1472 1987 1582 2042 exer·

410 2086 525 2161 citum
551 2095 680 2163 contra
705 2088 904 2184 philistinos
930 2088 1051 2161 hostes
1076 2086 1172 2182 apud
1204 2082 1397 2180 muntes(¹)
1424 2088 1581 2163 Geibue:

410 2210 605 2284 commissa
622 2230 745 2306 pugna
763 2230 848 2283 cnm
868 2208 1008 2283 rideret
1024 2228 1111 2281 suns
1128 2207 1314 2300 debellari,
1332 2215 1370 2283 et
1387 2208 1479 2283 lilius
1495 2230 1583 2283 snos

410 2328 506 2403 circa
533 2350 572 2404 se
598 2336 764 2403 mortuns
789 2336 826 2403 et
851 2349 891 2403 se
916 2329 1166 2422 vulneratum,
1193 2328 1318 2423 petivit
1348 2336 1506 2405 mortem
1533 2330 1582 2404 ab

409 2448 595 2545 armigero
620 2470 707 2544 su0;
738 2448 801 2524 sed
834 2469 919 2522 cum
955 2447 1014 2521 ille
1049 2454 1240 2521 recusaret
1272 2448 1439 2523 incubuit
1471 2470 1582 2545 super

409 2568 587 2665 gladium,
626 2575 663 2643 et
701 2568 901 2663 superbum
942 2566 1044 2642 illum
1089 2567 1256 2662 spiritum
1298 2568 1583 2665 magnanimiter

410 2688 514 2763 eiecit
540 2710 587 2763 ne
617 2689 723 2764 lieret
754 2688 953 2763 ludibrium
988 2687 1286 2762 adversariorum
1318 2710 1487 2784 sunrum,
1516 2691 1581 2785 qui

409 2808 520 2883 etiam
547 2815 811 2904 postmortem
843 2808 879 2881 in
910 2828 1065 2901 corpora
1098 2807 1319 2901 saevierunt5
1346 2829 1431 2882 nam
1463 2810 1581 2905 capita

409 2929 507 3025 regis
532 2936 570 3004 et
595 2929 752 3003 filiorum
776 2935 1016 3024 portaverunt
1034 2928 1069 3001 in
1089 2928 1200 3001 basiis
1218 2948 1285 3022 per
1303 2935 1420 3003 terras
1436 2950 1582 3023 eurum,

409 3056 446 3123 et
480 3069 635 3145 corpora
668 3050 704 3123 in
739 3050 855 3123 muris
887 3049 933 3123 ad
970 3055 1115 3145 tempus
1148 3070 1325 3143 suspensa
1358 3058 1581 3145 tenuerunt3

410 3169 489 3245 talis
514 3178 571 3244 est
596 3170 676 3244 linis
701 3170 958 3265 superborum.
985 3168 1039 3242 dd
1065 3168 1208 3244 literam
1242 3190 1349 3266 ergn:
1380 3178 1487 3265 pneta
1514 3193 1582 3245 nn-

409 3295 483 3363 ster
509 3288 739 3385 indignanter
763 3289 964 3364 exclamat:
988 3292 1133 3379 OSunt,
1152 3288 1411 3383 superbissime
1436 3312 1580 3387 regum,

407 3430 504 3482 come
521 3412 652 3501 parent
675 3413 746 3508 qni,
773 3408 951 3505 figuratus
986 3408 1022 3482 in
1055 3407 1125 3502 via,
1152 3415 1266 3481 morto
1298 3410 1335 3480 in
1368 3428 1409 3482 an
1434 3411 1472 3482 tn
1493 3431 1583 3502 pro-

404 3532 490 3623 priu
514 3533 642 3622 spada,
668 3552 690 3605 a
716 3536 753 3605 te
778 3529 855 3623 ipsu
882 3528 1104 3623 interiectus,
1122 3530 1161 3601 in
1186 3529 1322 3617 Getbne,
1348 3548 1434 3602 cum
1466 3529 1583 3605 tribus

408 3649 487 3723 liliis
513 3651 596 3724 tuis.
622 3652 666 3724 Et
691 3649 799 3725 dicit:
825 3652 886 3723 cte
908 3652 970 3742 poi
993 3670 1065 3721 nnn
1090 3640 1177 3722 senti
1189 3651 1337 3742 pinggiu
1354 3645 1400 3723 ae*
1415 3652 1581 3740 rugindu.

408 3770 484 3845 llnc
510 3771 604 3865 dicit,
632 3770 717 3864 quia
743 3770 869 3863 David,
894 3769 1018 3844 audita
1049 3777 1169 3844 morte
1200 3769 1319 3845 soceri
1345 3774 1382 3843 et
1407 3767 1581 3865 liliorum,

409 3891 597 3967 maledixit
621 3898 765 3966 montes
789 3890 937 3985 Gelboe,
965 3897 1006 3963 ut
1037 3911 1098 3965 rns
1128 3911 1250 3984 neque
1281 3890 1405 3985 pluvia
1434 3890 1583 3967 caderet

409 4034 521 4108 super
548 4033 623 4087 eos.
649 4013 694 4085 Et
718 4012 874 4087 merito:
903 4030 988 4085 nam
1015 4010 1103 4086 Saul
1129 4010 1197 4085 etsi
1218 4011 1398 4106 superbus
1428 4033 1583 4108 magna-

412 4134 534 4208 nimus
561 4139 684 4207 tamen
711 4132 789 4227 luit,
815 4131 992 4226 quidum
1021 4132 1208 4227 praesciret
1230 4130 1341 4206 linem
1367 4153 1490 4224 sunm,
1510 4153 1583 4207 nun

411 4252 567 4349 expavit,
594 4274 667 4327 nnn
692 4252 886 4327 declinavit
917 4273 1092 4349 pugnam,
1118 4258 1156 4327 et
1186 4252 1303 4327 victus
1334 4272 1375 4327 se
1404 4252 1583 4347 percussit

409 4373 540 4471 gladio,
566 4373 673 4447 cuins
698 4371 1039 4469 magnanimitatem
1071 4371 1318 4467 multipliciter
1347 4371 1582 4446 commendat

406 4494 596 4589 lusepbns.
612 4496 708 4565 -0
729 4494 822 4586 [ulle.
849 4491 914 4567 llic
940 4500 1047 4586 poeta
1073 4490 1244 4566 describit
1264 4490 1376 4565 alium
1399 4498 1524 4565 actum
1543 4498 1582 4567 et

407 4614 581 4689 ellectum
616 4612 797 4707 superbiae
831 4611 1006 4688 mulieris.
1039 4611 1092 4685 xd
1127 4611 1226 4706 quud
1251 4610 1439 4686 sciendum
1470 4612 1580 4705 qnod,

406 4735 500 4809 sicut
517 4733 641 4809 scribit
654 4732 801 4808 Ovidius
823 4732 867 4805 Vl
885 4732 1041 4826 Maioris,
1057 4731 1228 4806 Aracbne
1245 4732 1311 4805 iuit
1332 4731 1482 4805 loemina
1501 4738 1582 4805 tex-

404 4854 476 4929 trix
503 4852 791 4951 ingeuinsissima
817 4852 863 4927 de
887 4852 1109 4947 Colophonia
1141 4851 1286 4927 civitate
1310 4852 1415 4946 Asiae,
1441 4872 1525 4945 qnae
1540 4842 1578 4944 (²)

467 5104 496 5169 (¹)
514 5108 567 5165 ¹¹⁷·
584 5110 699 5155 mntem
715 5104 819 5157 Gelboe·
1062 5105 1089 5169 (¹)
1105 5106 1168 5157 lte
1183 5106 1210 5157 S.
1225 5118 1284 5169 qne
1301 5117 1347 5169 per
1362 5104 1518 5168 superbiam.
