4542 6842
797 970 935 1025 cunnus
959 970 1131 1025 ocrnvns.
1479 958 1551 1027 223

380 1122 475 1193 tocir
505 1118 682 1209 delinito,
712 1116 861 1211 seilicet,
886 1117 992 1211 coelo,
1019 1119 1207 1191 escendat
1229 1117 1322 1208 piae,
1347 1114 1482 1191 scilicet
1505 1116 1554 1189 ad

382 1246 533 1333 terram
560 1258 673 1333 supra
699 1238 845 1312 vallem.
870 1236 942 1311 Per
973 1238 1040 1309 bos
1071 1236 1165 1311 duos
1194 1237 1346 1333 angelos
1373 1236 1506 1309 missos
1530 1254 1555 1309 a

381 1360 458 1435 beo
489 1358 648 1455 intellige
681 1358 774 1433 duos
807 1357 955 1433 nuntios
987 1358 1051 1431 Dei
1086 1363 1312 1452 protectores
1342 1357 1553 1432 animarum

382 1486 570 1577 portantes
581 1478 762 1577 justitiam
780 1485 817 1553 ct
834 1478 1140 1571 misericordiam
1158 1496 1243 1572 qute
1259 1477 1335 1552 duo
1350 1477 1449 1553 Deus
1465 1498 1555 1575 ope-

383 1606 488 1675 ratur
506 1600 602 1674 circa
620 1598 836 1693 poenitentes
853 1597 889 1671 iu
907 1597 1132 1695 purgatorio,
1146 1597 1241 1671 sicut
1257 1619 1429 1692 expresse
1445 1606 1557 1675 autor

383 1720 499 1817 tangit
524 1721 561 1794 in
586 1720 710 1813 aliquo
736 1725 840 1793 textu
858 1718 1078 1814 purgatorii3
1096 1717 1178 1792 ideo
1194 1719 1257 1793 dat
1274 1718 1327 1792 eis
1343 1739 1449 1793 arma
1466 1741 1555 1794 cou—

231 1894 238 1908 .
384 1841 578 1935 venientia,
595 1840 738 1915 diceus:
764 1859 829 1913 con
854 1842 921 1913 dne
944 1842 1054 1931 spade
1070 1843 1231 1931 affocotc,
1249 1838 1351 1933 idest,
1372 1839 1493 1937 ignitis
1518 1848 1556 1915 et

385 1962 528 2057 rubeis3
555 1982 640 2035 nam
668 1960 762 2035 ensis
788 1959 923 2057 figurat
944 1958 1122 2056 justitiam
1148 1980 1233 2053 quae
1259 1961 1360 2056 juste
1385 1961 1468 2035 ierit
1490 1962 1557 2035 de·

383 2082 629 2177 linquentem
662 2088 699 2155 et
723 2080 831 2155 dicit:
859 2082 1000 2154 nancte
1024 2102 1043 2153 c
1064 2084 1203 2173 private
1231 2084 1319 2155 delle
1337 2089 1446 2174 purrtc
1475 2102 1557 2155 sue:

384 2222 450 2298 per
476 2203 544 2276 boc
575 2202 690 2299 tangit
721 2200 1009 2277 misericordiam
1041 2221 1126 2295 quae
1158 2207 1411 2297 contemperat
1440 2202 1555 2297 ipsam

380 2322 557 2418 justitiam
585 2322 622 2395 in
647 2322 778 2397 eodem
804 2342 960 2417 corpore
985 2321 1092 2417 ensis,
1110 2321 1198 2416 quia
1218 2322 1357 2417 justitia
1384 2329 1422 2396 et
1449 2323 1558 2398 mise·

385 2444 541 2519 ricordia
567 2451 653 2517 sunt
668 2442 777 2517 simul
791 2434 828 2536 (¹)
851 2443 960 2515 unitae
980 2442 1015 2515 in
1033 2443 1119 2517 Deo.
1139 2443 1183 2515 Et
1203 2442 1319 2539 tangit
1339 2443 1557 2519 vestimenta

385 2564 603 2660 angelorum
630 2583 696 2658 per
721 2562 1032 2657 comparationem
1066 2582 1249 2636 novorum
1284 2562 1469 2657 loliorum,
1501 2562 1558 2637 di·

385 2704 495 2759 cens:
522 2690 559 2757 et
583 2682 633 2756 illi
664 2682 795 2779 angeli,
822 2703 934 2756 erano
968 2684 1067 2755 ocrdi
1096 2684 1134 2755 in
1164 2689 1254 2756 veste
1284 2703 1380 2755 come
1406 2686 1560 2779 sopliettc

383 2826 454 2897 pur
480 2824 537 2877 mo
561 2812 666 2896 παῖε,ο
692 2810 730 2879 et
754 2810 809 2877 est
833 2802 979 2899 propria
997 2802 1223 2898 comparatio
1246 2802 1293 2877 de
1309 2804 1489 2879 viriditate
1509 2803 1557 2878 ad

386 2923 617 3017 viriditatem,
643 2929 681 2997 et
705 2923 751 2997 de
778 2944 872 2997 nova
897 2922 1122 3017 apparitione
1145 2922 1193 2997 ad
1217 2944 1350 2997 novam
1369 2923 1557 2998 nationem

387 3043 572 3135 loliorum,
597 3044 670 3131 cire,
687 3040 790 3135 idest,
808 3062 900 3136 quas
918 3048 1048 3135 vestes,
1071 3064 1235 3135 percocto
1250 3046 1300 3116 da
1321 3047 1420 3117 oerdi
1432 3064 1560 3136 penne,

388 3162 491 3255 idest,
504 3163 552 3236 ab
568 3160 646 3257 alis,
661 3168 821 3253 boccan,
835 3161 937 3256 idest,
950 3163 1156 3256 portabant,
1173 3165 1285 3235 dubo
1302 3185 1321 3235 e
1338 3166 1497 3237 ocntr'lolc
1508 3154 1560 3257 (²),

388 3281 489 3376 idest,
516 3281 677 3355 vibratae.
703 3282 748 3355 Et
773 3301 839 3376 per
864 3281 971 3355 istam
999 3288 1136 3356 tantam
1168 3282 1370 3355 viredinem
1401 3282 1561 3379 intellige

389 3424 563 3499 magnam
598 3423 700 3497 spem
735 3424 847 3497 quarn
880 3408 1028 3497 portant
1059 3408 1097 3477 et
1127 3401 1215 3476 daut
1246 3402 1304 3475 isti
1339 3402 1459 3499 angeli
1485 3403 1561 3478 istis

388 3524 439 3598 sic
470 3544 510 3597 se
538 3521 823 3617 humiliantibus
850 3528 887 3597 et
919 3521 1193 3619 disponentibus
1223 3522 1270 3597 ad
1299 3522 1471 3618 gratiam,
1497 3522 1562 3617 qui
1595 3616 1601 3625 Ι

390 3649 537 3739 sperant
562 3644 600 3717 in
625 3643 745 3717 divim
766 3642 906 3739 justitia
932 3649 970 3717 et
994 3642 1256 3737 misericordia,
1282 3643 1320 3716 iu
1344 3642 1479 3737 quibus
1498 3644 1564 3719 de·

391 3764 454 3839 bet
477 3784 559 3859 spes
585 3762 818 3839 redeuntium
843 3762 890 3837 ad
919 3762 1038 3837 Deum
1070 3782 1217 3856 semper
1245 3762 1562 3837 virere-L'un.

392 3884 456 3959 llic
481 3891 588 3980 pocta
613 3883 783 3960 describit
808 3890 932 3958 actum
968 3883 1121 3957 istorum
1156 3885 1388 3981 augelorum,
1413 3885 1562 3959 dicens:

394 4008 503 4091 L'rrn,
529 4004 674 4099 scilieet,
700 4004 865 4100 angelus,
891 4025 952 4077 sen
976 4026 1098 4096 oenoe,
1115 4004 1262 4099 scilicet,
1284 4026 1332 4080 ex
1359 4026 1433 4080 una
1458 4012 1565 4101 parte

394 4124 506 4216 vallis,
532 4144 556 4195 o
588 4130 666 4196 star
687 4144 777 4215 poco
800 4144 911 4197 soora
934 4127 1008 4216 noi,
1033 4124 1097 4217 qui
1123 4143 1274 4200 eramus
1299 4124 1336 4197 iu
1361 4125 1459 4200 dicto
1484 4127 1565 4201 bal·

393 4243 460 4337 cio,
487 4264 506 4315 e
529 4245 669 4336 ῑαΙενο,
686 4244 820 4319 scilicet
846 4245 1009 4341 angelum,
1027 4266 1120 4319 scere
1144 4248 1181 4319 in
1201 4248 1396 4338 toppostto
1411 4250 1563 4340 sponda,

393 4361 540 4457 scilicet,
567 4382 614 4437 ex
639 4362 754 4437 altera
779 4370 884 4459 parte
909 4364 1022 4459 vallis,
1051 4384 1098 4439 ue
1122 4385 1170 4439 ex
1199 4365 1323 4459 aliqua
1348 4373 1453 4461 parte
1476 4367 1566 4442 sub-

395 4482 547 4557 intraret
572 4482 737 4576 oliensio,
761 4475 792 4556 si
815 4484 876 4557 cde
900 4486 937 4557 lc
960 4490 1071 4576 pente,
1097 4484 1201 4580 idest,
1225 4486 1365 4561 nobiles
1389 4486 1438 4560 illi
1463 4488 1567 4583 prin·

394 4602 502 4698 cipes,
527 4606 565 4675 in
589 4624 711 4676 mezzo
735 4606 768 4676 si
790 4612 975 4678 contende:
1004 4610 1042 4679 et
1066 4604 1117 4679 sic
1142 4604 1246 4703 positi
1272 4606 1368 4699 iuter
1391 4606 1485 4682 duos
1509 4608 1567 4684 vi·

394 4721 485 4819 giles
510 4722 678 4799 custodes
704 4730 809 4797 erant
842 4723 921 4818 tuti,
947 4731 984 4799 et
1015 4725 1110 4800 bene
1143 4726 1337 4820 sperabant
1368 4727 1415 4803 de
1446 4729 1566 4805 salute

395 4847 523 4918 contra
548 4843 671 4917 omnia
699 4843 976 4941 impedimenta3
1002 4845 1060 4920 vel
1087 4844 1139 4921 sic
1163 4866 1254 4942 gens
1283 4848 1487 4943 purgatorii
1511 4856 1568 4926 est

459 5094 934 5162 (¹)S.ali.slmuljunatnlu1teo.
1058 5098 1521 5161 erbombaldum.
