4542 6842
708 941 779 1008 418
834 905 837 914 Δ
1067 952 1273 1008 munerun
1298 950 1517 1008 runennomv

706 1103 742 1172 in
770 1105 867 1172 mato
896 1117 1031 1189 puerve
1037 1123 1053 1192 ,·
1085 1097 1181 1172 istud
1212 1097 1351 1172 bellum
1384 1103 1464 1172 erat
1493 1095 1670 1192 injustum
1704 1094 1813 1170 nimis
1829 1091 1880 1192 (¹),

707 1218 794 1313 quia
825 1217 923 1293 mille
953 1217 1054 1314 impii
1084 1218 1275 1312 feriebant,
1309 1224 1347 1293 et
1379 1216 1481 1292 solus
1508 1217 1631 1313 justus
1661 1217 1882 1314 sustinebat;

703 1342 764 1414 olle
785 1341 1005 1432 perdonante
1029 1341 1067 1412 ot
1089 1342 1168 1412 suot
1194 1341 1424 1430 persecutori,
1453 1344 1492 1412 et
1522 1338 1592 1412 boc
1623 1337 1789 1433 faciebat,
1815 1359 1883 1412 con

707 1463 819 1552 quello
843 1467 989 1554 urpetto,
1014 1458 1163 1553 scilicet,
1188 1458 1359 1555 benigno,
1384 1461 1445 1532 ote
1465 1447 1559 1551 picto
1583 1461 1757 1549 ἀίσσοντα,
1778 1459 1880 1554 idest,

706 1580 841 1677 aperit,
868 1581 954 1674 quia
980 1580 1111 1654 maiori
1133 1579 1369 1655 miseratione
1386 1577 1547 1675 indigent
1564 1578 1748 1673 iacientes,
1766 1600 1879 1674 quam

708 1701 885 1797 patientes
903 1699 1086 1775 iniuriam.
1105 1701 1149 1774 Et
1166 1699 1225 1774 bic
1243 1706 1328 1773 nom
1347 1719 1459 1792 quam
1482 1696 1687 1773 mirabilem
1706 1699 1885 1774 ellectum·

709 1821 837 1896 babuit
862 1821 1088 1898 sanctissima
1112 1820 1243 1914 oratio,
1269 1819 1354 1914 quia
1382 1819 1519 1893 Paulos
1543 1838 1745 1894 conversus
1763 1828 1820 1896 est
1835 1820 1882 1896 ad

711 1941 819 2019 tidem
847 1941 1015 2037 precibus
1040 1941 1224 2036 Stephani,
1242 1940 1305 2035 qni
1331 1939 1399 2014 luit
1421 1946 1546 2013 tantus
1562 1941 1663 2036 pugil
1680 1940 1764 2016 fidei
1781 1942 1881 2016 cbri-

710 2063 847 2158 stianae,
874 2070 911 2138 et
937 2070 1012 2140 tam
1038 2061 1202 2158 probiter
1222 2081 1309 2136 cnm
1330 2079 1419 2135 ense
1435 2059 1637 2136 defensavit
1652 2076 1736 2136 eam
1753 2069 1890 2136 nonna·

710 2184 843 2259 hostes.

789 2309 948 2393 Quaado.
975 2305 1044 2380 lsta
1071 2310 1125 2378 est
1151 2309 1284 2398 quarta
1309 2307 1347 2376 et
1374 2300 1501 2375 ultima
1526 2321 1612 2396 pars
1635 2302 1829 2398 generalis,
1847 2303 1884 2375 in

711 2447 784 2521 qua
812 2421 919 2521 pceta
937 2431 1062 2498 noster
1078 2423 1250 2498 describit
1266 2422 1605 2517 interpretationem
1623 2441 1703 2496 sure
1720 2423 1884 2516 visionis3

713 2553 750 2622 et
767 2546 887 2641 primo
904 2543 1059 2620 ostendit
1079 2543 1238 2637 qualiter
1255 2543 1332 2637 ipse
1348 2542 1528 2617 exoimtus
1546 2542 1759 2638 recognovit
1776 2561 1883 2617 suam

712 2687 841 2741 veram
868 2665 1058 2740 visionem.
1084 2663 1177 2738 Dicit
1201 2683 1309 2759 ergo:
1338 2665 1490 2751 Quaado
1514 2665 1663 2735 tmcinta
1687 2666 1773 2754 moto,
1799 2683 1887 2757 quae

712 2787 814 2887 prius
840 2794 921 2863 erat
951 2791 1025 2860 tota
1057 2785 1209 2860 collecta
1240 2783 1394 2858 interius
1428 2794 1466 2861 et
1496 2783 1690 2876 abstracta,
1717 2777 1888 2858 cenonas

711 2911 811 3003 fuori
834 2909 902 2980 olle
927 2927 1005 2980 cose
1030 2907 1090 2978 cte
1113 2925 1180 2978 soa
1202 2909 1288 2999 soor
1312 2907 1351 2978 di
1373 2906 1419 2976 tei
1442 2923 1536 2995 ocre,
1570 2903 1675 2998 quasi
1705 2903 1814 2998 dicat,
1839 2905 1886 2979 ad

714 3026 908 3120 sensibilia,
940 3026 1023 3119 quia
1057 3023 1160 3119 prius
1186 3023 1328 3098 viderat
1352 3022 1581 3119 imaginaria,
1606 3027 1642 3096 io
1672 3025 1889 3098 riconobbii

715 3151 796 3222 mici
819 3167 891 3219 non
913 3147 998 3240 fulsi
1023 3147 1152 3218 errori.
1175 3145 1246 3218 lsta
1264 3145 1370 3218 litera
1391 3144 1538 3218 videtur
1563 3144 1689 3218 multis
1712 3145 1888 3238 obscura3

714 3269 778 3346 sed
804 3275 910 3365 poeta
938 3268 1016 3341 vult
1041 3264 1305 3346 sententialiter
1329 3263 1465 3358 dicere,
1482 3265 1581 3358 quod
1603 3266 1685 3339 licet
1704 3285 1776 3338 non
1793 3271 1889 3340 esset

714 3412 848 3466 verum
875 3409 961 3464 eum
990 3387 1041 3462 sic
1067 3387 1193 3465 videre
1216 3386 1278 3460 illa
1304 3393 1415 3480 prout
1439 3385 1516 3460 sibi·
1533 3385 1727 3461 videbatur
1752 3387 1888 3482 videre,

715 3509 951 3586 nihilominus
978 3528 1108 3583 verum
1134 3513 1216 3580 erat
1240 3525 1287 3580 ea
1312 3505 1423 3579 luisse
1447 3505 1497 3580 ita
1523 3525 1624 3599 vera,
1649 3505 1743 3582 sieut
1768 3509 1889 3583 visum

715 3630 838 3704 luerat
859 3627 928 3703 sibi
954 3627 1081 3703 videre
1107 3627 1143 3699 in
1168 3626 1229 3701 illa
1254 3625 1394 3699 visione
1418 3627 1587 3701 ertatica.
1609 3627 1695 3701 Vult
1721 3647 1812 3725 ergo
1836 3627 1892 3714 vli-

716 3769 822 3824 cere:
850 3747 1046 3845 recognovi
1073 3767 1203 3823 veram
1230 3745 1407 3820 visionem
1427 3765 1551 3820 meam
1569 3747 1691 3820 statim
1708 3766 1793 3822 cum
1812 3749 1892 3824 evi-

716 3869 837 3966 gilavi.
853 3874 964 3940 -Lo
990 3871 1091 3942 duco.
1119 3868 1184 3941 llic
1209 3873 1317 3962 poeta
1343 3865 1457 3962 lingit,
1480 3866 1578 3960 quod
1604 3888 1689 3942 cum
1716 3875 1796 3963 post
1812 3871 1893 3944 evi·

717 3989 929 4086 gilationem
957 3989 1025 4062 iret
1050 3987 1171 4062 adbuc
1196 3986 1301 4080 quasi
1326 3987 1579 4064 somnolentus
1605 3993 1643 4061 et
1672 3985 1890 4085 vinolentos,

718 4111 890 4207 Virgilius
915 4109 1142 4203 inquisiverit
1165 4107 1214 4182 de
1237 4127 1349 4182 caum
1376 4107 1456 4182 talis
1473 4107 1653 4201 iueessns3
1674 4109 1772 4184 unde
1788 4109 1891 4186 uicit:

721 4235 770 4303 Lo
795 4232 886 4302 duco
911 4233 993 4320 mio,
1020 4227 1155 4302 scilicet
1185 4225 1369 4323 Virgilius,
1393 4229 1454 4300 oltc
1482 4229 1531 4300 uri
1554 4234 1662 4320 poteo
1691 4233 1828 4322 cedere,
1852 4238 1893 4306 et

719 4349 877 4444 videbat,
891 4352 955 4443 sur·
979 4342 1009 4422 si
1028 4352 1116 4422 com'
1127 4367 1210 4421 uum
1229 4351 1290 4420 obe
1305 4351 1356 4422 do
1371 4368 1484 4423 sonno
1499 4349 1532 4421 a·
1550 4351 1661 4440 stepo,
1688 4348 1791 4444 idest,
1817 4351 1894 4426 dlo-

720 4470 874 4546 solvitur
900 4477 936 4546 et
962 4469 1144 4544 excitatur
1169 4489 1288 4565 nuper
1313 4488 1335 4544 a
1361 4483 1503 4563 somno,
1529 4471 1638 4543 dbse:
1663 4474 1723 4545 cbo
1747 4474 1808 4547 bui
1834 4475 1896 4548 cte

720 4611 792 4664 non
809 4593 835 4664 vt
845 4593 934 4683 paci
957 4595 1097 4663 bane?
1114 4588 1220 4663 Aliud
1237 4589 1446 4686 cogitamen
1464 4595 1593 4664 natum
1612 4611 1659 4666 en
1677 4591 1738 4667 illa
1755 4593 1895 4670 visione

720 4717 840 4786 totum
859 4708 1146 4785 conturbaverat
1166 4715 1312 4804 ροθῑειιη
1333 4703 1370 4782 et
1392 4709 1536 4803 merito,
1551 4717 1593 4783 ut
1610 4711 1731 4786 statim
1748 4713 1893 4808 audies,

721 4831 807 4905 dicit
832 4851 940 4927 ergo:
967 4851 1027 4902 mo
1050 4832 1097 4902 se'
1110 4835 1234 4902 versuto
1256 4823 1318 4921 pict
1342 4831 1403 4902 obe
1426 4850 1551 4902 noezzc
1575 4833 1669 4924 lepu,
1695 4830 1799 4930 idest,
1827 4854 1894 4932 per

787 5095 814 5156 (¹)
829 5095 860 5146 ll.
877 5097 965 5158 nimls;
982 5097 1055 5148 mlllo
1070 5097 1141 5147 enlm
1157 5097 1238 5161 impll.
