4542 6842
686 982 824 1037 caurus
850 982 1006 1039 manus
1029 982 1201 1037 umarus.
1458 968 1535 1036 litu

353 1128 492 1205 amoma
530 1128 581 1203 ita
616 1128 780 1202 stimulat
817 1135 898 1221 eu's,
932 1134 972 1203 et
1007 1133 1143 1201 contra·
1175 1134 1362 1222 turparem
1397 1126 1525 1199 militat

353 1248 466 1324 ardor
489 1250 613 1343 animi,
640 1250 705 1343 qui
736 1268 823 1323 cum
853 1248 897 1322 sit
924 1248 1105 1345 pessimus
1131 1247 1183 1323 adl
1208 1249 1337 1342 multa,
1354 1253 1413 1323 est
1434 1246 1530 1341 upti-

356 1388 439 1444 mus
466 1370 514 1444 ad
545 1370 743 1464 virtutem,
769 1390 866 1463 nam,
897 1377 940 1442 ut
964 1369 1087 1444 scribit
1113 1367 1357 1465 Augustinus:
1388 1367 1530 1441 hristu-

358 1490 438 1565 tiles
463 1491 520 1563 vir
550 1489 760 1565 excellentis
797 1488 932 1585 ingenii
966 1489 1113 1584 eloquio
1138 1488 1278 1563 Platoni
1316 1488 1437 1583 impar
1464 1486 1530 1561 de·

356 1609 578 1685 ambulando
594 1610 780 1704 disputare
797 1610 947 1704 solebat,
967 1610 1064 1685 unde
1081 1610 1162 1684 eius
1179 1617 1278 1685 secta
1294 1608 1529 1683 denominata

357 1738 413 1805 est
438 1730 703 1825 perypatetica3
730 1736 768 1804 et
796 1729 848 1805 sic
880 1728 1034 1804 faciebat
1049 1724 1085 1822 (¹)
1118 1730 1343 1804 exercitium¹
1368 1729 1531 1803 salutare

357 1850 492 1925 animae
516 1855 552 1925 et
578 1850 732 1945 corpori.
752 1852 795 1924 Et
811 1850 974 1925 declarat
996 1870 1147 1925 cursum
1170 1858 1208 1924 et
1223 1849 1424 1924 clamorem
1441 1848 1530 1923 istu

360 1990 445 2046 rum
471 1992 539 2067 per
564 1992 674 2045 unam
702 1972 1013 2066 comparationem
1034 1972 1211 2066 pulcram.
1230 1971 1285 2045 hd
1300 1970 1407 2045 cuius
1423 1969 1531 2043 intel-

359 2090 545 2188 ligentiam
571 2092 682 2165 debes
699 2092 804 2186 scire,
823 2092 933 2185 quod,
955 2092 1051 2165 sicut
1070 2098 1169 2186 patet
1185 2091 1283 2187 apud
1310 2091 1530 2163 multusau-

359 2218 468 2303 turas,
499 2210 647 2284 thebani
682 2211 847 2285 solebant
884 2216 986 2285 cartu
1021 2217 1190 2306 tempore
1225 2210 1415 2285 celebrare
1440 2209 1530 2283 testa

358 2330 488 2405 Bacchi
514 2338 681 2425 tempure
706 2339 907 2426 noctum0;
934 2352 1019 2405 nam
1046 2332 1211 2407 coronati
1236 2332 1384 2424 hedera,
1409 2330 1528 2403 induti

358 2452 451 2546 pelle
475 2451 604 2545 lincea,
630 2456 815 2546 portantes
840 2452 961 2526 hastas
986 2452 1147 2526 virentes
1172 2451 1208 2523 in
1236 2470 1361 2543 mauu,
1379 2449 1528 2524 eribant

356 2570 540 2646 ciuitatem
567 2573 791 2666 Thebarum,
807 2577 844 2645 ct
860 2571 1105 2646 discurrentes
1122 2589 1189 2667 per
1211 2570 1306 2664 ripas
1332 2568 1527 2643 fluviorum

357 2710 512 2766 sucrum
540 2711 626 2765 cum
654 2691 788 2787 gaudio
805 2698 843 2765 et
860 2690 987 2765 furore
1004 2690 1224 2764 invocabant
1244 2709 1380 2765 nomeu
1397 2689 1528 2764 Bacchi

359 2816 399 2885 et
421 2811 698 2886 collaudabant:
725 2810 821 2885 idem
857 2810 1036 2886 faciebant
1066 2830 1155 2885 cum
1184 2809 1343 2904 egebant
1375 2808 1462 2883 vinu
1492 2815 1530 2884 ct

358 2929 492 3025 pluvia,
520 2936 561 3002 ut
585 2930 708 3004 scribit
733 2931 879 3005 Statius.
897 2931 990 3005 llicit
1005 2951 1116 3028 ergo:
1138 2936 1176 3004 ct
1200 2928 1260 3005 illa
1278 2948 1370 3024 gens
1387 2928 1529 3003 discur

360 3052 476 3145 rebat,
502 3054 564 3141 tut,
590 3051 692 3144 idest,
719 3058 792 3125 tam
820 3050 949 3126 festina
974 3070 1060 3124 cum
1087 3051 1246 3142 feruere,
1272 3052 1374 3140 quau
1393 3053 1530 3122 Ismene

358 3179 393 3244 ct
415 3177 545 3265 Asopo,
573 3171 647 3245 duo
672 3172 824 3247 flumina
842 3172 1065 3265 Thebarum,
1083 3174 1161 3244 udde
1180 3162 1242 3261 pid
1258 3174 1359 3266 furia
1378 3192 1397 3243 c
1416 3173 1529 3263 mica,

359 3290 460 3385 idest,
487 3290 730 3365 festinantiam
748 3298 785 3366 et
802 3290 1045 3385 frequentiam
1066 3291 1244 3386 gentium,
1262 3294 1300 3365 dt
1315 3296 1407 3364 acte
1424 3294 1530 3382 tunpo

358 3410 639 3503 Maecilium,
666 3430 732 3505 per
758 3411 853 3505 ripas
879 3432 974 3505 suas,
998 3430 1070 3503 pur
1094 3412 1195 3483 chef
1224 3411 1324 3483 tcbun
1349 3413 1387 3483 di
1415 3416 1532 3483 Bucco

358 3550 500 3604 aueascr
516 3550 621 3623 acopo,
639 3530 740 3623 idest,
759 3528 963 3625 indigerent
979 3550 1048 3625 ope
1065 3530 1156 3605 eius,
1172 3530 1216 3603 Et
1234 3530 1292 3604 hic
1308 3536 1393 3603 nuta
1411 3550 1531 3623 quan-

361 3659 439 3725 tum
465 3652 689 3746 comparatio
720 3652 920 3726 auxiliatur
950 3652 1154 3745 proposito:
1189 3651 1218 3725 si
1253 3651 1350 3726 enim
1383 3651 1529 3728 thebani

359 3773 560 3868 surgebant
584 3771 630 3845 de
656 3777 763 3846 nocte
787 3770 833 3845 ad
859 3770 1041 3847 canendas
1058 3769 1185 3844 laudes
1200 3771 1345 3863 Bacchi,
1363 3771 1426 3865 qui
1450 3769 1531 3844 fue-

362 3898 421 3965 rat
444 3900 610 3985 repertor
642 3891 712 3964 vini
746 3898 784 3965 et
812 3890 998 3985 trirrmphi,
1025 3898 1068 3964 ut
1096 3890 1181 3965 dicit
1211 3891 1358 3984 Plinim,
1392 3897 1531 3984 quantu

362 4012 478 4108 magis
503 4012 685 4086 christiani
712 4012 846 4087 debent
871 4032 1026 4108 surgere
1043 4016 1079 4085 et
1096 4030 1251 4085 currere
1264 4002 1302 4103 (²)
1322 4010 1369 4084 ad
1394 4030 1531 4084 cancu-

277 4126 281 4132 ’
359 4130 427 4206 das
450 4131 576 4206 laudes
601 4151 691 4206 veru
717 4132 805 4226 beo,
832 4132 895 4226 qui
926 4138 982 4207 est
1013 4132 1119 4206 datur
1147 4131 1314 4204 omnium
1347 4130 1529 4204 bonorum

360 4258 398 4327 et
423 4250 669 4346 triumphator
695 4254 890 4327 malorum.
905 4288 956 4307 --
973 4258 1083 4325 Tustu.
1117 4252 1182 4325 llic
1212 4257 1318 4346 poeta
1351 4250 1533 4345 descripto

360 4389 475 4445 cursu
500 4371 764 4445 accidicsorum
791 4370 961 4445 describit
986 4372 1188 4446 clamorem
1209 4390 1353 4464 eorum,
1379 4378 1418 4444 et
1442 4390 1532 4444 ccu-

361 4488 507 4564 tinuans
531 4496 672 4585 partem
700 4490 792 4585 parti
817 4490 918 4565 dicit:
945 4497 1033 4564 tusto
1055 4494 1118 4584 fur
1142 4511 1254 4583 supra
1278 4494 1351 4584 act,
1384 4497 1421 4564 et
1446 4508 1533 4564 ecce

359 4630 523 4704 causam,
545 4606 674 4703 perche*
706 4614 820 4702 puella
853 4612 956 4683 turbu
987 4630 1133 4703 napata,
1164 4611 1251 4705 quia
1285 4611 1446 4685 maxima
1475 4617 1532 4685 cst

361 4732 470 4806 turba
501 4730 629 4805 talium
665 4731 857 4805 vitantium
889 4732 1066 4827 laborem,
1104 4735 1136 4806 si
1170 4754 1292 4806 mcccc
1332 4738 1418 4806 tutta
1450 4752 1532 4805 cur·

359 4852 497 4925 reuda:
522 4856 560 4925 et
584 4858 686 4926 certe
710 4850 925 4948 gravissima
951 4872 1060 4947 poeua
1085 4844 1141 4927 est
1166 4853 1242 4927 istis
1265 4853 1420 4927 assuetis
1445 4852 1530 4928 otiu.

424 5035 452 5097 (¹)
469 5036 500 5085 Ε.
516 5035 625 5086 factabat
641 5034 753 5087 odicium
769 5036 890 5087 salutare.

425 5108 453 5175 (¹)
470 5111 500 5161 u
517 5124 624 5161 currere
639 5118 667 5161 ct
684 5111 792 5174 psallere
807 5112 840 5162 ad
856 5111 989 5162 canendas
