4542 6842
716 944 762 1012 56
1078 956 1281 1012 connurou
1306 958 1525 1013 roaesuoau

714 1102 909 1177 minosum.
937 1101 1039 1175 Unde
1063 1101 1192 1177 ordina
1217 1103 1269 1177 sic
1294 1103 1451 1198 literam,
1475 1126 1560 1199 quie
1584 1112 1639 1180 est
1669 1105 1756 1180 satis
1780 1104 1885 1180 intri-

712 1229 813 1296 cata:
839 1228 872 1295 et
894 1242 972 1294 ecco
997 1242 1043 1294 un
1071 1224 1161 1295 tuna
1183 1226 1283 1296 uetur
1296 1245 1363 1316 per
1379 1228 1413 1298 lo
1431 1246 1528 1318 mur,
1546 1225 1605 1300 nic
1626 1234 1707 1302 erat
1723 1226 1886 1323 Angelus

712 1343 867 1437 Domini,
892 1334 922 1415 si
945 1349 1052 1434 rutto,
1079 1342 1183 1438 idest,
1208 1349 1284 1418 tam
1310 1345 1430 1440 velox,
1451 1348 1511 1419 cie
1525 1349 1552 1419 ’l
1572 1367 1693 1421 mooer
1716 1367 1780 1420 suo
1804 1367 1885 1420 aes-

711 1484 779 1538 suu
802 1464 907 1536 oolar
931 1465 1122 1556 pcreppio,
1155 1463 1257 1560 idest,
1291 1465 1390 1559 quod
1420 1466 1543 1540 nullus
1576 1474 1700 1542 motus
1730 1466 1884 1542 alicuius

712 1585 790 1660 avis
816 1584 1020 1679 levissimae,
1041 1584 1279 1659 velocissime
1301 1594 1425 1681 aequat
1445 1589 1504 1662 vel
1520 1588 1724 1684 aequiparat
1740 1594 1883 1663 motum

713 1705 808 1778 illius
834 1703 1000 1799 luminis;
1026 1710 1064 1778 et
1087 1704 1184 1778 bene
1207 1705 1301 1779 dicit.
1333 1706 1421 1795 Quis
1451 1707 1549 1782 enim
1581 1715 1705 1783 motus
1729 1708 1884 1782 alicuius

713 1825 791 1900 avis
825 1825 1024 1920 corporalis
1056 1824 1169 1918 possit
1192 1826 1383 1900 assimilari
1414 1828 1531 1902 motui
1555 1828 1695 1926 Angeli,
1729 1828 1792 1923 qui
1828 1833 1884 1902 est

714 1945 914 2020 substantia
940 1944 1135 2040 spiritualis
1161 1945 1401 2040 incorporent
1426 1947 1470 2020 Et
1491 1948 1653 2023 declarat
1672 1949 1791 2044 ipsum
1808 1948 1885 2022 An·

713 2069 840 2164 gelum
866 2086 932 2161 per
957 2086 1072 2139 unam
1092 2065 1404 2160 comparationem
1424 2067 1583 2143 nobilem
1605 2070 1662 2142 vel
1684 2067 1883 2164 propriam,

714 2187 860 2276 diceus:
886 2188 1012 2260 lumen
1038 2186 1130 2280 dion,
1148 2190 1253 2279 colat,
1274 2187 1377 2282 idest,
1394 2193 1469 2262 tam
1496 2189 1629 2265 ardens
1653 2195 1689 2264 et
1715 2189 1884 2285 ignitum,

713 2310 799 2401 quui
820 2311 948 2398 Marte,
974 2307 1037 2402 qui
1064 2312 1119 2382 est
1149 2307 1353 2382 denatura
1379 2309 1435 2382 sui
1460 2309 1609 2404 calidus,
1635 2308 1775 2406 igneus,
1801 2331 1843 2382 su
1858 2311 1884 2382 ’t

708 2447 834 2522 presso
850 2429 907 2500 dcl
926 2429 1082 2519 nundino,
1100 2425 1204 2521 idest,
1222 2426 1258 2498 in
1274 2448 1423 2521 aurora,
1440 2431 1625 2521 rossappiu
1639 2451 1708 2521 per
1725 2430 1885 2520 tiprossi

711 2551 850 2641 vapori,
877 2546 964 2641 quia
989 2547 1019 2620 si
1044 2548 1141 2622 Mars
1165 2548 1211 2623 de
1239 2568 1280 2622 se
1312 2542 1503 2642 rubeus(¹)
1535 2549 1695 2626 inveniat
1727 2568 1882 2644 vapores

710 2668 838 2744 obvios
863 2667 929 2742 sibi
954 2666 1161 2762 duplicatur
1187 2669 1302 2743 rubor
1326 2668 1417 2763 eius,
1442 2664 1502 2760 pii
1519 2673 1577 2743 uel
1591 2677 1751 2762 ponente,
1778 2667 1881 2763 idest,

711 2789 747 2862 in
773 2787 972 2880 occidente,
997 2808 1107 2882 sopra
1131 2790 1160 2861 u
1181 2791 1260 2862 suot
1282 2792 1436 2880 murino,
1460 2773 1562 2883 idest,
1587 2811 1700 2886 supra
1725 2786 1882 2883 superli-

711 2907 804 2983 ciem
831 2907 954 2982 maris.
981 2909 1024 2981 Et
1049 2907 1107 2982 hic
1132 2912 1219 2983 nota
1247 2915 1427 3002 quantum
1454 2909 1679 3004 comparatio
1710 2914 1765 2984 est
1793 2928 1882 3003 pro-

710 3029 790 3124 pria
815 3028 861 3104 de
886 3028 1122 3124 intelligentia
1147 3028 1194 3102 ad
1218 3028 1424 3123 planetam3
1442 3027 1536 3103 sicut
1557 3029 1656 3103 enim
1681 3029 1775 3102 llars
1801 3030 1882 3123 pla-

712 3155 796 3224 neta
822 3148 960 3222 calidus
985 3148 1124 3222 rubeus
1149 3148 1196 3222 de
1220 3148 1277 3223 sui
1302 3155 1435 3224 natura
1459 3148 1625 3237 appendit
1647 3149 1814 3223 homines
1833 3147 1882 3222 ad

711 3269 818 3362 bella,
843 3269 893 3342 ita
918 3267 1079 3364 Angelus
1104 3267 1296 3363 splendens
1325 3275 1363 3343 et
1393 3268 1526 3343 ardens
1551 3268 1687 3343 inducit
1712 3269 1879 3342 homines

710 3394 749 3463 et
773 3377 921 3462 inclinat
951 3369 1008 3461 iric
1037 3388 1084 3461 ad
1113 3387 1324 3462 bellandum
1356 3394 1486 3462 contra
1515 3388 1600 3462 vitia
1630 3393 1667 3463 et
1696 3387 1882 3463 debellan-

710 3509 801 3583 dum
827 3510 959 3582 lrostes.
986 3509 1078 3583 Nota
1103 3507 1215 3582 etiam
1242 3508 1341 3602 quod
1366 3507 1506 3583 rubedo
1537 3509 1605 3582 ista
1635 3514 1712 3582 tam
1737 3507 1881 3580 indam·

711 3636 811 3705 mata
845 3629 980 3726 figurat
1011 3649 1179 3704 amorem
1214 3629 1386 3723 caritatis,
1416 3648 1491 3721 quo
1520 3628 1681 3724 Angelus
1711 3627 1817 3701 ardet
1844 3625 1881 3698 in

708 3749 1015 3843 contemplatione
1039 3747 1126 3843 Ilei3
1154 3747 1247 3823 sicut
1277 3758 1403 3825 autem
1430 3747 1592 3843 Angelus
1621 3746 1740 3821 malus
1771 3745 1881 3820 trahit

709 3870 876 3945 homines
904 3868 951 3943 ad
982 3869 1179 3963 infernum,
1204 3865 1255 3942 ita*
1280 3868 1441 3964 Angelus
1471 3867 1592 3941 bonus
1623 3865 1736 3941 trahit
1764 3885 1879 3941 eosa

709 3990 803 4064 vitiis
829 3997 865 4064 et
890 3988 1028 4064 inducit
1058 3989 1105 4066 ad
1138 3988 1407 4084 purgationem.
1438 3987 1483 4060 Et
1516 3985 1710 4062 confirmat
1740 3984 1878 4060 dictum

708 4129 819 4183 suum
846 4115 1088 4198 sacramento,
1115 4108 1256 4182 dicens:
1283 4109 1353 4181 lroc
1377 4108 1504 4182 lumen
1533 4106 1616 4200 vidi,
1641 4108 1718 4179 s'io
1743 4125 1880 4178 ancora

707 4231 743 4302 lo
768 4231 905 4320 osopio,
932 4228 1063 4303 modus
1088 4235 1145 4302 est
1167 4226 1328 4323 jurandi,
1355 4226 1458 4321 quasi
1483 4226 1603 4300 dicat:
1629 4224 1658 4298 si
1691 4225 1791 4299 Deus
1819 4225 1880 4299 det

709 4349 798 4423 mihi
823 4355 961 4424 tantam
988 4347 1145 4445 gratiam
1171 4347 1271 4442 quod
1296 4367 1367 4444 ego
1399 4347 1534 4421 ilerum
1567 4345 1712 4420 videam
1741 4344 1880 4418 dictum

706 4471 902 4566 Angelum,
920 4469 1066 4562 scilicet,
1084 4467 1183 4562 quod
1208 4467 1246 4541 in
1271 4473 1408 4561 puncto
1425 4465 1554 4541 mortis
1576 4466 1671 4540 bene
1687 4464 1882 4560 dispositus

707 4590 855 4665 veniam
882 4588 1098 4664 secundario
1129 4586 1175 4662 ad
1205 4585 1463 4682 purgatorium
1497 4584 1655 4679 realiter,
1687 4583 1783 4658 sicut
1801 4585 1880 4679 jam

707 4711 823 4784 semel
841 4709 966 4784 vivens
992 4708 1039 4781 ivi
1065 4707 1248 4802 adipsum
1267 4706 1498 4798 mentaliter3
1517 4704 1655 4780 etfacit
1673 4704 1710 4777 iu
1727 4705 1798 4778 hoc
1814 4724 1880 4799 pa-

707 4830 918 4924 renthesim,
938 4829 1039 4922 idest,
1058 4826 1383 4922 interpositionem.
1397 4825 1443 4899 Et
1458 4825 1578 4899 subdit
1592 4824 1833 4899 intensionem
1840 4814 1877 4916 (¹)

769 5093 796 5152 (¹)
812 5092 843 5142 E.
858 5092 963 5142 rubens.
1228 5086 1257 5150 (¹)
1274 5090 1328 5148 117,
1344 5086 1527 5136 incensionem.
