4542 6842
700 945 772 1011 216
1065 949 1267 1003 cosmnruu
1292 948 1511 1003 runonronn

700 1096 885 1191 Friderici,
903 1115 1063 1188 quarum
1083 1098 1214 1168 neutra
1235 1098 1379 1188 poterat
1394 1090 1544 1188 gloriari
1570 1090 1617 1165 de
1641 1090 1758 1186 probo
1780 1088 1872 1181 viro,

700 1220 798 1314 quiin,
826 1224 867 1292 ut
892 1222 991 1313 patet
1016 1236 1062 1289 ex
1088 1213 1203 1307 dictis,
1221 1213 1279 1287 isti
1295 1213 1370 1288 duo
1391 1211 1664 1309 degenerabant
1688 1231 1711 1286 a
1738 1210 1875 1287 virtute

700 1345 863 1435 paterna.
890 1335 958 1410 Alii
984 1342 1107 1409 tamen
1132 1333 1269 1428 dicunt,
1296 1334 1395 1428 quod
1421 1334 1499 1407 iste
1527 1332 1612 1407 duae
1638 1333 1789 1407 fuerunt
1813 1351 1874 1405 so·

702 1479 806 1534 rores
832 1455 1062 1548 Constantiae,
1088 1454 1188 1549 quod
1214 1474 1287 1527 non
1314 1454 1436 1528 credo.
1450 1492 1500 1506 -
1520 1453 1638 1525 Vedete
1668 1455 1696 1525 il
1724 1473 1775 1525 rc.
1807 1451 1873 1525 llic

701 1577 887 1653 Sordellus
922 1574 1086 1650 nominat
1120 1573 1233 1648 alium
1265 1573 1434 1668 spiritum
1468 1572 1646 1647 illustrem
1672 1571 1870 1647 llenrieum

704 1720 830 1797 regem
856 1696 1005 1793 Angliae.
1032 1695 1103 1769 Iste
1129 1695 1196 1768 luit
1221 1693 1317 1768 iilius
1343 1692 1512 1767 Richardi
1537 1691 1781 1785 valentissimi,
1807 1690 1872 1785 qui

703 1817 883 1893 mirabilia
909 1817 993 1892 lecit
1016 1823 1168 1891 strenue
1191 1822 1319 1890 contra
1344 1813 1575 1907 Saladinum3
1601 1813 1665 1908 qui
1694 1813 1873 1889 Henricus

412 2028 424 2061 l
501 1972 532 2053 ἦα·
590 2022 596 2041 ,
636 2019 642 2029 ,
702 1941 770 2015 fuit
796 1939 1005 2032 virbonus
1032 1936 1199 2011 etbonae
1225 1935 1308 2009 fidei
1337 1954 1535 2030 possessor,
1560 1933 1624 2008 sed
1654 1933 1781 2007 babuit
1806 1934 1873 2007 he-

703 2060 829 2137 redem
856 2058 1046 2131 meliorem
1073 2077 1113 2131 se
1138 2056 1448 2151 percontrarium
1466 2054 1564 2130 Petri
1590 2061 1627 2129 et
1652 2054 1783 2148 Caroli,
1802 2053 1872 2128 sci·

702 2181 786 2255 licet
810 2178 1019 2253 Adoardum
1046 2178 1169 2252 virum
1196 2175 1496 2251 valentissimum.
1523 2175 1617 2250 Dicit
1646 2196 1757 2273 ergo:
1784 2179 1812 2248 il
1833 2196 1874 2247 re

702 2306 746 2376 de
769 2304 806 2373 lo
830 2303 988 2393 semplice
1012 2303 1096 2389 vito,
1123 2298 1192 2373 suit
1216 2297 1370 2392 simplex
1394 2304 1432 2371 et
1457 2317 1585 2391 purus,
1603 2296 1668 2371 sed
1689 2317 1762 2370 non
1780 2306 1874 2373 stre-

704 2442 812 2515 nuus,
838 2419 931 2495 sicut
956 2426 1060 2515 paler
1086 2425 1122 2492 et
1147 2418 1254 2513 lilius,
1280 2418 1427 2511 scilicet,
1457 2420 1591 2508 Am‘po
1616 2420 1651 2490 d'
1663 2420 1875 2507 lnpbilterro

704 2545 806 2617 seder
830 2531 867 2613 ld
890 2543 989 2634 solo,·
1014 2540 1115 2634 ponit
1139 2539 1258 2633 ipsum
1289 2538 1421 2632 solum,
1447 2538 1535 2631 quia
1565 2539 1664 2613 solus
1696 2537 1764 2611 luit
1789 2537 1877 2610 sim-

707 2663 790 2758 plex
816 2660 852 2733 in
878 2680 1036 2735 numero
1062 2679 1194 2755 regum
1212 2658 1361 2754 Angliae,
1379 2658 1441 2752 qui
1460 2658 1611 2732 luerunt
1627 2656 1876 2731 communiter

705 2780 815 2855 astuti
841 2779 969 2873 valde;
996 2779 1054 2854 vel
1079 2778 1166 2872 quia
1191 2777 1374 2852 solitarius
1404 2798 1477 2852 non
1508 2778 1692 2874 gaudebat
1717 2796 1876 2852 conver·

707 2901 846 2975 satione
870 2898 1074 2991 hominum,
1096 2898 1154 2972 vel
1181 2898 1267 2991 quia
1291 2896 1476 2994 anglicus:
1493 2898 1621 2994 Anglia
1641 2898 1738 2972 enim
1757 2919 1877 2993 angu-

708 3022 765 3095 lus
790 3028 900 3094 tcrrae
926 3025 980 3092 est
1006 3016 1162 3112 reposita
1188 3018 1223 3091 in
1249 3019 1396 3093 Oceano
1416 3018 1639 3092 occidentali.
1666 3018 1769 3093 Unde
1794 3018 1876 3091 Vir·

705 3142 833 3239 gilius:
860 3145 905 3213 El
921 3143 1058 3231 penitus
1091 3145 1160 3211 toto
1191 3140 1321 3213 diebos
1352 3139 1436 3211 orbe
1469 3140 1661 3213 bisancos,
1678 3180 1729 3191 —
1749 3143 1876 3231 Questi,

706 3261 851 3355 scilicet,
878 3280 944 3333 rex
970 3258 1160 3352 Henrieus,
1186 3261 1231 3331 llo
1256 3260 1310 3331 ne'
1326 3262 1422 3332 romi
1449 3263 1538 3353 suoi,
1564 3260 1710 3353 scilieet,
1737 3260 1876 3355 dnglia‚

706 3381 826 3457 Scotia
842 3372 878 3471 (¹)
906 3387 943 3454 et
976 3379 1055 3453 aliis
1080 3379 1217 3474 insulis,
1243 3383 1384 3471 miptmr
1408 3383 1531 3470 oscito,
1557 3381 1659 3474 idest,
1685 3381 1876 3455 meliorem

707 3502 834 3595 filiurn,
860 3500 996 3574 scilicet
1020 3498 1244 3593 ddoardum‚
1265 3499 1328 3593 qui
1357 3504 1445 3573 tunc
1471 3500 1625 3574 vivebat.
1641 3503 1790 3588 -Ouel
1820 3503 1880 3574 cte

703 3619 765 3717 piri
790 3624 903 3695 bosso.
930 3620 995 3694 llic
1021 3619 1151 3693 ultimo
1176 3618 1362 3695 Sordellus
1387 3620 1551 3693 nominat
1576 3620 1745 3694 ultimum
1771 3619 1879 3715 spiri·

708 3753 788 3820 turn
822 3741 973 3817 minoris
1006 3740 1153 3836 gradus.
1180 3740 1233 3814 Ad
1263 3740 1369 3813 cuius
1398 3740 1643 3836 cognitionem
1674 3747 1730 3815 est
1760 3740 1879 3815 soien-

707 3865 808 3954 dum,
834 3861 932 3954 quod
962 3860 1029 3935 iste
1057 3860 1126 3933 l'uit
1154 3860 1383 3935 Guillielmus
1416 3860 1581 3934 marcbio
1610 3860 1877 3954 Montislerrati‚

708 3986 764 4059 vir
790 3985 894 4057 lerox
919 3988 956 4056 et
980 3980 1131 4075 crudus,
1158 3988 1281 4055 tamen
1312 3982 1437 4055 valens
1468 3987 1506 4055 et
1540 3987 1679 4075 potens,
1714 3980 1776 4074 qui
1812 3981 1881 4059 luit

708 4102 903 4199 aliquando
929 4099 1140 4195 capitaneus
1165 4099 1355 4175 Mediolani
1371 4105 1500 4173 contra
1517 4100 1677 4193 Papiam.
1694 4100 1766 4175 lste
1782 4108 1880 4178 anno

709 4221 853 4298 Domini
878 4220 1029 4295 MCCXC
1062 4240 1149 4294 curn
1182 4219 1306 4294 ivisset
1339 4239 1425 4292 cum
1457 4220 1582 4313 paucis
1615 4220 1662 4293 ad
1694 4220 1877 4295 civitatem
2011 4220 2016 4229 '

708 4340 948 4436 Alexandriae,
965 4339 1198 4415 Alexandrini
1215 4340 1262 4414 ad
1279 4339 1487 4419 instantiam
1505 4340 1726 4435 Astensium,
1744 4341 1879 4435 quibus

709 4461 873 4538 marchio
898 4466 978 4535 erat
1004 4459 1184 4554 inimicus,
1210 4466 1389 4554 ceperunt
1418 4479 1505 4533 eum
1538 4459 1747 4556 proditorie,
1773 4482 1881 4537 acce—

709 4583 778 4680 ptis
804 4582 945 4678 magnis
970 4581 1132 4675 pecuniis
1162 4582 1210 4654 ab
1241 4580 1463 4674 dolensibus,
1491 4578 1553 4673 qui
1589 4588 1675 4654 sunt
1703 4583 1879 4677 pecunio-

709 4705 823 4780 siores
847 4703 1018 4778 omnibus
1044 4700 1181 4794 italicis,
1208 4700 1349 4775 caeteris
1381 4699 1541 4795 paribus,
1567 4700 1655 4793 quia
1686 4709 1771 4778 sunt
1799 4724 1879 4778 ma-

709 4825 771 4922 gni
787 4816 823 4917 (¹)
852 4822 1029 4916 usurarii3
1047 4827 1085 4898 et
1106 4827 1275 4895 mortuus
1300 4826 1356 4895 est
1381 4820 1418 4893 in
1443 4840 1595 4896 carcere
1620 4820 1881 4915 predictorum

712 4994 817 5003 ...-——-

774 5080 803 5144 l'l
817 5079 847 5131 E·
864 5079 956 5131 Siclllt·
1237 5076 1266 5137 (Ἰ
1281 5078 1313 5129 ll.
1329 5076 1445 5129 maxlml.
