4542 6842
739 963 878 1021 caurus
903 967 1060 1024 pacruus
1085 966 1249 1021 rannus.
1497 953 1569 1023 369

394 1129 469 1207 guo
494 1109 630 1186 ardore
653 1129 722 1206 pro
754 1110 974 1185 exterminio
1004 1131 1178 1186 mserum
1210 1112 1359 1187 civium.
1372 1117 1498 1186 -Μα
1523 1117 1568 1184 tu.

393 1229 458 1304 Hie
483 1229 601 1325 Sapie,
619 1229 707 1324 quia
728 1230 845 1304 multa
870 1229 1014 1306 dixerat
1038 1230 1125 1306 satis
1150 1249 1246 1306 vana
1267 1232 1314 1306 de
1330 1230 1464 1306 invidia
1490 1251 1570 1323 sua,

394 1349 483 1446 petit
507 1350 556 1424 ab
580 1355 712 1428 autera
737 1349 785 1426 de
809 1350 890 1425 eius
914 1351 1045 1448 gratia,
1064 1351 1127 1446 qui
1148 1351 1256 1426 vivus
1280 1351 1426 1427 videtur
1451 1351 1507 1426 ire
1523 1371 1570 1426 ex

394 1471 572 1568 singulari
596 1469 786 1566 privilegio
812 1491 878 1566 per
909 1491 1024 1570 regua
1054 1479 1303 1547 mortuorum.
1335 1472 1429 1547 Dicit
1461 1491 1570 1568 erge:

395 1592 482 1666 satis
507 1597 611 1687 petes
635 1611 682 1666 ex
707 1591 829 1666 verbis
855 1592 947 1667 meis
972 1592 1066 1668 seire
1091 1613 1176 1688 quae
1203 1592 1356 1688 iuerim3
1374 1598 1438 1668 Ma
1458 1600 1493 1666 la
1517 1595 1572 1665 citi

393 1714 440 1786 sd
456 1715 517 1786 eie
541 1715 597 1786 ua’
614 1714 857 1786 &meando
889 1719 1011 1786 nostre
1034 1715 1247 1806 οωιάῑιίοπὲ,
1282 1713 1381 1809 quod
1416 1721 1472 1789 est
1497 1713 1569 1786 mi-

395 1831 521 1927 rabile,
546 1853 566 1904 e
586 1835 684 1925 porti
705 1835 758 1924 pli
780 1833 877 1904 aecii
899 1834 1023 1923 suala,
1044 1832 1136 1909 idest
1158 1854 1233 1907 nou
1253 1833 1384 1929 ligatos
1404 1854 1490 1908 cum
1509 1833 1571 1908 fiio
1619 1857 1632 1890 ·

394 1951 489 2028 sieut
514 1972 592 2044 uos,
617 1952 717 2046 quod
733 1958 789 2026 est
812 1951 1035 2046 mirabilius3
1053 1959 1090 2028 et
1106 1953 1211 2027 dicit:
1230 1974 1249 2026 e
1264 1956 1449 2046 spirando,
1467 1953 1570 2048 idest,

395 2071 568 2164 vivendo,
593 2074 738 2164 rapiam·
760 2064 791 2144 si
815 2075 950 2146 eom’io
974 2075 1094 2166 aedo,
1119 2073 1206 2167 quia
1233 2073 1310 2168 ipsa
1329 2093 1401 2148 non
1427 2079 1571 2168 peterat

394 2197 496 2267 certe
521 2187 616 2266 scire
640 2191 670 2266 si
695 2193 830 2267 Dentes
856 2199 937 2267 erat
962 2193 1089 2269 vivens
1118 2193 1178 2268 vei
1208 2192 1347 2288 ridens,
1380 2193 1467 2288 quia
1493 2193 1569 2288 ipsa

392 2332 467 2408 vuera
492 2311 649 2407 videbat,
675 2311 739 2387 sed
764 2313 1005 2389 existimabat„
1032 2312 1087 2387 Ad
1116 2309 1216 2408 qued
1242 2313 1437 2408 respondet
1462 2319 1570 2408 poeta

392 2431 509 2529 magis
535 2429 718 2528 sapienter
742 2437 780 2508 et
804 2432 987 2527 breviter3
1014 2439 1051 2508 et
1080 2454 1155 2508 uon
1182 2431 1377 2529 respondet
1402 2433 1485 2528 quis
1510 2433 1566 2526 sil,

396 2573 442 2628 ue
467 2550 637 2628 videatur
661 2572 790 2647 vanus,
817 2549 879 2627 sed
907 2552 1102 2648 respondet
1125 2554 1173 2627 ad
1197 2553 1234 2626 id
1258 2553 1357 2648 qued
1382 2554 1442 2627 ilia
1467 2552 1571 2628 dixe-

396 2680 453 2748 rat
478 2672 524 2748 de
549 2673 665 2748 oculis
689 2673 835 2769 apertis,
861 2673 931 2748 *et
956 2673 1121 2768 loquitur
1137 2673 1184 2748 ad
1203 2673 1354 2747 modum
1372 2693 1472 2750 verae
1489 2694 1570 2768 poe-

395 2793 559 2889 uiteutis;
582 2801 620 2870 et
644 2793 741 2888 dicit,
759 2794 858 2890 quod
875 2793 959 2869 licet
976 2793 1085 2868 vadat
1100 2814 1201 2868 nune
1217 2813 1305 2868 eum
1325 2794 1441 2892 oeulis
1457 2814 1564 2890 aper·

395 2905 538 3008 us*(⁴),
564 2920 690 2989 tamea
714 2913 836 2988 adhuc
860 2913 1008 2989 habebit
1033 2933 1097 2988 eos
1117 2914 1262 2988 clausos
1281 2934 1349 2988 sua
1367 2913 1458 2989 rice.
1477 2913 1571 2988 Dicit

395 3053 505 3130 ergo:
539 3037 623 3108 αἰεί
635 3038 691 3108 io:
715 3037 766 3124 pli
790 3036 886 3107 oraui
918 3037 967 3108 mi
991 3036 1084 3126 piene
1116 3055 1230 3107 ancer
1261 3037 1321 3126 pai
1350 3037 1435 3126 leiti,
1463 3033 1567 3128 idest,

395 3154 479 3248 suti,
505 3153 598 3229 sicut
621 3160 659 3229 et
684 3153 797 3248 vobis,
815 3153 952 3230 seilicet
982 3153 1017 3228 iu
1043 3159 1165 3229 morte
1181 3154 1329 3249 quaudo
1352 3155 1488 3230 iterum
1507 3175 1568 3229 re·

394 3274 480 3349 dibu
496 3273 543 3350 ad
561 3275 830 3372 purgatorium,
854 3295 915 3348 ma
928 3276 1054 3367 precio!
1069 3283 1195 3368 tempe,
1208 3275 1295 3369 quia
1312 3295 1445 3370 parurn
1464 3275 1568 3349 stabo

393 3393 431 3468 iu
456 3394 524 3468 ista
550 3415 670 3490 poeua,
695 3391 758 3468 eie*
778 3414 874 3487 pecu
905 3391 927 3468 a*
957 3396 1115 3488 l’offesa,
1140 3393 1232 3470 idest
1266 3395 1373 3489 eulpa
1407 3415 1482 3489 qua
1514 3393 1570 3467 oi-

272 3532 274 3536 ’
394 3513 491 3590 feudi
516 3514 635 3590 Deum
661 3514 698 3588 iu
723 3514 805 3609 hoe,
827 3518 919 3610 satta
941 3535 1008 3607 per
1032 3535 1127 3587 esser
1150 3517 1247 3605 volti,
1273 3513 1322 3587 iili
1355 3514 1451 3588 oeuii
1482 3513 1569 3608 mei,

393 3655 460 3708 een
484 3637 627 3708 invidie
654 3634 764 3723 Quasi
790 3633 903 3708 dicat:
930 3633 967 3707 iu
992 3633 1068 3708 rita
1094 3651 1177 3710 mea
1204 3653 1275 3730 ego
1305 3653 1439 3728 parum
1471 3633 1568 3708 volvi

394 3754 520 3829 oeulos
537 3745 726 3847 invidiae)
741 3753 788 3828 ad
803 3753 1070 3849 respiciendum
1085 3753 1344 3849 prosperitates
1355 3753 1568 3847 hominum3

395 3879 432 3949 et
457 3874 536 3948 vult
559 3872 683 3949 dicere
710 3893 784 3948 une
810 3873 945 3949 verbo:
964 3893 1034 3970 ego
1052 3872 1104 3946 fui
1130 3893 1279 3968 semper
1304 3872 1489 3947 modicum
1513 3873 1569 3945 iu·

395 3993 512 4088 vidus,
537 3993 621 4070 ideo
645 3993 798 4070 faciliter
823 3993 957 4070 eicite
982 3993 1171 4090 purgabor
1194 3994 1264 4069 hie.
1297 3994 1342 4068 ut
1371 3992 1569 4068 confitetur

394 4113 494 4190 aliud
519 4119 711 4210 peecatum
737 4114 774 4187 in
800 4134 875 4209 quo
897 4113 1015 4210 magis
1039 4113 1254 4207 offenderat,
1271 4112 1415 4188 dicens:
1443 4119 1570 4204 trappa

395 4233 416 4309 e*
434 4231 496 4330 piri
525 4237 562 4308 lu
579 4254 703 4327 parcre
727 4231 843 4309 ond'e*
862 4253 1005 4328 sospesa
1030 4237 1187 4308 l’anima
1210 4236 1284 4308 ntia
1313 4236 1371 4308 del
1399 4239 1570 4306 armento

394 4359 433 4430 di
456 4363 565 4429 sotto:
590 4356 669 4429 vult
693 4353 816 4430 dicere
841 4355 941 4450 quod
966 4355 1083 4430 multe
1109 4356 1190 4451 plus
1215 4355 1319 4430 timet
1340 4375 1488 4450 poeuam
1505 4373 1570 4426 su·-

319 4537 326 4554 .
395 4476 608 4573 perborum,
627 4495 712 4570 quaa
735 4474 887 4570 punitur
908 4475 1001 4550 inira
1026 4475 1063 4548 in
1088 4475 1209 4570 primo
1226 4475 1376 4578 cuculo,
1394 4474 1499 4569 quasi
1516 4472 1571 4548 di-

395 4601 473 4673 eat:
499 4595 624 4670 suiad
649 4601 795 4691 tempus
820 4595 938 4692 magis
962 4595 1145 4690 superbus
1170 4616 1283 4690 quam
1304 4595 1467 4689 invidus3
1485 4594 1569 4670 ideo

390 4717 469 4814 jam
494 4715 622 4792 dubito
646 4715 693 4790 de
717 4735 844 4812 poerra3
870 4714 970 4790 unde
993 4713 1095 4790 dicit:
1113 4717 1175 4789 cie
1189 4705 1251 4807 pid
1267 4717 1445 4788 l’iaeareo
1469 4717 1508 4788 di
1531 4704 1568 4787 ἰὰ

395 4832 456 4930 piri
480 4838 529 4943 mi
545 4856 646 4930 pera,
664 4834 768 4930 quasi
786 4834 898 4910 dieat:
917 4833 1064 4910 ridetur
1075 4835 1156 4930 jam
1173 4834 1275 4929 mihi,
1293 4834 1392 4929 quod
1409 4834 1569 4908 habeam

458 5024 486 5086 (¹)
501 5024 539 5074 Le
555 5023 644 5087 parole
659 5022 699 5074 tra
716 5023 725 5072 Ι
740 5022 792 5073 dua
807 5021 941 5072 ulariaehi
956 5035 1022 5074 rouo
1038 5021 1079 5074 dai
1094 5019 1182 5074 Codiei
1197 5021 1305 5072 urenae
1321 5031 1337 5069 a
1352 5022 1407 5070 11⁷.

459 5101 487 5164 (¹)
504 5100 534 5152 Ε.
552 5099 637 5152 lauda
653 5099 684 5151 ad
701 5099 900 5164 raspieiaudum.

528 5205 569 5250 ΠΙ.
1408 5204 1438 5248 24
