4542 6842
713 935 783 1002 ttt
1069 945 1274 1000 counuruu
1299 946 1520 1001 runcaronn

711 1092 760 1167 cit
783 1113 875 1188 ergo
900 1091 1187 1187 interrogative:
1213 1094 1274 1164 cbe
1292 1100 1398 1185 poten
1423 1096 1458 1165 io
1482 1093 1606 1165 mdiu?
1632 1089 1737 1184 quasi
1763 1086 1881 1163 dicat:

709 1213 798 1307 qnid
824 1218 991 1307 poteram
1013 1212 1160 1306 dejure
1179 1211 1279 1286 aliud
1296 1213 1529 1307 respondere,
1547 1233 1584 1285 se
1603 1232 1688 1301 non,
1704 1213 1740 1283 io
1757 1228 1882 1301 myrto,

710 1332 846 1407 scilicet
861 1339 943 1427 post
960 1336 1020 1406 tet
1036 1351 1127 1427 ergo
1145 1334 1277 1423 ducib,
1295 1335 1463 1425 alquanto
1484 1351 1671 1423 consperso
1691 1332 1749 1403 det
1770 1330 1882 1419 color,

710 1452 813 1546 idest,
838 1472 1028 1547 respersus
1054 1452 1193 1527 rubore
1217 1452 1461 1547 verecundiae,
1479 1455 1538 1524 obe
1555 1456 1597 1546 su
1617 1453 1727 1523 tuom
1748 1452 1786 1523 di
1798 1471 1883 1541 per-

710 1575 782 1645 don
807 1576 858 1646 tot
881 1577 975 1647 uoltu
999 1576 1123 1665 morto.
1150 1572 1194 1645 nt
1220 1579 1305 1646 nota
1331 1572 1430 1667 quod
1460 1572 1496 1645 in
1527 1573 1597 1645 boc
1627 1576 1734 1665 poeta
1760 1576 1884 1643 osten·

710 1692 762 1767 dit
787 1713 827 1768 se
853 1714 951 1767 nunc
976 1714 1066 1769 vero
1091 1694 1146 1768 irc
1172 1712 1238 1788 per
1263 1693 1534 1789 purgatorium,
1552 1691 1637 1786 quia
1660 1697 1734 1764 tam
1752 1690 1824 1763 cito
1845 1696 1883 1763 et

712 1819 788 1885 nm
821 1813 973 1887 faciliter
1007 1812 1184 1909 poenitet;
1211 1834 1297 1886 nam
1327 1811 1446 1907 pudor
1477 1819 1514 1886 et
1546 1812 1651 1885 dolor
1683 1817 1769 1884 sunt
1798 1809 1881 1883 dnae

712 1932 907 2029 praecipuae
927 1932 1046 2026 scatoe,
1064 1932 1198 2026 quibus
1216 1933 1329 2005 bomo
1346 1930 1508 2006 ascendit
1524 1929 1791 2027 purgatorium.
1811 1928 1881 2003 Sed

712 2059 824 2147 certe,
850 2054 976 2147 tector,
998 2054 1056 2127 bic
1073 2060 1197 2127 tacere
1215 2074 1288 2126 non
1306 2072 1466 2147 possum,
1485 2053 1572 2146 qnia
1589 2050 1734 2125 invenio
1754 2069 1883 2124 omnes

711 2181 873 2267 autores,
891 2178 980 2268 puta
999 2173 1239 2267 philosophos,
1258 2180 1396 2267 poetas,
1414 2179 1592 2267 oratores,
1606 2170 1796 2245 historicos
1818 2190 1884 2245 eo·

710 2295 795 2369 dem
821 2314 951 2368 errore
977 2294 1158 2387 laborare,
1185 2294 1272 2387 quia
1301 2312 1430 2367 omnes
1461 2293 1631 2385 clamant,
1657 2293 1804 2383 latrant,
1829 2289 1886 2363 di-

711 2420 860 2509 spntant
884 2419 1013 2487 contra
1034 2413 1178 2509 vulgus
1198 2414 1299 2487 Unus
1319 2412 1404 2487 dicit
1422 2414 1556 2508 vulgus
1574 2412 1772 2504 indoctum,
1790 2411 1884 2483 altor

711 2535 846 2629 vulgus
871 2532 1053 2625 insanum,
1078 2533 1172 2606 atius
1198 2533 1332 2628 vulgus
1357 2553 1508 2626 vanum,
1525 2532 1619 2606 alius
1641 2532 1775 2626 vulgus
1805 2550 1886 2604 mo-

713 2654 798 2747 biie,
823 2654 935 2728 etita
960 2653 1007 2727 de
1032 2652 1149 2746 milte3
1175 2659 1212 2727 et
1237 2672 1366 2727 omnes
1396 2651 1574 2725 damnant
1600 2650 1738 2747 judicia
1769 2650 1882 2746 vulgi,

716 2774 915 2869 opiniones,
933 2772 1140 2866 sententias,
1159 2792 1295 2866 mores,
1312 2772 1437 2865 vitam,
1458 2772 1553 2847 dicta
1579 2779 1616 2846 et
1641 2771 1732 2847 iacta
1761 2770 1877 2866 vulgi,

715 2902 752 2969 et
778 2901 902 2967 nmen
928 2892 965 2966 in
992 2894 1087 2967 mata
1108 2894 1200 2967 hora
1221 2914 1350 2968 omnes
1367 2900 1541 2987 quaerunt
1560 2900 1641 2967 arte
1666 2899 1703 2967 et
1725 2890 1881 2988 ingenio,

715 3015 843 3089 tabore
867 3021 905 3088 et
930 3012 1050 3086 studio
1075 3014 1240 3089 savorem
1266 3014 1380 3110 vulgi,
1397 3013 1536 3107 laudes,
1551 3014 1883 3106 tamam,bonores,

715 3135 810 3209 sicut
823 3134 928 3208 tacite
943 3139 1053 3229 patet.
1063 3134 1117 3207 Ad
1128 3134 1355 3229 propositum
1371 3155 1461 3231 ergo
1475 3141 1582 3227 poeta
1596 3140 1719 3209 noster
1732 3131 1882 3207 erubuit

714 3255 874 3329 sentiens
900 3274 940 3327 se
965 3254 1065 3349 juste
1098 3254 1279 3349 increpari
1305 3256 1351 3329 de
1383 3254 1553 3348 eoquod
1579 3275 1674 3329 vane
1699 3252 1882 3350 gaudebat

715 3397 816 3450 nunc
841 3376 943 3449 vanis
969 3375 1123 3448 vocibus
1148 3376 1302 3449 istorum
1329 3374 1570 3470 plebeiorum.

789 3481 980 3569 uanum.
1000 3494 1071 3568 Ista
1088 3503 1143 3568 est
1161 3494 1320 3569 secunda
1335 3516 1419 3590 pars
1432 3494 1615 3591 generatis
1632 3495 1669 3569 in
1688 3516 1762 3589 qua
1781 3498 1887 3589 poeta

715 3614 887 3691 describit
912 3635 1047 3689 novam
1072 3621 1211 3689 sectam
1229 3614 1452 3709 animarum,
1470 3636 1555 3711 qnae
1572 3614 1785 3710 supervenit
1802 3634 1890 3689 can-

716 3742 798 3810 tans
821 3736 965 3810 devote.
992 3735 1083 3809 Dicit
1108 3756 1223 3831 ergo:
1242 3742 1275 3809 Ε
1292 3738 1441 3827 intanto,
1459 3736 1562 3830 idest,
1584 3735 1730 3809 interim
1752 3754 1813 3809 me
1837 3734 1888 3809 sic

716 3857 913 3931 confitente
946 3877 1113 3931 errorem
1148 3877 1287 3950 meum,
1318 3865 1430 3947 nante,
1462 3855 1565 3949 idest,
1601 3877 1738 3930 novum
1771 3876 1889 3952 genus

717 3978 907 4055 hominnm
934 3977 1121 4052 diversum
1152 3978 1199 4051 ab
1216 3969 1251 4068 (¹)
1284 3976 1339 4051 his
1372 3997 1465 4072 quos
1490 3976 1774 4071 dimittebamus,
1801 3976 1888 4071 quia

716 4100 766 4174 iili
792 4100 947 4192 stabant,
965 4098 1022 4171 isti
1047 4099 1303 4192 ambulabant3
1331 4098 1380 4171 illi
1405 4099 1552 4173 inerant
1576 4098 1683 4173 valde
1709 4096 1826 4194 frigidi
1852 4104 1888 4171 et

717 4220 843 4314 timidi,
869 4219 926 4292 isti
956 4221 1116 4292 muttum
1143 4218 1246 4293 calidi
1273 4228 1310 4294 et
1334 4219 1504 4312 audaces,
1531 4220 1658 4291 venian
1685 4220 1833 4291 mnuuzi
1864 4238 1888 4288 n

717 4344 779 4414 noi
801 4360 850 4413 nn
871 4360 961 4432 poco
979 4360 1049 4432 per
1073 4342 1110 4411 Iu
1134 4347 1230 4413 costa
1256 4340 1294 4411 di
1317 4344 1491 4429 daumio,
1518 4359 1591 4412 non
1617 4358 1683 4432 per
1708 4338 1805 4412 viam
1828 4358 1888 4411 re-

718 4465 827 4555 ctam,
853 4461 939 4555 quia
964 4482 1039 4534 non
1063 4466 1233 4555 poterant
1261 4459 1460 4534 ascendere
1491 4480 1640 4533 sursum
1671 4459 1718 4533 ad
1750 4480 1889 4555 purga·

718 4582 867 4675 torium,
892 4584 1094 4655 camundo:
1119 4584 1295 4655 Miserere.
1322 4580 1388 4655 Hic
1420 4588 1505 4655 nota
1537 4580 1636 4674 quod
1666 4579 1778 4654 David
1805 4580 1889 4655 tecit

719 4704 818 4776 bunc
834 4703 1030 4797 psalmum,
1047 4721 1134 4776 cum
1161 4701 1268 4775 nimis
1288 4700 1451 4797 graviter
1471 4700 1678 4775 offendisset
1695 4702 1824 4795 Deum,
1843 4699 1889 4775 de

719 4844 796 4917 qno
808 4824 948 4918 psalmo
961 4824 1105 4898 dicetur
1118 4822 1235 4919 magis
1248 4821 1566 4918 proprieParadisi
1579 4822 1888 4916 capituloXXXlt.

783 5075 811 5138 (¹)
826 5074 853 5125 S.
869 5089 884 5125 a
900 5075 931 5125 Ε.
947 5076 980 5125 ab
995 5076 1060 5137 atita,
1076 5076 1147 5140 qnod
1164 5076 1362 5127 dimittebantur.
