<?xml version="1.0" encoding="UTF-8"?>
<!DOCTYPE html PUBLIC "-//W3C//DTD XHTML 1.0 Transitional//EN"
    "http://www.w3.org/TR/xhtml1/DTD/xhtml1-transitional.dtd">
<html xmlns="http://www.w3.org/1999/xhtml" xml:lang="en" lang="en">
 <head>
  <title>
</title>
<meta http-equiv="Content-Type" content="text/html;charset=utf-8" />
  <meta name='ocr-system' content='tesseract 3.04.00' />
  <meta name='ocr-capabilities' content='ocr_page ocr_carea ocr_par ocr_line ocrx_word'/>
</head>
<body>
  <div class='ocr_page' id='page_1' title='image "./comentumsuperda01unkngoog_0112.png"; bbox 0 0 4542 6842; ppageno 0'>
   <div class='ocr_carea' id='block_1_1' title="bbox 710 896 1521 967">
    <p class='ocr_par' dir='ltr' id='par_1_1' title="bbox 710 896 1521 967">
     <span class='ocr_line' id='line_1_1' title="bbox 710 896 1521 967; baseline -0.011 0"><span class='ocrx_word' id='word_1_1' title='bbox 710 896 758 967; x_wconf 82' lang='grc'><strong>98</strong></span> <span class='ocrx_word' id='word_1_2' title='bbox 1069 908 1273 963; x_wconf 78' lang='lat' dir='ltr'><strong>causarum</strong></span> <span class='ocrx_word' id='word_1_3' title='bbox 1298 906 1521 963; x_wconf 77' lang='lat' dir='ltr'><strong>runosronn</strong></span> 
     </span>
    </p>
   </div>
   <div class='ocr_carea' id='block_1_2' title="bbox 708 1050 1885 2231">
    <p class='ocr_par' dir='ltr' id='par_1_2' title="bbox 708 1050 1885 2231">
     <span class='ocr_line' id='line_1_2' title="bbox 709 1050 1884 1149; baseline 0.002 -22"><span class='ocrx_word' id='word_1_4' title='bbox 709 1053 833 1129; x_wconf 75' lang='lat' dir='ltr'><strong>firmat</strong></span> <span class='ocrx_word' id='word_1_5' title='bbox 858 1074 910 1149; x_wconf 88' lang='lat' dir='ltr'><strong>se,</strong></span> <span class='ocrx_word' id='word_1_6' title='bbox 936 1060 973 1129; x_wconf 85' lang='lat' dir='ltr'><strong>et</strong></span> <span class='ocrx_word' id='word_1_7' title='bbox 997 1053 1140 1129; x_wconf 85' lang='lat' dir='ltr'><strong>dubitat</strong></span> <span class='ocrx_word' id='word_1_8' title='bbox 1164 1071 1249 1146; x_wconf 89' lang='lat' dir='ltr'><strong>quae</strong></span> <span class='ocrx_word' id='word_1_9' title='bbox 1278 1072 1374 1126; x_wconf 88' lang='lat' dir='ltr'><strong>nova</strong></span> <span class='ocrx_word' id='word_1_10' title='bbox 1404 1050 1460 1127; x_wconf 91' lang='lat' dir='ltr'><strong>isti</strong></span> <span class='ocrx_word' id='word_1_11' title='bbox 1490 1056 1647 1145; x_wconf 86' lang='lat' dir='ltr'><strong>portant</strong></span> <span class='ocrx_word' id='word_1_12' title='bbox 1679 1051 1723 1125; x_wconf 80' lang='lat' dir='ltr'><strong>ut</strong></span> <span class='ocrx_word' id='word_1_13' title='bbox 1753 1050 1884 1129; x_wconf 85' lang='lat' dir='ltr'><strong>merito</strong></span> 
     </span>
     <span class='ocr_line' id='line_1_3' title="bbox 708 1162 1884 1270; baseline -0.001 -20"><span class='ocrx_word' id='word_1_14' title='bbox 708 1180 817 1269; x_wconf 84' lang='lat' dir='ltr'><strong>poeta</strong></span> <span class='ocrx_word' id='word_1_15' title='bbox 844 1173 946 1270; x_wconf 86' lang='lat' dir='ltr'><strong>tingit</strong></span> <span class='ocrx_word' id='word_1_16' title='bbox 972 1174 1072 1268; x_wconf 89' lang='lat' dir='ltr'><strong>quud</strong></span> <span class='ocrx_word' id='word_1_17' title='bbox 1097 1172 1154 1251; x_wconf 89' lang='lat' dir='ltr'><strong>isli</strong></span> <span class='ocrx_word' id='word_1_18' title='bbox 1181 1172 1409 1249; x_wconf 83' lang='lat' dir='ltr'><strong>firmaverint</strong></span> <span class='ocrx_word' id='word_1_19' title='bbox 1421 1162 1459 1263; x_wconf 77' lang='lat'><strong>(⁴)</strong></span> <span class='ocrx_word' id='word_1_20' title='bbox 1485 1191 1527 1247; x_wconf 87' lang='lat' dir='ltr'><strong>se</strong></span> <span class='ocrx_word' id='word_1_21' title='bbox 1551 1170 1771 1267; x_wconf 76' lang='lat' dir='ltr'><strong>dubitantes,</strong></span> <span class='ocrx_word' id='word_1_22' title='bbox 1797 1172 1884 1265; x_wconf 87' lang='lat' dir='ltr'><strong>quia</strong></span> 
     </span>
     <span class='ocr_line' id='line_1_4' title="bbox 709 1292 1885 1389; baseline 0.003 -21"><span class='ocrx_word' id='word_1_23' title='bbox 709 1294 766 1369; x_wconf 89' lang='lat' dir='ltr'><strong>isti</strong></span> <span class='ocrx_word' id='word_1_24' title='bbox 792 1294 1037 1389; x_wconf 80' lang='lat' dir='ltr'><strong>mirabantur,</strong></span> <span class='ocrx_word' id='word_1_25' title='bbox 1062 1293 1162 1388; x_wconf 88' lang='lat' dir='ltr'><strong>quod</strong></span> <span class='ocrx_word' id='word_1_26' title='bbox 1184 1292 1250 1389; x_wconf 92' lang='lat' dir='ltr'><strong>ipsi</strong></span> <span class='ocrx_word' id='word_1_27' title='bbox 1266 1292 1341 1368; x_wconf 85' lang='lat' dir='ltr'><strong>duo</strong></span> <span class='ocrx_word' id='word_1_28' title='bbox 1358 1292 1423 1367; x_wconf 87' lang='lat' dir='ltr'><strong>soli</strong></span> <span class='ocrx_word' id='word_1_29' title='bbox 1442 1292 1542 1367; x_wconf 84' lang='lat' dir='ltr'><strong>ibant</strong></span> <span class='ocrx_word' id='word_1_30' title='bbox 1559 1312 1689 1369; x_wconf 83' lang='lat' dir='ltr'><strong>versus</strong></span> <span class='ocrx_word' id='word_1_31' title='bbox 1705 1312 1769 1367; x_wconf 87' lang='lat' dir='ltr'><strong>eos</strong></span> <span class='ocrx_word' id='word_1_32' title='bbox 1787 1294 1885 1371; x_wconf 89' lang='lat' dir='ltr'><strong>mul·</strong></span> 
     </span>
     <span class='ocr_line' id='line_1_5' title="bbox 710 1411 1885 1509; baseline 0.001 -18"><span class='ocrx_word' id='word_1_33' title='bbox 710 1421 778 1509; x_wconf 88' lang='lat' dir='ltr'><strong>tos,</strong></span> <span class='ocrx_word' id='word_1_34' title='bbox 797 1415 923 1493; x_wconf 84' lang='lat' dir='ltr'><strong>relicta</strong></span> <span class='ocrx_word' id='word_1_35' title='bbox 950 1436 1040 1493; x_wconf 90' lang='lat' dir='ltr'><strong>vera</strong></span> <span class='ocrx_word' id='word_1_36' title='bbox 1056 1414 1116 1491; x_wconf 86' lang='lat' dir='ltr'><strong>ria</strong></span> <span class='ocrx_word' id='word_1_37' title='bbox 1132 1412 1351 1489; x_wconf 85' lang='lat' dir='ltr'><strong>ascendendi</strong></span> <span class='ocrx_word' id='word_1_38' title='bbox 1371 1412 1416 1487; x_wconf 89' lang='lat' dir='ltr'><strong>ad</strong></span> <span class='ocrx_word' id='word_1_39' title='bbox 1439 1419 1617 1505; x_wconf 85' lang='lat' dir='ltr'><strong>montom,</strong></span> <span class='ocrx_word' id='word_1_40' title='bbox 1634 1417 1672 1487; x_wconf 89' lang='lat' dir='ltr'><strong>et</strong></span> <span class='ocrx_word' id='word_1_41' title='bbox 1689 1411 1885 1491; x_wconf 82' lang='lat' dir='ltr'><strong>veniebant</strong></span> 
     </span>
     <span class='ocr_line' id='line_1_6' title="bbox 711 1531 1884 1629; baseline 0.002 -18"><span class='ocrx_word' id='word_1_42' title='bbox 711 1541 786 1611; x_wconf 90' lang='lat' dir='ltr'><strong>tam</strong></span> <span class='ocrx_word' id='word_1_43' title='bbox 813 1535 931 1611; x_wconf 82' lang='lat' dir='ltr'><strong>tostini</strong></span> <span class='ocrx_word' id='word_1_44' title='bbox 957 1556 1042 1611; x_wconf 88' lang='lat' dir='ltr'><strong>cum</strong></span> <span class='ocrx_word' id='word_1_45' title='bbox 1070 1533 1136 1629; x_wconf 90' lang='lat' dir='ltr'><strong>ipsi</strong></span> <span class='ocrx_word' id='word_1_46' title='bbox 1161 1534 1257 1609; x_wconf 89' lang='lat' dir='ltr'><strong>irent</strong></span> <span class='ocrx_word' id='word_1_47' title='bbox 1273 1539 1348 1609; x_wconf 89' lang='lat' dir='ltr'><strong>tam</strong></span> <span class='ocrx_word' id='word_1_48' title='bbox 1370 1532 1469 1609; x_wconf 90' lang='lat' dir='ltr'><strong>lenti.</strong></span> <span class='ocrx_word' id='word_1_49' title='bbox 1484 1572 1533 1585; x_wconf 97' lang='lat'>—</span> <span class='ocrx_word' id='word_1_50' title='bbox 1549 1535 1580 1606; x_wconf 88' lang='lat'><em>0</em></span> <span class='ocrx_word' id='word_1_51' title='bbox 1596 1534 1671 1609; x_wconf 78' lang='lat' dir='ltr'><strong>bea.</strong></span> <span class='ocrx_word' id='word_1_52' title='bbox 1690 1531 1755 1609; x_wconf 84' lang='lat' dir='ltr'><strong>llio</strong></span> <span class='ocrx_word' id='word_1_53' title='bbox 1776 1539 1884 1628; x_wconf 77' lang='lat' dir='ltr'><strong>postu</strong></span> 
     </span>
     <span class='ocr_line' id='line_1_7' title="bbox 710 1652 1884 1751; baseline -0.002 -20"><span class='ocrx_word' id='word_1_54' title='bbox 710 1655 812 1751; x_wconf 91' lang='lat' dir='ltr'><strong>ponit</strong></span> <span class='ocrx_word' id='word_1_55' title='bbox 836 1655 1039 1733; x_wconf 89' lang='lat' dir='ltr'><strong>orationem</strong></span> <span class='ocrx_word' id='word_1_56' title='bbox 1066 1654 1203 1751; x_wconf 84' lang='lat' dir='ltr'><strong>Virgilii</strong></span> <span class='ocrx_word' id='word_1_57' title='bbox 1224 1654 1269 1731; x_wconf 91' lang='lat' dir='ltr'><strong>ad</strong></span> <span class='ocrx_word' id='word_1_58' title='bbox 1288 1654 1367 1729; x_wconf 91' lang='lat' dir='ltr'><strong>illos</strong></span> <span class='ocrx_word' id='word_1_59' title='bbox 1386 1652 1544 1748; x_wconf 87' lang='lat' dir='ltr'><strong>spiritus,</strong></span> <span class='ocrx_word' id='word_1_60' title='bbox 1567 1653 1630 1747; x_wconf 88' lang='lat' dir='ltr'><strong>qui</strong></span> <span class='ocrx_word' id='word_1_61' title='bbox 1648 1660 1798 1747; x_wconf 82' lang='lat' dir='ltr'><strong>captans</strong></span> <span class='ocrx_word' id='word_1_62' title='bbox 1817 1654 1884 1729; x_wconf 84' lang='lat' dir='ltr'><strong>be·</strong></span> 
     </span>
     <span class='ocr_line' id='line_1_8' title="bbox 712 1773 1883 1873; baseline -0.003 -20"><span class='ocrx_word' id='word_1_63' title='bbox 712 1778 958 1853; x_wconf 83' lang='lat' dir='ltr'><strong>nevulentiam</strong></span> <span class='ocrx_word' id='word_1_64' title='bbox 982 1776 1072 1873; x_wconf 86' lang='lat' dir='ltr'><strong>petit</strong></span> <span class='ocrx_word' id='word_1_65' title='bbox 1100 1777 1149 1850; x_wconf 90' lang='lat' dir='ltr'><strong>ab</strong></span> <span class='ocrx_word' id='word_1_66' title='bbox 1179 1775 1246 1849; x_wconf 89' lang='lat' dir='ltr'><strong>illis</strong></span> <span class='ocrx_word' id='word_1_67' title='bbox 1277 1775 1324 1849; x_wconf 90' lang='lat' dir='ltr'><strong>de</strong></span> <span class='ocrx_word' id='word_1_68' title='bbox 1352 1774 1411 1849; x_wconf 87' lang='lat' dir='ltr'><strong>via</strong></span> <span class='ocrx_word' id='word_1_69' title='bbox 1436 1773 1598 1871; x_wconf 80' lang='lat' dir='ltr'><strong>faciliori,</strong></span> <span class='ocrx_word' id='word_1_70' title='bbox 1624 1773 1747 1851; x_wconf 85' lang='lat' dir='ltr'><strong>dicans</strong></span> <span class='ocrx_word' id='word_1_71' title='bbox 1772 1794 1883 1871; x_wconf 82' lang='lat' dir='ltr'><strong>ergo:</strong></span> 
     </span>
     <span class='ocr_line' id='line_1_9' title="bbox 718 1885 1885 1991; baseline -0.001 -22"><span class='ocrx_word' id='word_1_72' title='bbox 718 1900 862 1990; x_wconf 72' lang='lat' dir='ltr'><strong>Virgilio</strong></span> <span class='ocrx_word' id='word_1_73' title='bbox 885 1889 1104 1987; x_wconf 67' lang='lat' dir='ltr'><strong>mentando,</strong></span> <span class='ocrx_word' id='word_1_74' title='bbox 1128 1896 1256 1991; x_wconf 87' lang='lat' dir='ltr'><strong>supple</strong></span> <span class='ocrx_word' id='word_1_75' title='bbox 1287 1894 1410 1971; x_wconf 85' lang='lat' dir='ltr'><strong>dicere</strong></span> <span class='ocrx_word' id='word_1_76' title='bbox 1423 1885 1459 1987; x_wconf 79' lang='lat'><strong>(¹)</strong></span> <span class='ocrx_word' id='word_1_77' title='bbox 1487 1914 1535 1969; x_wconf 91' lang='lat' dir='ltr'><strong>ne</strong></span> <span class='ocrx_word' id='word_1_78' title='bbox 1564 1900 1707 1971; x_wconf 80' lang='lat' dir='ltr'><strong>teneret</strong></span> <span class='ocrx_word' id='word_1_79' title='bbox 1731 1914 1795 1971; x_wconf 89' lang='lat' dir='ltr'><strong>eos</strong></span> <span class='ocrx_word' id='word_1_80' title='bbox 1819 1914 1885 1969; x_wconf 86' lang='lat' dir='ltr'><strong>su-</strong></span> 
     </span>
     <span class='ocr_line' id='line_1_10' title="bbox 711 2013 1884 2114; baseline -0.002 -21"><span class='ocrx_word' id='word_1_81' title='bbox 711 2039 861 2114; x_wconf 85' lang='lat' dir='ltr'><strong>spensos</strong></span> <span class='ocrx_word' id='word_1_82' title='bbox 891 2018 930 2095; x_wconf 93' lang='lat' dir='ltr'><strong>in</strong></span> <span class='ocrx_word' id='word_1_83' title='bbox 962 2017 1087 2112; x_wconf 85' lang='lat' dir='ltr'><strong>dubio,</strong></span> <span class='ocrx_word' id='word_1_84' title='bbox 1112 2039 1135 2091; x_wconf 92' lang='lat' dir='ltr'><strong>o</strong></span> <span class='ocrx_word' id='word_1_85' title='bbox 1160 2018 1225 2089; x_wconf 82' lang='lat' dir='ltr'><strong>ten</strong></span> <span class='ocrx_word' id='word_1_86' title='bbox 1246 2018 1348 2110; x_wconf 69' lang='lat' dir='ltr'><strong>fimi,</strong></span> <span class='ocrx_word' id='word_1_87' title='bbox 1374 2015 1411 2089; x_wconf 94' lang='lat' dir='ltr'><strong>iu</strong></span> <span class='ocrx_word' id='word_1_88' title='bbox 1439 2014 1595 2093; x_wconf 83' lang='lat' dir='ltr'><strong>articulo</strong></span> <span class='ocrx_word' id='word_1_89' title='bbox 1625 2015 1764 2108; x_wconf 87' lang='lat' dir='ltr'><strong>mortis,</strong></span> <span class='ocrx_word' id='word_1_90' title='bbox 1797 2013 1884 2108; x_wconf 87' lang='lat' dir='ltr'><strong>quia</strong></span> 
     </span>
     <span class='ocr_line' id='line_1_11' title="bbox 711 2134 1885 2231; baseline -0.006 -15"><span class='ocrx_word' id='word_1_91' title='bbox 711 2139 848 2216; x_wconf 86' lang='lat' dir='ltr'><strong>scilicet</strong></span> <span class='ocrx_word' id='word_1_92' title='bbox 872 2138 910 2213; x_wconf 92' lang='lat' dir='ltr'><strong>in</strong></span> <span class='ocrx_word' id='word_1_93' title='bbox 934 2139 1008 2214; x_wconf 86' lang='lat' dir='ltr'><strong>tina</strong></span> <span class='ocrx_word' id='word_1_94' title='bbox 1037 2137 1192 2213; x_wconf 88' lang='lat' dir='ltr'><strong>rediistis</strong></span> <span class='ocrx_word' id='word_1_95' title='bbox 1225 2135 1271 2211; x_wconf 90' lang='lat' dir='ltr'><strong>ad</strong></span> <span class='ocrx_word' id='word_1_96' title='bbox 1306 2136 1438 2229; x_wconf 87' lang='lat' dir='ltr'><strong>Deum,</strong></span> <span class='ocrx_word' id='word_1_97' title='bbox 1470 2141 1508 2210; x_wconf 91' lang='lat' dir='ltr'><strong>et</strong></span> <span class='ocrx_word' id='word_1_98' title='bbox 1540 2155 1730 2229; x_wconf 88' lang='lat' dir='ltr'><strong>nunquam</strong></span> <span class='ocrx_word' id='word_1_99' title='bbox 1765 2134 1885 2231; x_wconf 85' lang='lat' dir='ltr'><strong>poeni·</strong></span> 
     </span>
    </p>
   </div>
   <div class='ocr_carea' id='block_1_3' title="bbox 550 2245 1886 2372">
    <p class='ocr_par' dir='ltr' id='par_1_3' title="bbox 550 2245 1886 2372">
     <span class='ocr_line' id='line_1_12' title="bbox 550 2245 1886 2372; baseline -0.004 -38"><span class='ocrx_word' id='word_1_100' title='bbox 550 2356 558 2372; x_wconf 39' lang='lat'><strong>·</strong></span> <span class='ocrx_word' id='word_1_101' title='bbox 711 2258 824 2333; x_wconf 85' lang='lat' dir='ltr'><strong>tentia</strong></span> <span class='ocrx_word' id='word_1_102' title='bbox 849 2265 1068 2354; x_wconf 88' lang='lat' dir='ltr'><strong>potestesse</strong></span> <span class='ocrx_word' id='word_1_103' title='bbox 1093 2258 1209 2351; x_wconf 90' lang='lat' dir='ltr'><strong>tarda,</strong></span> <span class='ocrx_word' id='word_1_104' title='bbox 1235 2245 1339 2349; x_wconf 70' lang='lat' dir='ltr'><strong>opici</strong></span> <span class='ocrx_word' id='word_1_105' title='bbox 1354 2258 1469 2349; x_wconf 72' lang='lat' dir='ltr'><strong>spiriti</strong></span> <span class='ocrx_word' id='word_1_106' title='bbox 1492 2258 1592 2343; x_wconf 77' lang='lat' dir='ltr'><strong>electi,</strong></span> <span class='ocrx_word' id='word_1_107' title='bbox 1609 2254 1673 2349; x_wconf 89' lang='lat' dir='ltr'><strong>qui</strong></span> <span class='ocrx_word' id='word_1_108' title='bbox 1693 2256 1773 2351; x_wconf 89' lang='lat' dir='ltr'><strong>jam</strong></span> <span class='ocrx_word' id='word_1_109' title='bbox 1799 2255 1886 2333; x_wconf 84' lang='lat' dir='ltr'><strong>estis</strong></span> 
     </span>
    </p>
   </div>
   <div class='ocr_carea' id='block_1_4' title="bbox 711 2375 1891 4883">
    <p class='ocr_par' dir='ltr' id='par_1_4' title="bbox 711 2375 1891 4883">
     <span class='ocr_line' id='line_1_13' title="bbox 711 2375 1886 2473; baseline -0.001 -18"><span class='ocrx_word' id='word_1_110' title='bbox 711 2378 802 2455; x_wconf 82' lang='lat' dir='ltr'><strong>corti</strong></span> <span class='ocrx_word' id='word_1_111' title='bbox 827 2379 875 2455; x_wconf 88' lang='lat' dir='ltr'><strong>do</strong></span> <span class='ocrx_word' id='word_1_112' title='bbox 899 2378 1029 2473; x_wconf 87' lang='lat' dir='ltr'><strong>salute,</strong></span> <span class='ocrx_word' id='word_1_113' title='bbox 1046 2380 1158 2451; x_wconf 75' lang='lat' dir='ltr'><strong>ditem</strong></span> <span class='ocrx_word' id='word_1_114' title='bbox 1174 2380 1316 2451; x_wconf 81' lang='lat' dir='ltr'><strong>davala</strong></span> <span class='ocrx_word' id='word_1_115' title='bbox 1335 2383 1529 2467; x_wconf 76' lang='lat' dir='ltr'><strong>monrapna</strong></span> <span class='ocrx_word' id='word_1_116' title='bbox 1548 2379 1677 2468; x_wconf 64' lang='lat' dir='ltr'><strong>mure?</strong></span> <span class='ocrx_word' id='word_1_117' title='bbox 1697 2376 1800 2469; x_wconf 88' lang='lat' dir='ltr'><strong>idest,</strong></span> <span class='ocrx_word' id='word_1_118' title='bbox 1822 2375 1886 2453; x_wconf 92' lang='lat' dir='ltr'><strong>ubi</strong></span> 
     </span>
     <span class='ocr_line' id='line_1_14' title="bbox 712 2488 1887 2590; baseline 0.002 -19"><span class='ocrx_word' id='word_1_119' title='bbox 712 2498 771 2573; x_wconf 89' lang='lat' dir='ltr'><strong>via</strong></span> <span class='ocrx_word' id='word_1_120' title='bbox 796 2496 1013 2575; x_wconf 85' lang='lat' dir='ltr'><strong>ascendendi</strong></span> <span class='ocrx_word' id='word_1_121' title='bbox 1038 2497 1084 2573; x_wconf 91' lang='lat' dir='ltr'><strong>ad</strong></span> <span class='ocrx_word' id='word_1_122' title='bbox 1112 2506 1276 2575; x_wconf 88' lang='lat' dir='ltr'><strong>montem</strong></span> <span class='ocrx_word' id='word_1_123' title='bbox 1302 2502 1358 2573; x_wconf 86' lang='lat' dir='ltr'><strong>est</strong></span> <span class='ocrx_word' id='word_1_124' title='bbox 1382 2496 1573 2590; x_wconf 65' lang='lat' dir='ltr'><strong>declivium</strong></span> <span class='ocrx_word' id='word_1_125' title='bbox 1600 2495 1698 2571; x_wconf 92' lang='lat' dir='ltr'><strong>unde</strong></span> <span class='ocrx_word' id='word_1_126' title='bbox 1722 2495 1830 2571; x_wconf 87' lang='lat' dir='ltr'><strong>dicit:</strong></span> <span class='ocrx_word' id='word_1_127' title='bbox 1856 2488 1887 2573; x_wconf 82' lang='lat' dir='ltr'><strong>ri</strong></span> 
     </span>
     <span class='ocr_line' id='line_1_15' title="bbox 712 2616 1885 2712; baseline 0 -19"><span class='ocrx_word' id='word_1_128' title='bbox 712 2620 773 2693; x_wconf 81' lang='lat' dir='ltr'><strong>cte</strong></span> <span class='ocrx_word' id='word_1_129' title='bbox 791 2620 939 2712; x_wconf 79' lang='lat' dir='ltr'><strong>porribil</strong></span> <span class='ocrx_word' id='word_1_130' title='bbox 960 2623 1016 2695; x_wconf 81' lang='lat' dir='ltr'><strong>sia</strong></span> <span class='ocrx_word' id='word_1_131' title='bbox 1047 2622 1070 2692; x_wconf 78' lang='lat' dir='ltr'><strong>l</strong></span> <span class='ocrx_word' id='word_1_132' title='bbox 1082 2622 1202 2692; x_wconf 83' lang='lat' dir='ltr'><strong>undar</strong></span> <span class='ocrx_word' id='word_1_133' title='bbox 1225 2622 1263 2691; x_wconf 83' lang='lat' dir='ltr'><strong>tn</strong></span> <span class='ocrx_word' id='word_1_134' title='bbox 1287 2639 1382 2709; x_wconf 78' lang='lat' dir='ltr'><strong>nuo,</strong></span> <span class='ocrx_word' id='word_1_135' title='bbox 1408 2617 1544 2697; x_wconf 86' lang='lat' dir='ltr'><strong>scilicet</strong></span> <span class='ocrx_word' id='word_1_136' title='bbox 1569 2617 1706 2693; x_wconf 90' lang='lat' dir='ltr'><strong>bomini</strong></span> <span class='ocrx_word' id='word_1_137' title='bbox 1739 2616 1885 2695; x_wconf 80' lang='lat' dir='ltr'><strong>viventi.</strong></span> 
     </span>
     <span class='ocr_line' id='line_1_16' title="bbox 712 2736 1888 2833; baseline -0.003 -18"><span class='ocrx_word' id='word_1_138' title='bbox 712 2738 785 2815; x_wconf 85' lang='lat' dir='ltr'><strong>Sed</strong></span> <span class='ocrx_word' id='word_1_139' title='bbox 808 2738 930 2815; x_wconf 84' lang='lat' dir='ltr'><strong>adbuc</strong></span> <span class='ocrx_word' id='word_1_140' title='bbox 956 2759 1028 2812; x_wconf 91' lang='lat' dir='ltr'><strong>non</strong></span> <span class='ocrx_word' id='word_1_141' title='bbox 1054 2738 1261 2815; x_wconf 83' lang='lat' dir='ltr'><strong>manifestat</strong></span> <span class='ocrx_word' id='word_1_142' title='bbox 1286 2739 1356 2814; x_wconf 87' lang='lat' dir='ltr'><strong>boc</strong></span> <span class='ocrx_word' id='word_1_143' title='bbox 1381 2737 1445 2832; x_wconf 85' lang='lat' dir='ltr'><strong>eis,</strong></span> <span class='ocrx_word' id='word_1_144' title='bbox 1462 2738 1525 2815; x_wconf 87' lang='lat' dir='ltr'><strong>sed</strong></span> <span class='ocrx_word' id='word_1_145' title='bbox 1544 2744 1711 2833; x_wconf 82' lang='lat' dir='ltr'><strong>expectat</strong></span> <span class='ocrx_word' id='word_1_146' title='bbox 1732 2736 1888 2813; x_wconf 85' lang='lat' dir='ltr'><strong>reddere</strong></span> 
     </span>
     <span class='ocr_line' id='line_1_17' title="bbox 713 2848 1887 2955; baseline -0.002 -20"><span class='ocrx_word' id='word_1_147' title='bbox 713 2880 778 2935; x_wconf 89' lang='lat' dir='ltr'><strong>eos</strong></span> <span class='ocrx_word' id='word_1_148' title='bbox 803 2859 919 2955; x_wconf 86' lang='lat' dir='ltr'><strong>magis</strong></span> <span class='ocrx_word' id='word_1_149' title='bbox 945 2860 1154 2953; x_wconf 80' lang='lat' dir='ltr'><strong>benevolos,</strong></span> <span class='ocrx_word' id='word_1_150' title='bbox 1172 2858 1319 2953; x_wconf 88' lang='lat' dir='ltr'><strong>quando</strong></span> <span class='ocrx_word' id='word_1_151' title='bbox 1341 2858 1423 2953; x_wconf 89' lang='lat' dir='ltr'><strong>plus</strong></span> <span class='ocrx_word' id='word_1_152' title='bbox 1436 2848 1473 2951; x_wconf 84' lang='lat'><strong>(³)</strong></span> <span class='ocrx_word' id='word_1_153' title='bbox 1493 2856 1728 2934; x_wconf 89' lang='lat' dir='ltr'><strong>mirabuntur</strong></span> <span class='ocrx_word' id='word_1_154' title='bbox 1753 2857 1800 2935; x_wconf 93' lang='lat' dir='ltr'><strong>de</strong></span> <span class='ocrx_word' id='word_1_155' title='bbox 1819 2858 1887 2933; x_wconf 89' lang='lat' dir='ltr'><strong>bo-</strong></span> 
     </span>
     <span class='ocr_line' id='line_1_18' title="bbox 716 2976 1886 3074; baseline -0.002 -21"><span class='ocrx_word' id='word_1_156' title='bbox 716 2978 817 3054; x_wconf 89' lang='lat' dir='ltr'><strong>mine</strong></span> <span class='ocrx_word' id='word_1_157' title='bbox 851 2980 948 3072; x_wconf 77' lang='lat' dir='ltr'><strong>vino,</strong></span> <span class='ocrx_word' id='word_1_158' title='bbox 980 2987 1022 3053; x_wconf 90' lang='lat' dir='ltr'><strong>ut</strong></span> <span class='ocrx_word' id='word_1_159' title='bbox 1055 2977 1177 3053; x_wconf 87' lang='lat' dir='ltr'><strong>statim</strong></span> <span class='ocrx_word' id='word_1_160' title='bbox 1207 2978 1364 3074; x_wconf 72' lang='lat' dir='ltr'><strong>patebit,</strong></span> <span class='ocrx_word' id='word_1_161' title='bbox 1396 2983 1434 3053; x_wconf 90' lang='lat' dir='ltr'><strong>et</strong></span> <span class='ocrx_word' id='word_1_162' title='bbox 1462 2978 1607 3053; x_wconf 90' lang='lat' dir='ltr'><strong>adiurat</strong></span> <span class='ocrx_word' id='word_1_163' title='bbox 1631 2996 1695 3053; x_wconf 87' lang='lat' dir='ltr'><strong>eos</strong></span> <span class='ocrx_word' id='word_1_164' title='bbox 1718 2976 1886 3070; x_wconf 82' lang='lat' dir='ltr'><strong>dulciter,</strong></span> 
     </span>
     <span class='ocr_line' id='line_1_19' title="bbox 714 3098 1886 3194; baseline 0.001 -22"><span class='ocrx_word' id='word_1_165' title='bbox 714 3098 862 3175; x_wconf 88' lang='lat' dir='ltr'><strong>dioens:</strong></span> <span class='ocrx_word' id='word_1_166' title='bbox 886 3120 953 3192; x_wconf 85' lang='lat' dir='ltr'><strong>per</strong></span> <span class='ocrx_word' id='word_1_167' title='bbox 978 3102 1093 3190; x_wconf 67' lang='lat' dir='ltr'><strong>meaa</strong></span> <span class='ocrx_word' id='word_1_168' title='bbox 1120 3120 1223 3192; x_wconf 81' lang='lat' dir='ltr'><strong>pace,</strong></span> <span class='ocrx_word' id='word_1_169' title='bbox 1256 3098 1401 3194; x_wconf 74' lang='lat' dir='ltr'><strong>scilieet</strong></span> <span class='ocrx_word' id='word_1_170' title='bbox 1433 3106 1623 3193; x_wconf 80' lang='lat' dir='ltr'><strong>aeternam,</strong></span> <span class='ocrx_word' id='word_1_171' title='bbox 1658 3100 1756 3173; x_wconf 83' lang='lat' dir='ltr'><strong>clr&#39;io</strong></span> <span class='ocrx_word' id='word_1_172' title='bbox 1781 3101 1886 3175; x_wconf 82' lang='lat' dir='ltr'><strong>oredo</strong></span> 
     </span>
     <span class='ocr_line' id='line_1_20' title="bbox 715 3219 1888 3313; baseline 0.002 -18"><span class='ocrx_word' id='word_1_173' title='bbox 715 3222 776 3295; x_wconf 79' lang='lat' dir='ltr'><strong>altr</strong></span> <span class='ocrx_word' id='word_1_174' title='bbox 791 3242 858 3313; x_wconf 83' lang='lat' dir='ltr'><strong>per</strong></span> <span class='ocrx_word' id='word_1_175' title='bbox 883 3224 941 3295; x_wconf 86' lang='lat' dir='ltr'><strong>voi</strong></span> <span class='ocrx_word' id='word_1_176' title='bbox 965 3221 1039 3295; x_wconf 84' lang='lat' dir='ltr'><strong>tutti</strong></span> <span class='ocrx_word' id='word_1_177' title='bbox 1062 3222 1240 3313; x_wconf 58' lang='lat' dir='ltr'><strong>torpeti,</strong></span> <span class='ocrx_word' id='word_1_178' title='bbox 1267 3219 1353 3313; x_wconf 89' lang='lat' dir='ltr'><strong>quia</strong></span> <span class='ocrx_word' id='word_1_179' title='bbox 1377 3239 1507 3295; x_wconf 89' lang='lat' dir='ltr'><strong>omnes</strong></span> <span class='ocrx_word' id='word_1_180' title='bbox 1523 3219 1579 3295; x_wconf 91' lang='lat' dir='ltr'><strong>isti</strong></span> <span class='ocrx_word' id='word_1_181' title='bbox 1600 3220 1637 3295; x_wconf 94' lang='lat' dir='ltr'><strong>iu</strong></span> <span class='ocrx_word' id='word_1_182' title='bbox 1653 3219 1727 3295; x_wconf 89' lang='lat' dir='ltr'><strong>vita</strong></span> <span class='ocrx_word' id='word_1_183' title='bbox 1745 3222 1888 3297; x_wconf 84' lang='lat' dir='ltr'><strong>hahue-</strong></span> 
     </span>
     <span class='ocr_line' id='line_1_21' title="bbox 714 3340 1888 3437; baseline 0.005 -24"><span class='ocrx_word' id='word_1_184' title='bbox 714 3347 797 3417; x_wconf 91' lang='lat' dir='ltr'><strong>rant</strong></span> <span class='ocrx_word' id='word_1_185' title='bbox 821 3341 959 3417; x_wconf 84' lang='lat' dir='ltr'><strong>bellum</strong></span> <span class='ocrx_word' id='word_1_186' title='bbox 986 3362 1072 3416; x_wconf 85' lang='lat' dir='ltr'><strong>cum</strong></span> <span class='ocrx_word' id='word_1_187' title='bbox 1099 3341 1187 3433; x_wconf 88' lang='lat' dir='ltr'><strong>Deo,</strong></span> <span class='ocrx_word' id='word_1_188' title='bbox 1213 3346 1384 3437; x_wconf 81' lang='lat' dir='ltr'><strong>gerentes</strong></span> <span class='ocrx_word' id='word_1_189' title='bbox 1408 3341 1546 3415; x_wconf 90' lang='lat' dir='ltr'><strong>bellum</strong></span> <span class='ocrx_word' id='word_1_190' title='bbox 1565 3340 1801 3419; x_wconf 75' lang='lat' dir='ltr'><strong>iniustorum</strong></span> <span class='ocrx_word' id='word_1_191' title='bbox 1825 3361 1888 3419; x_wconf 83' lang='lat' dir='ltr'><strong>aa·</strong></span> 
     </span>
     <span class='ocr_line' id='line_1_22' title="bbox 715 3461 1888 3559; baseline 0 -22"><span class='ocrx_word' id='word_1_192' title='bbox 715 3462 826 3539; x_wconf 84' lang='lat' dir='ltr'><strong>alesia</strong></span> <span class='ocrx_word' id='word_1_193' title='bbox 851 3462 928 3557; x_wconf 85' lang='lat' dir='ltr'><strong>Dei,</strong></span> <span class='ocrx_word' id='word_1_194' title='bbox 954 3462 1082 3537; x_wconf 91' lang='lat' dir='ltr'><strong>sedin</strong></span> <span class='ocrx_word' id='word_1_195' title='bbox 1111 3461 1184 3536; x_wconf 87' lang='lat' dir='ltr'><strong>tine</strong></span> <span class='ocrx_word' id='word_1_196' title='bbox 1215 3461 1392 3557; x_wconf 85' lang='lat' dir='ltr'><strong>pacificati</strong></span> <span class='ocrx_word' id='word_1_197' title='bbox 1426 3466 1510 3536; x_wconf 92' lang='lat' dir='ltr'><strong>sunt</strong></span> <span class='ocrx_word' id='word_1_198' title='bbox 1540 3462 1635 3557; x_wconf 83' lang='lat' dir='ltr'><strong>Ileo3</strong></span> <span class='ocrx_word' id='word_1_199' title='bbox 1669 3462 1750 3539; x_wconf 89' lang='lat' dir='ltr'><strong>ideo</strong></span> <span class='ocrx_word' id='word_1_200' title='bbox 1775 3482 1888 3559; x_wconf 86' lang='lat' dir='ltr'><strong>erpe-</strong></span> 
     </span>
     <span class='ocr_line' id='line_1_23' title="bbox 716 3582 1888 3679; baseline 0.002 -20"><span class='ocrx_word' id='word_1_201' title='bbox 716 3588 817 3659; x_wconf 83' lang='lat' dir='ltr'><strong>ctant</strong></span> <span class='ocrx_word' id='word_1_202' title='bbox 854 3582 1056 3658; x_wconf 86' lang='lat' dir='ltr'><strong>certissime</strong></span> <span class='ocrx_word' id='word_1_203' title='bbox 1090 3602 1219 3677; x_wconf 83' lang='lat' dir='ltr'><strong>pacem</strong></span> <span class='ocrx_word' id='word_1_204' title='bbox 1258 3588 1339 3677; x_wconf 90' lang='lat' dir='ltr'><strong>post</strong></span> <span class='ocrx_word' id='word_1_205' title='bbox 1370 3582 1507 3677; x_wconf 87' lang='lat' dir='ltr'><strong>justam</strong></span> <span class='ocrx_word' id='word_1_206' title='bbox 1543 3583 1810 3679; x_wconf 81' lang='lat' dir='ltr'><strong>purgationem.</strong></span> <span class='ocrx_word' id='word_1_207' title='bbox 1843 3584 1888 3661; x_wconf 80' lang='lat' dir='ltr'><strong>ut</strong></span> 
     </span>
     <span class='ocr_line' id='line_1_24' title="bbox 714 3702 1888 3799; baseline 0.003 -20"><span class='ocrx_word' id='word_1_208' title='bbox 714 3703 908 3779; x_wconf 88' lang='lat' dir='ltr'><strong>ooniirmat</strong></span> <span class='ocrx_word' id='word_1_209' title='bbox 930 3702 1101 3799; x_wconf 83' lang='lat' dir='ltr'><strong>Virgilius</strong></span> <span class='ocrx_word' id='word_1_210' title='bbox 1117 3724 1223 3777; x_wconf 92' lang='lat' dir='ltr'><strong>suam</strong></span> <span class='ocrx_word' id='word_1_211' title='bbox 1242 3702 1452 3797; x_wconf 89' lang='lat' dir='ltr'><strong>petitionem</strong></span> <span class='ocrx_word' id='word_1_212' title='bbox 1470 3703 1550 3779; x_wconf 86' lang='lat' dir='ltr'><strong>iore</strong></span> <span class='ocrx_word' id='word_1_213' title='bbox 1562 3703 1802 3798; x_wconf 87' lang='lat' dir='ltr'><strong>justissimam</strong></span> <span class='ocrx_word' id='word_1_214' title='bbox 1821 3726 1888 3799; x_wconf 79' lang='lat' dir='ltr'><strong>per</strong></span> 
     </span>
     <span class='ocr_line' id='line_1_25' title="bbox 716 3822 1887 3917; baseline 0.004 -19"><span class='ocrx_word' id='word_1_215' title='bbox 716 3846 830 3898; x_wconf 90' lang='lat' dir='ltr'><strong>unam</strong></span> <span class='ocrx_word' id='word_1_216' title='bbox 860 3824 1077 3899; x_wconf 84' lang='lat' dir='ltr'><strong>seutentiam</strong></span> <span class='ocrx_word' id='word_1_217' title='bbox 1113 3823 1387 3917; x_wconf 86' lang='lat' dir='ltr'><strong>nobilissimam,</strong></span> <span class='ocrx_word' id='word_1_218' title='bbox 1420 3822 1566 3899; x_wconf 84' lang='lat' dir='ltr'><strong>dicens:</strong></span> <span class='ocrx_word' id='word_1_219' title='bbox 1605 3826 1665 3897; x_wconf 83' lang='lat' dir='ltr'><strong>cte</strong></span> <span class='ocrx_word' id='word_1_220' title='bbox 1700 3827 1887 3917; x_wconf 76' lang='lat' dir='ltr'><strong>uperder</strong></span> 
     </span>
     <span class='ocr_line' id='line_1_26' title="bbox 715 3938 1885 4037; baseline 0.004 -20"><span class='ocrx_word' id='word_1_221' title='bbox 715 3951 827 4037; x_wconf 79' lang='lat' dir='ltr'><strong>tempo</strong></span> <span class='ocrx_word' id='word_1_222' title='bbox 846 3965 871 4017; x_wconf 86' lang='lat' dir='ltr'><strong>a</strong></span> <span class='ocrx_word' id='word_1_223' title='bbox 886 3945 940 4017; x_wconf 84' lang='lat' dir='ltr'><strong>clrt</strong></span> <span class='ocrx_word' id='word_1_224' title='bbox 952 3938 1014 4035; x_wconf 83' lang='lat' dir='ltr'><strong>piri</strong></span> <span class='ocrx_word' id='word_1_225' title='bbox 1025 3965 1068 4017; x_wconf 81' lang='lat' dir='ltr'><strong>sa</strong></span> <span class='ocrx_word' id='word_1_226' title='bbox 1082 3939 1146 4037; x_wconf 77' lang='lat' dir='ltr'><strong>piri</strong></span> <span class='ocrx_word' id='word_1_227' title='bbox 1158 3946 1295 4036; x_wconf 77' lang='lat' dir='ltr'><strong>spinae:</strong></span> <span class='ocrx_word' id='word_1_228' title='bbox 1312 3942 1379 4018; x_wconf 89' lang='lat' dir='ltr'><strong>ista</strong></span> <span class='ocrx_word' id='word_1_229' title='bbox 1397 3949 1452 4019; x_wconf 82' lang='lat' dir='ltr'><strong>est</strong></span> <span class='ocrx_word' id='word_1_230' title='bbox 1464 3942 1689 4021; x_wconf 82' lang='lat' dir='ltr'><strong>sanctissima</strong></span> <span class='ocrx_word' id='word_1_231' title='bbox 1707 3945 1885 4023; x_wconf 85' lang='lat' dir='ltr'><strong>sententia</strong></span> 
     </span>
     <span class='ocr_line' id='line_1_27' title="bbox 714 4062 1886 4159; baseline 0.003 -22"><span class='ocrx_word' id='word_1_232' title='bbox 714 4062 880 4137; x_wconf 89' lang='lat' dir='ltr'><strong>omnium</strong></span> <span class='ocrx_word' id='word_1_233' title='bbox 907 4062 1123 4158; x_wconf 87' lang='lat' dir='ltr'><strong>sapientum.</strong></span> <span class='ocrx_word' id='word_1_234' title='bbox 1153 4063 1223 4139; x_wconf 89' lang='lat' dir='ltr'><strong>Sed</strong></span> <span class='ocrx_word' id='word_1_235' title='bbox 1253 4068 1295 4136; x_wconf 94' lang='lat' dir='ltr'><strong>ut</strong></span> <span class='ocrx_word' id='word_1_236' title='bbox 1325 4063 1493 4139; x_wconf 87' lang='lat' dir='ltr'><strong>omittam</strong></span> <span class='ocrx_word' id='word_1_237' title='bbox 1523 4063 1618 4143; x_wconf 84' lang='lat' dir='ltr'><strong>dicta</strong></span> <span class='ocrx_word' id='word_1_238' title='bbox 1649 4070 1886 4159; x_wconf 87' lang='lat' dir='ltr'><strong>eaeterorum,</strong></span> 
     </span>
     <span class='ocr_line' id='line_1_28' title="bbox 714 4182 1889 4280; baseline 0.006 -25"><span class='ocrx_word' id='word_1_239' title='bbox 714 4182 792 4277; x_wconf 87' lang='lat' dir='ltr'><strong>ipse</strong></span> <span class='ocrx_word' id='word_1_240' title='bbox 816 4182 987 4279; x_wconf 82' lang='lat' dir='ltr'><strong>Virgilius</strong></span> <span class='ocrx_word' id='word_1_241' title='bbox 1015 4182 1284 4280; x_wconf 85' lang='lat' dir='ltr'><strong>elegantissime</strong></span> <span class='ocrx_word' id='word_1_242' title='bbox 1314 4184 1384 4259; x_wconf 86' lang='lat' dir='ltr'><strong>boo</strong></span> <span class='ocrx_word' id='word_1_243' title='bbox 1408 4184 1553 4277; x_wconf 85' lang='lat' dir='ltr'><strong>clamat,</strong></span> <span class='ocrx_word' id='word_1_244' title='bbox 1580 4183 1644 4260; x_wconf 91' lang='lat' dir='ltr'><strong>ubi</strong></span> <span class='ocrx_word' id='word_1_245' title='bbox 1676 4183 1785 4259; x_wconf 85' lang='lat' dir='ltr'><strong>dicit:</strong></span> <span class='ocrx_word' id='word_1_246' title='bbox 1811 4190 1889 4261; x_wconf 85' lang='lat' dir='ltr'><strong>Stat</strong></span> 
     </span>
     <span class='ocr_line' id='line_1_29' title="bbox 714 4304 1890 4399; baseline 0.003 -21"><span class='ocrx_word' id='word_1_247' title='bbox 714 4324 781 4378; x_wconf 82' lang='lat' dir='ltr'><strong>rau</strong></span> <span class='ocrx_word' id='word_1_248' title='bbox 804 4306 924 4397; x_wconf 68' lang='lat' dir='ltr'><strong>carpas</strong></span> <span class='ocrx_word' id='word_1_249' title='bbox 947 4307 1041 4379; x_wconf 78' lang='lat' dir='ltr'><strong>dies:</strong></span> <span class='ocrx_word' id='word_1_250' title='bbox 1066 4306 1169 4378; x_wconf 81' lang='lat' dir='ltr'><strong>breve</strong></span> <span class='ocrx_word' id='word_1_251' title='bbox 1193 4311 1225 4377; x_wconf 85' lang='lat' dir='ltr'><strong>et</strong></span> <span class='ocrx_word' id='word_1_252' title='bbox 1239 4304 1472 4396; x_wconf 82' lang='lat' dir='ltr'><strong>irreparabile</strong></span> <span class='ocrx_word' id='word_1_253' title='bbox 1488 4311 1632 4399; x_wconf 70' lang='lat' dir='ltr'><strong>empus,</strong></span> <span class='ocrx_word' id='word_1_254' title='bbox 1653 4306 1820 4383; x_wconf 76' lang='lat' dir='ltr'><strong>omnum</strong></span> <span class='ocrx_word' id='word_1_255' title='bbox 1839 4314 1890 4383; x_wconf 80' lang='lat' dir='ltr'><strong>est</strong></span> 
     </span>
     <span class='ocr_line' id='line_1_30' title="bbox 715 4427 1888 4520; baseline 0.005 -19"><span class='ocrx_word' id='word_1_256' title='bbox 715 4428 814 4517; x_wconf 57' lang='lat' dir='ltr'><strong>vitm</strong></span> <span class='ocrx_word' id='word_1_257' title='bbox 839 4428 902 4499; x_wconf 77' lang='lat' dir='ltr'><strong>aad</strong></span> <span class='ocrx_word' id='word_1_258' title='bbox 914 4429 1051 4519; x_wconf 75' lang='lat' dir='ltr'><strong>[amam</strong></span> <span class='ocrx_word' id='word_1_259' title='bbox 1068 4428 1255 4499; x_wconf 68' lang='lat' dir='ltr'><strong>exardere</strong></span> <span class='ocrx_word' id='word_1_260' title='bbox 1276 4428 1392 4520; x_wconf 70' lang='lat' dir='ltr'><strong>sactu,</strong></span> <span class='ocrx_word' id='word_1_261' title='bbox 1418 4430 1495 4499; x_wconf 85' lang='lat' dir='ltr'><strong>Hoc</strong></span> <span class='ocrx_word' id='word_1_262' title='bbox 1520 4429 1654 4501; x_wconf 71' lang='lat' dir='ltr'><strong>virtutis</strong></span> <span class='ocrx_word' id='word_1_263' title='bbox 1679 4448 1776 4519; x_wconf 75' lang='lat' dir='ltr'><strong>opor.</strong></span> <span class='ocrx_word' id='word_1_264' title='bbox 1804 4427 1888 4507; x_wconf 84' lang='lat' dir='ltr'><strong>ldoo</strong></span> 
     </span>
     <span class='ocr_line' id='line_1_31' title="bbox 715 4545 1889 4643; baseline 0.003 -20"><span class='ocrx_word' id='word_1_265' title='bbox 715 4546 811 4623; x_wconf 81' lang='lat' dir='ltr'><strong>bene</strong></span> <span class='ocrx_word' id='word_1_266' title='bbox 836 4546 1140 4641; x_wconf 87' lang='lat' dir='ltr'><strong>prudentissimus</strong></span> <span class='ocrx_word' id='word_1_267' title='bbox 1171 4546 1306 4623; x_wconf 79' lang='lat' dir='ltr'><strong>Dentes</strong></span> <span class='ocrx_word' id='word_1_268' title='bbox 1339 4545 1402 4639; x_wconf 90' lang='lat' dir='ltr'><strong>qui</strong></span> <span class='ocrx_word' id='word_1_269' title='bbox 1428 4545 1514 4621; x_wconf 89' lang='lat' dir='ltr'><strong>satis</strong></span> <span class='ocrx_word' id='word_1_270' title='bbox 1541 4566 1635 4623; x_wconf 87' lang='lat' dir='ltr'><strong>vane</strong></span> <span class='ocrx_word' id='word_1_271' title='bbox 1664 4549 1889 4643; x_wconf 84' lang='lat' dir='ltr'><strong>expenderat</strong></span> 
     </span>
     <span class='ocr_line' id='line_1_32' title="bbox 717 4666 1890 4763; baseline 0.007 -24"><span class='ocrx_word' id='word_1_272' title='bbox 717 4686 892 4763; x_wconf 88' lang='lat' dir='ltr'><strong>magnam</strong></span> <span class='ocrx_word' id='word_1_273' title='bbox 918 4673 1060 4761; x_wconf 87' lang='lat' dir='ltr'><strong>partem</strong></span> <span class='ocrx_word' id='word_1_274' title='bbox 1082 4686 1161 4743; x_wconf 83' lang='lat' dir='ltr'><strong>suae</strong></span> <span class='ocrx_word' id='word_1_275' title='bbox 1177 4666 1273 4761; x_wconf 65' lang='lat' dir='ltr'><strong>vitra,</strong></span> <span class='ocrx_word' id='word_1_276' title='bbox 1292 4686 1390 4741; x_wconf 84' lang='lat' dir='ltr'><strong>nuno</strong></span> <span class='ocrx_word' id='word_1_277' title='bbox 1408 4666 1586 4760; x_wconf 88' lang='lat' dir='ltr'><strong>reliquam</strong></span> <span class='ocrx_word' id='word_1_278' title='bbox 1606 4673 1748 4761; x_wconf 80' lang='lat' dir='ltr'><strong>partam</strong></span> <span class='ocrx_word' id='word_1_279' title='bbox 1766 4668 1890 4747; x_wconf 81' lang='lat' dir='ltr'><strong>brevia</strong></span> 
     </span>
     <span class='ocr_line' id='line_1_33' title="bbox 716 4786 1891 4883; baseline 0.003 -21"><span class='ocrx_word' id='word_1_280' title='bbox 716 4787 902 4883; x_wconf 86' lang='lat' dir='ltr'><strong>temporis.</strong></span> <span class='ocrx_word' id='word_1_281' title='bbox 916 4788 1120 4863; x_wconf 86' lang='lat' dir='ltr'><strong>conabatur</strong></span> <span class='ocrx_word' id='word_1_282' title='bbox 1141 4786 1236 4864; x_wconf 89' lang='lat' dir='ltr'><strong>bene</strong></span> <span class='ocrx_word' id='word_1_283' title='bbox 1262 4787 1471 4882; x_wconf 83' lang='lat' dir='ltr'><strong>expendere</strong></span> <span class='ocrx_word' id='word_1_284' title='bbox 1495 4787 1659 4863; x_wconf 84' lang='lat' dir='ltr'><strong>iaciendo</strong></span> <span class='ocrx_word' id='word_1_285' title='bbox 1684 4788 1780 4865; x_wconf 88' lang='lat' dir='ltr'><strong>istud</strong></span> <span class='ocrx_word' id='word_1_286' title='bbox 1806 4810 1891 4865; x_wconf 81' lang='lat' dir='ltr'><strong>san·</strong></span> 
     </span>
    </p>
   </div>
   <div class='ocr_carea' id='block_1_5' title="bbox 780 5038 1855 5107">
    <p class='ocr_par' dir='ltr' id='par_1_5' title="bbox 780 5038 1855 5107">
     <span class='ocr_line' id='line_1_34' title="bbox 780 5038 1855 5107; baseline 0.001 -17"><span class='ocrx_word' id='word_1_287' title='bbox 780 5039 807 5102; x_wconf 82' lang='lat'><strong>(¹)</strong></span> <span class='ocrx_word' id='word_1_288' title='bbox 822 5038 849 5089; x_wconf 85' lang='lat' dir='ltr'><strong>S.</strong></span> <span class='ocrx_word' id='word_1_289' title='bbox 864 5038 1042 5090; x_wconf 80' lang='lat' dir='ltr'><strong>firmaverunt.</strong></span> <span class='ocrx_word' id='word_1_290' title='bbox 1133 5042 1161 5103; x_wconf 80' lang='lat'><strong>(¹)</strong></span> <span class='ocrx_word' id='word_1_291' title='bbox 1178 5041 1208 5092; x_wconf 86' lang='grc' dir='ltr'><strong>Ε.</strong></span> <span class='ocrx_word' id='word_1_292' title='bbox 1225 5040 1310 5091; x_wconf 79' lang='lat' dir='ltr'><strong>dicare</strong></span> <span class='ocrx_word' id='word_1_293' title='bbox 1326 5040 1378 5091; x_wconf 87' lang='lat' dir='ltr'><strong>illis</strong></span> <span class='ocrx_word' id='word_1_294' title='bbox 1393 5052 1434 5091; x_wconf 80' lang='lat' dir='ltr'><strong>ne.</strong></span> <span class='ocrx_word' id='word_1_295' title='bbox 1527 5040 1555 5103; x_wconf 83' lang='lat'><strong>(⁸)</strong></span> <span class='ocrx_word' id='word_1_296' title='bbox 1570 5040 1596 5091; x_wconf 87' lang='lat' dir='ltr'><strong>S.</strong></span> <span class='ocrx_word' id='word_1_297' title='bbox 1614 5040 1672 5107; x_wconf 84' lang='lat' dir='ltr'><strong>plus</strong></span> <span class='ocrx_word' id='word_1_298' title='bbox 1685 5040 1855 5093; x_wconf 73' lang='lat' dir='ltr'><strong>mirabantur.</strong></span> 
     </span>
    </p>
   </div>
   <div class='ocr_carea' id='block_1_6' title="bbox 0 0 2285 6836">
    <p class='ocr_par' dir='ltr' id='par_1_6' title="bbox 0 0 2285 6836">
     <span class='ocr_line' id='line_1_35' title="bbox 0 0 2285 6836; baseline 0 0"><span class='ocrx_word' id='word_1_299' title='bbox 0 0 2285 6836; x_wconf 95' lang='lat' dir='ltr'><strong> </strong></span> 
     </span>
    </p>
   </div>
  </div>
 </body>
</html>
