4542 6842
697 876 766 943 168
1052 885 1259 941 nonnarum
1284 884 1503 939 nunearonn

694 1054 714 1105 e
738 1036 849 1123 quello
873 1033 1030 1125 incudm
1056 1030 1144 1125 quia
1169 1050 1268 1105 nunc
1286 1030 1360 1124 uni,
1380 1049 1478 1103 nunc
1502 1027 1608 1103 alteri
1633 1029 1694 1103 dat
1710 1028 1866 1125 aliquid3

695 1159 733 1227 et
758 1153 827 1246 ille,
853 1173 878 1223 u
902 1156 959 1227 cui
978 1172 1093 1245 perpe
1116 1155 1155 1225 lu
1179 1172 1289 1242 1111111,Ι
1294 1144 1356 1243 piri
1382 1170 1453 1223 non
1476 1152 1519 1243 su
1539 1170 1679 1243 pressu,
1700 1150 1775 1225 imo
1805 1170 1866 1223 re·

694 1271 790 1346 cedit
814 1272 931 1367 letus,
956 1294 976 1345 e
1006 1267 1077 1346 cosi
1105 1274 1205 1346 dalla
1234 1273 1393 1345 calensi
1422 1272 1578 1365 defende,
1609 1290 1696 1344 cum
1729 1270 1864 1344 damno

693 1414 773 1488 suo,
788 1394 874 1487 quia
892 1392 1005 1467 miser
1021 1392 1216 1487 pecuniam
1235 1412 1348 1486 quam
1363 1392 1461 1466 male
1473 1390 1694 1486 quaesirerat
1710 1390 1814 1485 peius
1826 1382 1863 1480 (¹)

693 1514 877 1609 dispergit.
909 1514 954 1589 lit
983 1519 1091 1608 poeta
1121 1512 1276 1608 applicat
1307 1511 1441 1586 dictam
1473 1510 1784 1604 comparationem
1817 1509 1863 1583 ad

693 1634 932 1732 propositum,
962 1633 1109 1708 dicens:
1140 1636 1191 1707 tut
1222 1654 1288 1705 era
1315 1636 1365 1725 to,
1399 1631 1501 1726 idest,
1535 1630 1659 1704 similis
1692 1630 1861 1724 vincenti,

692 1759 730 1829 in
755 1758 868 1847 quello
893 1754 996 1828 barbo
1020 1775 1155 1847 messa,
1180 1774 1264 1847 quae
1289 1772 1386 1848 saepe
1415 1752 1572 1827 instabat
1600 1757 1638 1825 et
1663 1750 1821 1846 petebat,
1847 1771 1866 1823 e

511 1898 516 1910 ¹
581 1925 584 1931 -
688 1877 943 1968 promettendo
972 1873 1067 1948 bene
1099 1873 1195 1967 dicit,
1226 1873 1312 1967 quia
1342 1873 1445 1947 lusor
1478 1872 1540 1946 dat
1567 1871 1663 1946 dona
1693 1870 1739 1945 de
1769 1888 1865 1966 prae-

694 1995 810 2090 senti;
838 1994 913 2091 ipse
938 2015 1028 2069 vero
1054 2000 1198 2068 tantum
1224 1992 1335 2067 dabat
1352 1993 1465 2069 verba
1490 1992 1536 2067 de
1561 1992 1700 2085 lutuno,
1717 1997 1755 2065 et
1773 2011 1866 2086 pan-

694 2115 745 2190 cis
771 2105 979 2206 servarit(²)
1000 2114 1191 2208 promissa,
1210 2112 1295 2207 quia
1317 2112 1363 2188 de
1379 2111 1505 2206 paucis
1522 2111 1744 2187 mentionem
1767 2109 1862 2205 lacit,

693 2236 739 2311 de
755 2236 890 2330 quibus
906 2233 1028 2309 statim
1049 2234 1144 2308 dicit.
1159 2274 1209 2287 —
1225 2237 1335 2323 Quint.
1355 2234 1420 2308 llic
1436 2239 1545 2328 poeta
1565 2231 1736 2306 describit
1754 2251 1866 2327 quos-

692 2354 777 2429 dam
796 2355 943 2450 spiritus
960 2354 1157 2429 modernos
1170 2354 1366 2447 notabiles3
1385 2360 1422 2429 et
1434 2352 1554 2449 primo
1570 2352 1734 2427 nominat
1748 2372 1865 2425 unum

694 2498 872 2573 magnum
894 2476 1198 2571 jurisconsultum
1217 2476 1264 2549 de
1285 2475 1420 2568 aretio,
1440 2474 1502 2570 qui
1528 2474 1597 2550 luit
1623 2481 1788 2569 tempore
1805 2472 1866 2546 illo

695 2597 858 2673 famosus
883 2602 924 2670 et
945 2602 1077 2670 acutus
1101 2595 1139 2667 in
1160 2594 1258 2670 civili
1280 2594 1466 2689 sapientia,
1487 2594 1609 2667 audax
1627 2592 1745 2665 nimis.
1763 2591 1866 2665 Unde

695 2717 810 2792 semel
835 2716 1083 2811 interrogatus
1107 2735 1130 2789 a
1157 2714 1382 2789 scholaribus
1403 2714 1478 2787 suis
1503 2712 1675 2788 Bononiae
1700 2712 1746 2787 de
1771 2732 1866 2806 quo·

695 2836 780 2911 dam
806 2842 942 2931 puncto
963 2834 1068 2929 juris,
1095 2854 1169 2909 non
1199 2834 1347 2910 erubuit
1378 2833 1525 2909 dicere:
1555 2834 1618 2927 lte,
1650 2832 1699 2907 ite
1723 2831 1769 2905 ad
1796 2832 1866 2905 Ac·

696 2955 875 3048 cursium,
902 2954 963 3049 qui
981 2953 1213 3029 imbractavit
1230 2960 1347 3029 totum
1367 2975 1500 3049 corpus
1512 2953 1618 3049 juris.
1636 2954 1739 3027 Unde
1759 2952 1864 3027 dicit:

700 3077 888 3164 0111111111
913 3077 1081 3148 l'ilrets'n.
1108 3074 1172 3148 Hic
1198 3081 1350 3149 vocatus
1376 3082 1430 3149 est
1455 3074 1624 3149 dominus
1653 3072 1864 3166 Benincasa,

695 3197 780 3271 licet
805 3196 901 3270 male
926 3194 1076 3270 cesserit
1101 3195 1193 3288 sibi;
1219 3202 1257 3270 et
1281 3194 1349 3268 luit
1372 3194 1419 3271 de
1444 3194 1688 3269 unocastello
1713 3193 1866 3268 comita-

695 3323 755 3390 tus
779 3316 905 3410 dretii,
940 3315 1037 3411 quod
1068 3315 1200 3390 dicitur
1232 3316 1411 3390 Laterina.
1444 3316 1488 3389 Et
1518 3316 1633 3412 tangit
1665 3315 1866 3389 occisorem

695 3435 786 3530 eius,
812 3436 935 3510 virum
962 3436 1129 3510 omnium
1151 3436 1208 3509 sui
1226 3436 1401 3529 temporis
1421 3435 1735 3528 violentissimum,
1755 3454 1867 3528 quem

695 3562 864 3632 notanter
901 3555 1072 3631 describit
1105 3577 1128 3631 a
1164 3555 1353 3631 ferocitate
1387 3578 1466 3651 sna,
1498 3556 1645 3631 dicens:
1683 3558 1743 3629 cte
1776 3556 1869 3629 datie

695 3678 837 3751 bruccia
859 3680 947 3770 fiere
964 3679 1003 3749 di
1021 3679 1110 3749 tibin
1131 3678 1169 3749 di
1190 3682 1300 3750 Tucco
1317 3677 1398 3749 ebbe
1422 3678 1459 3749 la
1483 3682 1603 3749 morte.
1625 3674 1721 3769 ldeo,
1739 3675 1866 3766 lector,

696 3800 780 3875 rulo
806 3799 905 3893 quod
930 3798 1033 3891 scias,
1060 3798 1159 3892 quod
1183 3798 1251 3871 iste
1276 3797 1416 3871 (ibinus
1441 3818 1514 3871 non
1541 3796 1607 3870 luit
1637 3796 1687 3870 ita
1712 3794 1867 3886 infamia,

698 3930 740 3997 ut
763 3918 876 4013 aliqui
892 3917 1067 4011 scribunt,
1085 3917 1184 4013 quod
1201 3917 1313 3992 luerit
1326 3907 1362 4009 (³)
1384 3937 1540 4013 magnus
1558 3914 1710 3991 sicarius
1728 3921 1766 3989 et
1782 3935 1867 4009 spo·

697 4040 803 4113 liatur
838 4044 1049 4113 stratarum.
1083 4037 1156 4111 lste
1188 4056 1349 4131 namque
1379 4036 1518 4109 Gbinus
1550 4035 1682 4109 'iacchi
1711 4035 1779 4108 luit
1810 4034 1867 4109 vir

698 4159 883 4255 mirabilis,
910 4179 1079 4255 magnus,
1105 4157 1346 4252 membratus,
1370 4157 1472 4253 niger
1493 4155 1577 4251 pilo,
1598 4162 1636 4231 et
1660 4174 1772 4231 carne
1792 4154 1868 4231 lor·

697 4281 868 4375 tissimus,
895 4286 936 4353 ut
961 4279 1086 4358 Scaeva
1111 4278 1329 4369 levissimus
1356 4284 1397 4351 ut
1425 4277 1589 4373 Papirius
1614 4277 1751 4350 Cursor
1776 4296 1871 4370 pru-s

666 4418 670 4425 ·
697 4402 786 4476 dens
811 4407 849 4475 et
873 4400 1024 4496 largus3
1051 4399 1120 4473 luit
1144 4398 1190 4473 de
1215 4396 1396 4472 nobilibus
1421 4396 1467 4471 de
1492 4397 1527 4470 la
1552 4396 1688 4490 Fratta,
1713 4395 1868 4471 comita·
1950 4392 1954 4403 '

697 4530 757 4597 tus
781 4522 982 4614 Senarum3
1008 4520 1071 4614 qui
1097 4520 1273 4615 expulsus
1297 4518 1436 4593 viribus
1461 4518 1638 4593 comitum
1664 4516 1711 4593 de
1736 4516 1868 4592 Sancta

695 4642 804 4718 Flora
820 4641 1013 4736 occupavit
1031 4640 1296 4715 nobilissimum
1313 4628 1350 4732 (⁴)
1367 4646 1531 4713 castrum
1549 4638 1759 4713 Radicolani
1780 4657 1870 4712 con-

698 4773 755 4840 tra
781 4784 922 4859 papam.
949 4763 994 4836 Et
1026 4783 1113 4836 cum
1146 4760 1222 4835 suis
1254 4760 1399 4835 lamulis
1429 4758 1678 4854 manipulariis
1712 4758 1867 4833 iaciebat

761 4950 788 5010 l')
805 4948 835 4997 Ε·
851 4949 945 5011 mlius·
1245 4946 1274 5011 (¹)
1289 4950 1315 4998 S.
1331 4948 1450 4999 servabat
1465 4950 1598 5012 promissa.

761 5026 787 5088 (¹)
805 5030 859 5086 117,
874 5025 933 5075 lull.
1246 5026 1273 5088 (⁸)
1291 5030 1345 5085 117,
1361 5026 1447 5078 nobile
1464 5030 1586 5077 caslrum.
