4542 6842
767 981 906 1038 666666
930 979 1088 1036 oremus
1112 979 1281 1046 Qurnrus
1534 966 1608 1034 lot

431 1123 496 1200 sed
521 1124 615 1200 alius
639 1125 809 1221 splendor
834 1125 1108 1221 superveniens,
1130 1123 1267 1200 scilieet
1290 1123 1412 1220 angeli
1437 1123 1502 1218 qui
1527 1130 1608 1200 erat

432 1245 550 1318 multo
564 1244 781 1339 splendidior
795 1242 1606 1340 66166661161661166666661661616116661666.

432 1366 517 1442 ldeo
542 1365 645 1441 dicit:
672 1369 770 1440 66661
789 1362 1129 1459 61161661611666,
1147 1364 1250 1460 idest,
1269 1385 1381 1459 quarn
1401 1365 1503 1460 prius
1520 1387 1608 1462 gra·

433 1492 586 1562 6666166
610 1505 634 1560 6
658 1484 852 1582 splendore
876 1486 971 1560 solis.
998 1486 1042 1560 Et
1067 1486 1174 1562 dicit:
1208 1507 1227 1558 e
1256 1491 1379 1580 stupor
1403 1489 1553 1560 m’erun
1577 1489 1609 1560 16

434 1627 512 1682 tore
527 1613 727 1698 66666616,
745 1605 847 1700 idest,
866 1626 941 1683 non
956 1606 1124 1702 cognita,
1138 1605 1244 1701 quasi
1261 1602 1485 1701 dicat'quod
1502 1606 1608 1703 igno-

436 1726 530 1802 ratio
555 1747 676 1802 oausae
702 1733 784 1802 erat
807 1747 920 1802 66666
944 1725 1195 1802 admirationis
1220 1726 1441 1824 16666616
1466 1728 1608 1804 nescie-

435 1845 498 1922 bat
522 1847 622 1922 unde
647 1853 770 1922 tantus
796 1867 968 1922 excessus
998 1846 1200 1942 splendoris
1234 1847 1356 1922 subito
1386 1848 1607 1942 proveniret,

436 1967 500 2061 qui
525 1968 694 2043 vincebat
719 1967 950 2063 splendorem
968 1967 1063 2042 solis.
1084 1968 1129 2042 lit
1144 1967 1266 2041 subdit
1284 1967 1491 2044 remedium
1509 1967 1610 2062 quod

435 2087 599 2164 adhibuit
624 2087 722 2162 61666
747 2088 828 2182 boc,
854 2087 998 2164 dicens:
1019 2090 1146 2168 oud'io
1169 2091 1262 2162 16661
1284 2091 1316 2162 16
1339 2109 1425 2162 mun
1439 2092 1478 2162 16
1496 2084 1556 2162 616
1573 2092 1611 2162 16

435 2210 526 2282 61166
550 2210 638 2281 delle
663 2209 729 2280 mie
748 2210 864 2300 616116,
883 2207 986 2302 idest,
1003 2208 1178 2304 supposui
1195 2230 1348 2284 manum
1373 2209 1489 2285 oculis
1506 2210 1609 2304 meis,

435 2331 591 2422 61661661
615 2330 648 2400 61
669 2330 847 2402 6616661116.
874 2327 975 2404 Siout
1000 2330 1112 2404 bomo
1137 2329 1231 2405 solet
1255 2329 1378 2406 166666
1398 2337 1527 2406 oontra
1553 2329 1610 2405 ni-

435 2449 553 2524 mium
579 2448 811 2544 splendorem
828 2446 933 2542 solis;
954 2456 991 2524 61
1008 2449 1165 2525 ostendit
1181 2469 1300 2544 quare
1315 2450 1378 2526 liat
1394 2451 1608 2545 soleehium,

434 2569 582 2644 dicens:
609 2570 669 2641 6116
696 2569 795 2659 lima,
826 2566 930 2662 idest,
962 2568 1143 2664 diminuit,
1174 2573 1232 2644 del
1256 2573 1436 2644 soueroltio
1466 2571 1610 2661 6161116,

437 2688 540 2784 idest,
566 2688 613 2764 de
642 2688 895 2784 superfluitate
924 2688 1058 2766 obiecti
1089 2689 1190 2784 quod
1219 2690 1375 2766 videtur.
1400 2690 1611 2767 116116161-

437 2810 586 2886 stoteles
611 2809 705 2884 libro
731 2810 1003 2905 problematum
1021 2809 1118 2886 circa
1135 2809 1353 2906 principium
1374 2812 1612 2907 666611666-

437 2936 519 3028 pter
545 2929 634 3025 quid
659 2949 790 3004 versus
815 2932 931 3006 solem
956 2937 1182 3025 opponentes
1211 2949 1363 3005 manum
1381 2932 1612 3007 6616166666

442 3053 559 3151 magis
589 3051 768 3127 videmus.
798 3051 843 3125 Et
873 3051 969 3146 dicit,
1000 3051 1087 3146 quia
1119 3051 1455 3146 superabundantia
1487 3052 1612 3147 probi-

439 3173 514 3250 bita
540 3193 563 3248 a
589 3193 704 3248 manu
729 3171 850 3246 visum
871 3192 944 3247 non
964 3172 1071 3246 laedit.
1086 3213 1136 3226 -
1151 3176 1263 3247 06616.
1281 3171 1347 3246 1116
1364 3179 1472 3268 poeta
1488 3180 1613 3249 osten-

439 3294 491 3368 dit
516 3292 855 3370 reverberationem
881 3291 1031 3367 luminis
1055 3293 1211 3390 angelici
1230 3313 1296 3389 per
1309 3287 1347 3384 (¹)
1367 3294 1613 3389 comparatio-

440 3434 526 3490 nem
553 3413 711 3489 nobilem
730 3419 768 3487 et
784 3412 974 3507 subtilem3
992 3420 1029 3487 et
1047 3412 1192 3488 videtur
1211 3413 1346 3508 dicere,
1367 3413 1466 3508 quod
1491 3416 1615 3493 evenit

439 3533 506 3608 sibi
531 3532 748 3608 adveniente
773 3532 905 3629 angelo
931 3532 1025 3608 61661
1049 3533 1096 3608 de
1126 3532 1235 3607 radiis
1265 3533 1350 3608 solis
1381 3534 1527 3627 quando
1561 3535 1614 3611 le-

441 3651 541 3726 61661
558 3651 595 3725 16
612 3671 748 3746 aquam
760 3643 797 3746 (²)
817 3653 876 3728 vel
892 3653 1097 3748 speculum,
1116 3652 1179 3747 qui
1206 3651 1470 3750 reiranguntur
1486 3675 1615 3749 6666-

442 3771 525 3848 liter
549 3772 587 3845 in
612 3778 755 3867 partem
781 3773 995 3869 oppositam.
1014 3772 1110 3849 l'alis
1127 3793 1219 3869 ergo
1236 3772 1406 3848 retractio
1425 3774 1614 3851 radiorum

441 3892 537 3969 lacta
562 3899 618 3968 est
641 3893 689 3967 ab
714 3894 847 3990 angelo
873 3894 910 3968 in
934 3893 1028 3970 laoie
1052 3915 1131 3968 sua.
1157 3894 1264 3970 Nune
1292 3893 1421 3970 ordina
1451 3895 1503 3970 616
1533 3897 1615 3974 1116-

443 4034 543 4088 ram:
569 4005 641 4086 6661
664 4015 713 4088 mi
731 4034 848 4106 parve
871 4035 965 4088 esser
986 4035 1153 4108 percusso
1181 4017 1231 4087 ioi
1258 4017 1407 4088 11166661
1434 4037 1460 4089 6
1488 4037 1541 4090 me
1566 4021 1616 4093 116

441 4136 516 4208 1666
539 4137 698 4230 61166116,
724 4134 872 4229 scilicet,
897 4135 944 4211 ab
968 4136 1101 4232 angelo
1130 4135 1168 4208 in
1200 4134 1293 4210 16616
1325 4157 1410 4229 666;
1437 4138 1616 4214 66116616

444 4253 530 4349 quia
556 4254 620 4328 lux
645 4253 766 4351 angeli
791 4254 935 4330 rellexit
960 4254 996 4328 in
1022 4256 1106 4330 1666
1131 4254 1217 4329 solis
1248 4255 1343 4330 siout
1375 4255 1413 4330 in
1445 4259 1594 4353 speculo
1601 4283 1615 4359 3

444 4393 540 4448 66666
564 4377 706 4465 6666116
731 4376 767 4446 16
791 4377 920 4466 666616
944 4377 1038 4448 satta
1057 4376 1142 4449 doll’
1154 4394 1270 4467 66666
1294 4396 1317 4447 6
1340 4377 1437 4450 dallo
1460 4381 1616 4471 sperchio

444 4497 504 4568 611
516 4497 676 4588 oppositu
688 4501 794 4588 purte
812 4497 959 4568 66166116
974 4515 1016 4566 su
1027 4514 1096 4587 per
1115 4497 1152 4568 16
1171 4497 1275 4570 modo
1290 4499 1493 4590 porrectio,
1511 4499 1613 4594 idest,

443 4635 571 4710 parem
598 4614 657 4690 661
682 4615 851 4707 similem,
877 4635 901 4687 6
933 4619 1023 4707 quet,
1050 4615 1196 4711 scilicet,
1224 4635 1314 4691 vero
1346 4618 1449 4694 radio
1483 4620 1615 4717 primo,

443 4737 503 4810 616
525 4738 662 4828 scendo,
692 4735 827 4812 scilicet
856 4735 903 4812 ad
932 4755 1070 4830 aquam
1103 4738 1163 4812 vel
1194 4738 1397 4833 speculum.
1424 4741 1469 4814 lit
1495 4741 1615 4818 addit:

439 4875 461 4928 6
484 4861 580 4930 16616
604 4859 637 4947 61
659 4857 809 4948 dipurtr,
835 4855 982 4951 scilicet,
1000 4855 1061 4932 ille
1078 4856 1215 4951 radius,
1230 4859 1295 4932 dul
1316 4861 1425 4952 661166
1444 4863 1537 4935 dello
1547 4884 1615 4954 pe-

507 5110 535 5174 (¹)
552 5115 605 5172 117,
622 5123 670 5174 per
684 5125 772 5162 unam.
1024 5107 1053 5174 (Ἰ
1071 5115 1124 5174 tlt,
1140 5112 1169 5163 ln
1184 5113 1438 5178 66666616666616.
