4542 6842
853 961 991 1017 caurus
1017 962 1160 1016 annuus.
1544 951 1591 1018 39

420 1129 466 1183 ex
492 1105 712 1182 conscientia
737 1107 865 1201 culpae,
892 1107 955 1181 sed
987 1107 1151 1182 carentia
1177 1106 1259 1182 fidei
1285 1127 1398 1202 quam
1425 1109 1592 1205 ignoravi

420 1249 504 1302 sum
530 1229 735 1302 damnatus.
762 1225 881 1319 Aliqui
907 1233 1031 1302 tamen
1049 1226 1154 1302 aliter
1173 1234 1361 1322 exponunt
1382 1227 1489 1302 istam
1513 1229 1595 1304 lite-

421 1369 515 1443 ram,
533 1355 571 1422 et
587 1347 713 1422 dicunt
730 1347 828 1441 quod
856 1345 1024 1442 Virgilius
1050 1348 1129 1421 vult
1154 1346 1301 1422 dicere:
1328 1349 1497 1442 quamvis
1522 1371 1594 1448 ego

421 1469 490 1543 sim
514 1470 562 1544 de
586 1467 782 1578 percuratis
807 1467 944 1562 Minois,
964 1475 1088 1542 tamen
1108 1489 1191 1541 sum
1214 1469 1401 1543 relaxatus
1424 1472 1472 1545 ad
1500 1479 1595 1546 tem-

421 1609 490 1683 pus
516 1594 556 1661 ut
581 1588 650 1662 sim
675 1588 806 1662 ductor
832 1587 945 1661 istius.
971 1587 1041 1661 Sed
1067 1588 1133 1662 ista
1161 1587 1337 1682 expositio
1362 1597 1418 1663 est
1443 1592 1593 1665 omnino

420 1711 530 1804 laba,
557 1709 643 1803 quia
669 1709 698 1782 si
724 1707 779 1782 uis
804 1707 899 1782 bene
924 1705 1114 1803 inspicere,
1142 1706 1312 1804 Virgilius
1344 1731 1417 1783 non
1442 1717 1498 1786 est
1523 1712 1592 1785 sub

420 1837 599 1926 potestate
624 1829 761 1922 Minois,
782 1828 857 1902 imo
874 1835 979 1903 extra
1006 1829 1042 1901 in
1067 1849 1199 1923 campo
1224 1829 1355 1904 virenti
1381 1829 1459 1905 sino
1483 1852 1592 1926 poena
1702 1824 1705 1829 ⁴

420 1971 507 2026 cum
531 1951 610 2026 aliis
635 1951 723 2024 viris
748 1949 966 2022 illustribus:
993 1956 1031 2024 et
1055 1969 1143 2024 ecce
1167 1951 1289 2025 statim
1314 1951 1486 2046 glossam,
1504 1953 1591 2046 quia

419 2071 525 2147 dicit:
553 2091 612 2142 mu
636 2091 702 2142 son
726 2072 783 2142 del
806 2072 954 2159 perolio,
979 2068 1114 2144 seilicet
1140 2071 1270 2164 primo,
1291 2092 1356 2144 oue
1378 2093 1444 2144 son
1462 2075 1514 2163 pli
1533 2094 1592 2145 oo-

419 2194 474 2265 obi
497 2193 584 2264 casu
608 2192 646 2262 di
670 2191 815 2262 Murrio
840 2195 913 2279 bru,
930 2188 1066 2263 seilicet
1091 2210 1224 2284 uxore,
1253 2190 1350 2265 unde
1373 2192 1512 2265 dietum
1538 2199 1593 2267 est

419 2311 491 2385 ibi:
520 2313 700 2398 Luorezia,
726 2311 834 2400 Juliu,
852 2313 1010 2400 Murum,
1031 2331 1050 2382 e
1078 2314 1277 2401 Ournepliu,
1295 2317 1333 2384 et
1349 2310 1451 2385 dicit:
1471 2315 1531 2385 elie
1554 2316 1592 2386 in

419 2432 508 2504 virtu
533 2451 645 2502 nacor
670 2431 695 2502 n·
720 2449 848 2522 propa,
881 2429 983 2520 idest,
1016 2436 1052 2503 te
1081 2451 1216 2526 rogare
1248 2431 1404 2525 videtur,
1436 2453 1458 2504 ο
1489 2439 1593 2506 sunto

416 2558 509 2644 petto
524 2543 575 2644 (¹),
600 2571 624 2624 o
649 2557 774 2624 sancte
794 2549 895 2643 Cato,
913 2531 949 2622 iu
968 2549 1073 2623 cuius
1097 2557 1246 2645 pectore
1263 2551 1379 2646 viguit
1400 2559 1498 2626 tanta
1516 2554 1593 2627 vir-

421 2679 491 2765 tus,
517 2674 577 2744 clu
604 2692 674 2763 per
705 2678 765 2744 luu
794 2673 830 2743 lu
859 2672 964 2761 muni,
990 2671 1077 2763 quia
1109 2678 1210 2745 amat
1245 2679 1281 2746 te
1310 2683 1389 2767 post
1419 2681 1590 2768 mortem,

420 2792 512 2866 sieut
539 2799 575 2866 te
599 2790 737 2865 amavit
763 2790 799 2862 in
825 2789 919 2884 vita3
946 2793 1107 2883 adunque
1138 2812 1163 2862 u
1192 2795 1253 2864 noi
1280 2794 1306 2866 ti
1334 2796 1452 2885 popa,
1487 2794 1591 2888 idest,

418 2931 542 2987 annue
566 2911 727 3006 petitioni
754 2916 898 3003 nostrae,
922 2931 988 3002 per
1013 2914 1048 2983 lo
1071 2932 1135 2984 suo
1161 2933 1295 3004 umore,
1322 2913 1409 3006 quia
1438 2913 1589 2988 ioemina

418 3039 543 3107 saneta
576 3031 654 3125 tuit,
696 3037 736 3103 ut
779 3029 864 3104 dicit
893 3030 1074 3104 Lucanus.
1109 3032 1154 3104 Et
1186 3031 1245 3105 bic
1276 3041 1363 3106 nota
1394 3033 1492 3126 quod
1522 3054 1589 3128 per

417 3151 595 3245 Martiam,
610 3171 694 3245 quae
713 3150 781 3224 tuit
800 3149 932 3224 mulier
945 3150 1147 3225 castissima
1160 3158 1197 3226 et
1214 3151 1478 3246 honestissime,
1492 3151 1588 3248 bgu-

418 3279 522 3346 ratur
539 3273 720 3363 honestas
739 3290 823 3364 quae
841 3276 1030 3364 tamquam
1053 3292 1148 3345 uxor
1164 3291 1311 3365 semper
1328 3271 1492 3348 adhaeret
1508 3273 1589 3348 viro

417 3392 593 3484 virtuoso,
618 3391 737 3484 qualis
763 3396 844 3464 erat
859 3389 967 3483 Cat03
987 3397 1023 3465 et
1048 3390 1132 3465 iacit
1153 3412 1258 3465 suam
1277 3392 1488 3487 petitionem
1506 3413 1590 3487 spe-

416 3512 546 3587 cialem
572 3510 742 3607 Virgilius
767 3509 912 3584 dicens:
939 3513 1092 3584 laeuone
1123 3515 1243 3585 under
1263 3533 1331 3604 per
1362 3514 1387 3584 li
1410 3515 1482 3586 tnui
1508 3520 1591 3586 sette

415 3636 530 3724 repni,
549 3631 650 3724 idest,
669 3651 734 3725 per
752 3634 890 3724 septem
908 3629 1046 3725 gradus
1066 3630 1269 3726 purgatorii
1290 3631 1327 3704 iu
1349 3633 1483 3725 quibus
1498 3652 1590 3726 pur·

415 3758 551 3848 gantur
576 3749 763 3824 ascensuri
790 3750 826 3822 in
852 3750 1009 3842 coelum3
1043 3756 1080 3824 et
1109 3750 1286 3845 promittit
1313 3752 1506 3846 praemium
1533 3751 1588 3824 di-

416 3891 525 3946 cens:
550 3873 675 3962 pruzia
699 3863 877 3962 upon-uro
901 3873 939 3942 di
962 3876 993 3941 te
1013 3891 1037 3940 u
1057 3871 1112 3960 lei,
1138 3870 1167 3942 si
1195 3870 1282 3944 lacis
1302 3871 1404 3944 nobis
1429 3871 1585 3967 gratiam

416 3991 640 4082 transeundi,
672 3997 708 4065 et
740 3989 847 4064 dicit:
873 4009 911 4061 se
935 3993 969 4062 d’
983 4010 1077 4062 esser
1103 3997 1298 4062 montovalo
1325 3986 1444 4080 lappil
1469 3994 1586 4082 dauni,

416 4102 551 4186 scilicet
576 4111 613 4184 iu
639 4111 791 4203 interno,
813 4109 917 4204 quasi
941 4109 1056 4184 dicat:
1083 4109 1113 4183 si
1139 4110 1267 4184 salvati
1293 4121 1425 4187 curant
1449 4113 1515 4186 sibi
1541 4113 1588 4188 de

418 4231 584 4305 laudibus
609 4231 893 4324 damnatorum,
925 4231 983 4304 vel
1016 4231 1086 4304 boe
1119 4231 1214 4305 torte
1244 4230 1341 4323 dicit,
1374 4231 1461 4326 quia
1495 4238 1587 4309 teste

417 4349 585 4443 Salustio,
605 4349 695 4424 Cato
721 4369 867 4443 semper
893 4350 1090 4443 spernebat
1107 4351 1262 4445 gloriam
1285 4351 1505 4446 bumanam3
1523 4353 1587 4428 sod

416 4477 554 4564 quanto
580 4471 697 4565 magis
723 4471 820 4544 illam
847 4471 1053 4564 spernebat,
1080 4477 1180 4543 tanto
1206 4472 1287 4565 plus
1312 4471 1428 4566 gloria
1453 4494 1588 4566 seque·

416 4591 525 4665 batur
550 4611 649 4666 eum.

487 4713 632 4784 Murrio
652 4713 810 4802 maeque.
837 4711 906 4783 ista
939 4715 994 4784 est
1027 4716 1160 4803 quartu
1185 4717 1224 4784 et
1250 4710 1379 4785 ultima
1412 4733 1496 4806 pars
1521 4734 1587 4808 ge·

416 4831 549 4905 ueralis
576 4831 610 4904 in
641 4853 713 4925 qua
744 4837 851 4926 poeta
865 4823 902 4922 (²)
935 4830 1090 4905 ostendit
1122 4831 1280 4924 qualiter
1309 4833 1398 4906 Cato
1432 4833 1478 4907 ad
1504 4856 1589 4929 per-

480 5093 507 5157 (¹)
523 5094 553 5144 E.
566 5101 642 5158 petto,
660 5095 758 5146 scilicet
774 5091 883 5153 Catonis,
900 5093 925 5144 in
942 5093 1024 5144 euius.
1179 5095 1207 5156 (²)
1223 5094 1249 5144 s.
1266 5099 1341 5158 poet·
1357 5102 1453 5145 nomer.
