4542 6842
698 920 769 987 ul
1058 930 1262 1013 coumuruu
1287 931 1508 985 runulronu

696 1076 871 1171 temporis
897 1075 1127 1168 transiverat,
1150 1074 1249 1169 quod
1265 1075 1341 1170 ipse
1367 1095 1439 1149 non
1461 1075 1714 1170 perpenderat.
1736 1058 1870 1150 Volens

695 1203 821 1270 numm
849 1196 918 1271 huc
943 1195 1138 1271 ostendere
1164 1195 1349 1290 praemittit
1374 1195 1657 1271 abstractionem
1688 1216 1773 1289 quae
1802 1197 1895 1270 ali--

696 1315 844 1410 wando
868 1316 999 1391 accidit
1012 1316 1148 1391 animm
1167 1322 1311 1409 nostre,
1329 1315 1466 1391 scilicet
1482 1316 1581 1410 qnod
1608 1316 1656 1390 ita
1683 1305 1870 1391 interdum

696 1442 900 1530 occupatur
925 1441 1001 1510 tota
1021 1435 1120 1511 circa
1139 1456 1251 1510 unam
1270 1434 1488 1531 passionem,
1506 1436 1605 1529 quud
1624 1456 1696 1509 nou
1715 1428 1867 1529 vacat(⁴)

696 1554 806 1629 alicui
823 1555 929 1630 alteri
955 1556 1008 1631 rei
1034 1557 1081 1631 de
1105 1556 1265 1651 mundo;
1283 1556 1378 1630 sicut
1394 1555 1571 1653 contingit
1587 1557 1625 1629 in
1642 1556 1725 1631 lorti
1747 1556 1871 1631 laetitia

697 1674 757 1751 vel
782 1676 944 1771 tristitia3
970 1670 1116 1771 sicut(²)
1148 1678 1198 1754 ita
1228 1678 1452 1753 abstrahitur
1485 1678 1583 1753 circa
1617 1685 1780 1773 cantum,
1810 1680 1870 1754 vel

698 1795 898 1891 planctum,
925 1798 1023 1891 qnod
1049 1798 1136 1872 nibil
1161 1798 1261 1874 aliud
1287 1798 1422 1873 sentire
1445 1797 1601 1872 videtur.
1620 1798 1725 1872 Nune
1741 1798 1870 1873 ordina

697 1913 854 2011 literam,
885 1937 970 2011 quae
1002 1925 1160 1993 nonest
1194 1918 1315 1992 minus
1350 1918 1515 1993 intricata
1545 1940 1658 2013 quam
1691 1920 1869 1995 sententia

697 2033 918 2131 abscondita,
945 2043 982 2113 et
1006 2044 1179 2113 construe
1213 2040 1287 2113 sic:
1318 2041 1484 2130 tommo,
1518 2038 1653 2113 scilicet
1684 2038 1870 2113 rationalis

697 2153 928 2251 intellectiva,
951 2179 1028 2251 por
1059 2160 1148 2231 ct'u
1174 2162 1271 2232 nullo
1294 2160 1461 2251 poteuzio
1486 2152 1548 2250 pil
1581 2160 1736 2249 utendo,
1766 2157 1871 2253 idest,

684 2274 843 2349 'videtur
867 2297 1002 2352 vacare
1027 2277 1116 2351 nulli
1131 2268 1168 2371 (³)
1197 2278 1367 2374 potentiae
1392 2278 1616 2373 particulari,
1641 2280 1704 2355 sed
1728 2287 1870 2357 tantum

698 2393 765 2467 soli
778 2396 949 2489 potentiae
968 2396 1217 2473 intellectivae:
1236 2402 1378 2491 uuordo
1391 2400 1455 2471 ben
1471 2402 1502 2473 si
1517 2403 1693 2491 ruccoptic
1709 2404 1760 2474 od
1776 2422 1870 2493 csso,
1966 2408 1969 2413 ’

698 2512 802 2608 idest,
828 2516 975 2609 quando
1001 2517 1077 2613 ipsa
1094 2518 1218 2593 anima
1236 2519 1378 2593 tortiter
1403 2538 1443 2593 se
1464 2519 1649 2616 restringit
1670 2520 1717 2595 ad
1738 2540 1789 2613 se,
1806 2542 1873 2615 per

697 2636 883 2709 ddettuoze
907 2657 1015 2711 ouoer
1037 2659 1104 2731 per
1129 2642 1256 2731 duplic,
1282 2640 1375 2713 idest
1396 2645 1545 2735 propter
1564 2639 1698 2736 gaudia
1724 2663 1870 2739 magua,

699 2755 759 2829 vel
790 2755 946 2852 dolores,
980 2760 1040 2831 cte
1073 2762 1207 2832 ulmum
1228 2754 1325 2833 oertd
1359 2767 1483 2833 bosea
1512 2764 1741 2852 comprenda,
1769 2762 1872 2857 idest,

701 2896 793 2968 quas
819 2875 1076 2955 delectationes
1101 2888 1139 2955 et
1154 2868 1191 2971 (⁴)
1217 2879 1373 2975 dolores,
1397 2880 1520 2974 aliqua
1547 2888 1672 2957 nostra
1697 2882 1873 2977 putentia,

700 2994 795 3069 sicut
819 2998 979 3074 auditiva
1006 3001 1063 3075 vel
1091 3000 1216 3096 visiva,
1235 3001 1285 3075 ita
1311 3001 1429 3095 capiat
1455 3006 1493 3075 et
1518 3000 1667 3095 recipiat
1694 3002 1786 3077 lixa:
1805 3002 1874 3077 ali-
1936 3044 1939 3051 ·

594 3106 637 3193 J
701 3118 765 3211 qui
782 3125 905 3195 tamen
924 3127 1046 3195 textus
1066 3122 1202 3196 babent
1227 3126 1377 3196 tunimo
1394 3123 1523 3213 buono,
1545 3123 1608 3197 sed
1633 3123 1749 3217 prima
1766 3123 1873 3199 litera

700 3246 756 3314 est
781 3241 922 3315 melior.
941 3243 984 3316 Et
999 3242 1174 3317 continuo
1200 3243 1393 3317 confirmat
1411 3253 1448 3320 et
1464 3244 1583 3339 glosat
1602 3244 1740 3319 dictum
1761 3266 1872 3318 suurn

698 3379 765 3455 per
790 3360 975 3455 ellectum,
1002 3362 1148 3438 dicens:
1175 3386 1194 3437 e
1216 3356 1317 3457 perd,
1336 3366 1478 3455 quando
1494 3367 1602 3439 s'ode
1622 3386 1707 3439 cosa
1728 3387 1750 3437 o
1775 3366 1876 3455 cede,

698 3480 845 3575 scilicet,
870 3483 1007 3577 aliquid
1039 3483 1252 3559 delectabile
1282 3485 1339 3559 vel
1375 3484 1550 3589 tristabile
1579 3505 1645 3580 per
1675 3485 1874 3581 potentiam

699 3602 923 3697 sensitivam,
948 3606 1009 3678 cte
1032 3611 1137 3695 deno
1159 3608 1253 3699 sorte
1277 3626 1303 3677 o
1322 3599 1362 3679 sd
1385 3608 1407 3678 t’
1421 3608 1542 3681 ummo
1564 3609 1670 3696 volta,
1690 3607 1792 3699 idest,
1809 3626 1877 3701 po-

699 3721 851 3795 tentiam
886 3722 1144 3798 intellectivam
1180 3725 1356 3800 intentam
1392 3733 1429 3801 et
1465 3726 1614 3821 ligatam
1649 3726 1748 3801 circa
1786 3726 1874 3802 illutl

703 3862 832 3935 nauum,
859 3863 1002 3917 cessem
1018 3846 1044 3917 't
1067 3852 1179 3937 tempo
1204 3868 1222 3917 c
1246 3848 1364 3919 tuom
1389 3867 1459 3919 non
1485 3868 1523 3919 se
1552 3850 1587 3919 η’
1601 3850 1744 3939 accede,
1770 3846 1874 3941 idest,

702 3978 775 4035 uon
791 3962 1008 4057 ‚perpendit3
1026 3970 1065 4037 et
1085 3962 1248 4039 declarat
1271 3966 1341 4041 hoc
1363 3966 1510 4041 dicens:
1536 3970 1588 4041 ct'
1601 3970 1696 4041 oltra
1710 3970 1876 4060 potcnztc

700 4076 857 4173 dquam
880 4084 941 4155 cte
965 4082 1140 4174 t’uscotto,
1167 4084 1268 4179 idest,
1287 4086 1457 4161 sensitiva
1479 4107 1545 4183 per
1568 4086 1749 4180 auditum,
1765 4095 1800 4161 et
1820 4090 1877 4161 ut-

700 4207 761 4275 tro
787 4205 902 4293 puella
926 4204 987 4276 cte
1009 4206 1058 4277 bu
1086 4207 1235 4280 tunimo
1260 4209 1434 4319 cetero,
1460 4208 1608 4301 scilicet,
1633 4207 1875 4300 intellectiva3

591 4311 603 4323 “
701 4330 822 4416 questa
846 4320 868 4397 e*
890 4327 992 4417 quad
1023 4328 1148 4417 upon,
1172 4326 1309 4404 seilicet
1326 4307 1577 4423 intellectiva,
1604 4350 1688 4423 quae
1720 4336 1777 4403 est
1802 4335 1878 4403 tota

700 4442 819 4519 dedita
839 4444 903 4518 nni
921 4466 968 4520 cx
983 4446 1210 4541 passionibus
1223 4447 1311 4542 suis,
1327 4470 1347 4521 c
1363 4452 1477 4545 quello
1492 4452 1628 4539 sdoltu,
1646 4448 1737 4525 idest
1754 4455 1792 4525 et
1810 4468 1876 4544 po-

701 4563 814 4640 tentia
839 4566 1011 4641 sensitiva
1036 4574 1092 4641 est
1117 4568 1233 4641 libera
1258 4568 1305 4641 ab
1332 4568 1527 4646 intellectu.
1542 4574 1637 4643 -E
1656 4576 1783 4660 quere.
1810 4568 1877 4643 llic

702 4692 810 4779 poeta
837 4684 1215 4763 incidenter-damnat
1243 4709 1358 4763 unum
1385 4684 1565 4765 errorem.
1591 4689 1645 4763 Ad
1680 4689 1786 4763 cuius
1809 4708 1876 4765 cu·

703 4804 904 4901 gnitiouem
931 4811 987 4879 est
1011 4807 1227 4902 notandum,
1252 4808 1350 4901 quod
1379 4808 1448 4883 luit
1472 4808 1594 4904 opinio
1626 4808 1876 4903 qrrorumdam
1975 4838 1978 4843 Δ

768 4990 797 5052 (⁴)
813 4990 843 5040 E.
861 4998 934 5041 vacat
949 4993 1034 5043 alwri.
1440 4996 1467 5056 (¹)
1484 4996 1515 5047 E.
1531 5002 1562 5047 ut
1577 4998 1621 5049 tu,

769 5065 843 5129 (¹)lt.
860 5068 926 5117 nulli
942 5070 1064 5133 potentie
1080 5071 1253 5133 intellectiva,
1270 5072 1380 5137 pudendm
1442 5073 1469 5136 (¹)
1483 5074 1516 5125 lt
1531 5079 1560 5124 et
1574 5088 1640 5139 quos
1655 5074 1768 5127 dotores.
1875 5078 1880 5089 “
