4542 6842
853 967 993 1025 cunnus
1017 970 1147 1025 nonus.
1513 954 1584 1022 253
1711 958 1715 965 ’

411 1111 547 1185 matut
569 1133 666 1185 come
688 1115 808 1208 [otyor
815 1137 831 1206 ;
856 1112 979 1207 aquila
1011 1113 1109 1189 enim
1141 1112 1273 1188 dicitur
1302 1133 1325 1188 a
1355 1113 1471 1209 poetis
1505 1132 1586 1188 ausc
1619 1103 1623 1111 ’

410 1232 575 1329 armiger
600 1232 709 1327 lovis,
736 1239 773 1309 et
797 1233 1007 1310 ministrare
1031 1234 1184 1309 fulmina
1209 1233 1271 1328 illi,
1292 1234 1342 1309 ita
1368 1234 1436 1309 ista
1462 1232 1586 1327 aquila
1690 1333 1693 1337 .

413 1359 542 1449 potens
567 1353 678 1437 missa
703 1376 725 1429 a
750 1355 827 1429 lieo
852 1355 974 1429 subito
998 1356 1163 1452 lulgurat
1191 1375 1302 1451 super
1335 1354 1521 1429 hominem
1548 1360 1587 1427 ct

410 1471 531 1569 ipsum
557 1472 727 1567 incendit,
752 1480 790 1549 et
815 1474 910 1570 rapit
934 1475 972 1548 in
996 1477 1130 1571 altum3
1157 1474 1256 1550 unde
1277 1474 1376 1566 dicit,
1405 1477 1497 1547 emi
1520 1493 1587 1545 ra-

405 1596 502 1689 pose
525 1614 606 1667 suso
630 1596 717 1687 infin
743 1597 782 1667 ol
801 1598 896 1689 foco,
923 1594 1025 1689 idest,
1050 1595 1097 1669 ad
1122 1615 1269 1689 speram
1294 1594 1399 1691 ignis,
1421 1614 1506 1688 quae
1530 1600 1586 1667 est

412 1714 640 1789 contermina
654 1708 692 1808 (¹)
718 1713 823 1789 coelo.
849 1715 894 1789 Et
922 1734 1009 1789 ecce
1040 1714 1214 1789 ellectum
1241 1715 1336 1790 illius
1368 1716 1511 1809 raptu's:
1537 1717 1587 1787 ivi

386 1857 524 1933 ¹porea
548 1837 679 1909 ct'eltu
710 1841 745 1908 ct
773 1838 808 1910 io
833 1837 989 1926 ardeam,
1014 1834 1051 1907 in
1077 1834 1138 1907 illo
1164 1834 1268 1930 igne3
1293 1856 1312 1907 e
1335 1827 1366 1907 ai
1389 1836 1584 1907 tiucendio

411 1958 618 2047 imaginato,
643 1956 679 2029 in
702 1961 836 2048 mente,
854 1976 962 2048 nosse,
980 1954 1082 2048 idest,
1101 1954 1152 2029 ita
1177 1955 1416 2030 vehementer
1440 1974 1503 2029 me
1527 1954 1585 2028 in·
1687 2026 1695 2047 ,

411 2075 543 2170 cendit,
568 2076 629 2149 olle
652 2094 827 2149 conuenae
857 2077 956 2149 ctc'l
977 2095 1089 2149 sonno
1118 2077 1151 2148 si
1179 2095 1379 2168 rompcum5
1404 2074 1454 2149 ita
1485 2075 1583 2169 quod
1633 2165 1638 2175 ι

410 2194 625 2290 evigilarem
650 2215 673 2268 a
698 2213 839 2268 somno.
866 2194 911 2267 ltt
934 2192 987 2268 sic
1013 2192 1094 2269 vide
1117 2193 1304 2288 quomodo
1320 2188 1430 2269 autor
1449 2216 1583 2270 accen-

410 2334 473 2387 sus
499 2334 594 2389 novo
619 2334 748 2390 amore
772 2336 795 2389 a
820 2314 941 2389 divina
966 2315 1084 2411 gratia
1111 2316 1179 2389 luit
1203 2321 1343 2389 tractus
1367 2336 1391 2389 a
1418 2316 1511 2391 valle
1533 2316 1581 2391 ad

411 2441 587 2509 montem.

457 2560 566 2629 ‘Nou
591 2557 787 2628 altrimenti.
820 2556 890 2632 lsta
923 2566 978 2632 est
1016 2555 1178 2631 secunda
1208 2576 1294 2651 pars
1325 2540 1517 2653 generalis,
1544 2557 1581 2631 in
1681 2629 1683 2632 ,
1820 2618 1822 2622 .

411 2696 485 2769 qua
511 2680 617 2770 poeta
643 2685 767 2751 noster
790 2674 962 2750 describit
986 2675 1323 2771 interpretationem
1356 2678 1494 2751 claram
1525 2678 1582 2751 sui

411 2796 586 2871 mirabilis
610 2796 741 2870 somnii
768 2796 899 2871 iactam
925 2817 949 2870 a
975 2796 1134 2893 Virgilio.
1167 2797 1211 2870 lit
1241 2796 1359 2892 primo
1394 2796 1582 2893 praemittit

410 2938 515 2992 suam
543 2916 811 3014 evigilationem
842 2937 955 3010 quam
986 2916 1135 3014 egregie
1164 2916 1335 2993 describit
1366 2937 1433 3013 per
1467 2938 1581 2991 unam

410 3038 721 3133 comparationem
749 3036 1021 3111 nobilissimam.
1039 3037 1093 3112 Ad
1109 3038 1216 3113 cuius
1239 3038 1485 3136 cognitionem
1504 3040 1580 3113 cla·

411 3176 504 3252 ram,
530 3157 616 3251 quia
643 3156 748 3231 multi
774 3156 833 3231 bic
858 3158 974 3231 multa
1000 3159 1186 3252 superllua
1201 3149 1238 3251 (¹)
1258 3158 1370 3254 vulgo
1394 3157 1579 3253 dixerunt,

409 3284 465 3354 est
489 3277 676 3353 sciendum
704 3276 909 3351 necessario
927 3277 1025 3370 quod
1042 3278 1138 3352 banc
1154 3276 1348 3353 materiam
1368 3276 1425 3351 hic
1442 3284 1578 3351 tactam

408 3400 596 3493 eleganter
630 3397 756 3471 scribit
768 3386 806 3490 (³)
833 3395 968 3471 Statius
1001 3396 1037 3470 in
1071 3415 1141 3471 suo
1172 3396 1323 3491 minori,
1357 3396 1456 3492 quod
1490 3396 1581 3472 dici-

406 3524 469 3591 tur
486 3515 700 3611 Achilleida3
723 3515 830 3591 cuius
855 3537 1040 3591 summam
1070 3516 1231 3591 breviter
1256 3516 1380 3592 dioere
1403 3516 1577 3591 conabor.

406 3636 529 3712 Thetis
555 3641 673 3711 mater
694 3634 838 3711 Achillis
867 3635 1013 3711 tradidit
1043 3636 1147 3709 illum
1167 3624 1386 3711 infantulum
1405 3637 1579 3711 alendum

406 3763 444 3833 et
469 3756 724 3832 instruendum
750 3756 854 3831 bonis
879 3754 1021 3831 artibus
1046 3756 1193 3830 Chironi
1219 3764 1408 3851 centauro,
1432 3757 1581 3850 quiba-

405 3876 516 3951 bebat
541 3875 764 3951 domicilium
790 3884 915 3971 suum,
942 3874 1019 3951 sive
1044 3875 1256 3971 speluncam
1280 3877 1350 3951 sub
1367 3885 1493 3951 monte
1510 3878 1579 3951 Pe-
1635 3864 1638 3867 ⁴

407 3996 482 4071 lion
516 3996 552 4069 in
582 3995 774 4070 Thessalia.
801 3994 910 4070 Chiro
925 3983 961 4089 (⁴)
989 4016 1080 4092 ergo
1117 4017 1189 4071 non
1225 3997 1377 4072 nutrivit
1402 3996 1576 4071 Achillem
1693 3975 1700 3993 ’

406 4115 502 4191 lacte
528 4136 633 4189 more
656 4114 827 4210 aliorum,
852 4114 917 4191 sed
941 4115 1120 4213 sanguine
1149 4122 1187 4191 et
1212 4115 1380 4191 medullis
1406 4117 1577 4192 leonum:

407 4236 538 4313 deinde
562 4236 699 4311 ducens
734 4256 821 4311 eum
856 4256 922 4331 per
951 4256 1128 4311 cavernas
1156 4236 1358 4333 sylvarum,
1383 4236 1578 4312 assuefecit

407 4376 496 4433 eum
527 4355 709 4431 venationi
746 4356 921 4451 terarum,
948 4356 1071 4449 calori,
1098 4356 1234 4452 frigori,
1260 4362 1299 4429 et
1322 4356 1423 4431 omni
1448 4356 1576 4450 labori,

406 4498 493 4553 cum
521 4477 703 4551 venabulo
729 4477 900 4572 pharetra
926 4484 963 4552 et
988 4476 1176 4551 similibus.
1206 4477 1283 4553 Nec
1316 4477 1464 4552 tenebat
1488 4496 1577 4551 eum

405 4597 444 4673 in
470 4599 568 4673 molli
594 4598 701 4693 lecto,
727 4598 791 4673 sed
817 4598 854 4671 in
878 4597 973 4672 duro
998 4618 1088 4671 saxo
1117 4598 1226 4671 simul
1252 4618 1401 4691 secum3
1428 4605 1576 4673 etcum

406 4718 468 4796 vix
493 4724 588 4794 esset
613 4719 805 4795 duodecim
832 4739 1014 4794 annorum
1042 4717 1166 4793 docuit
1195 4739 1283 4794 eum
1313 4739 1478 4814 currere,
1503 4721 1577 4793 sal-

406 4844 498 4933 tare,
525 4846 664 4915 natare.
691 4838 766 4915 Neo
796 4860 961 4933 unquam
992 4839 1226 4935 permittebat
1254 4839 1374 4935 ipsum
1405 4841 1576 4935 persequi

467 5027 497 5090 (¹)
511 5026 543 5077 E.
559 5026 756 5078 conterminata.
1016 4998 1234 5087 (¹l1l⁷.lrlvolu.
1352 5036 1357 5049 ·

468 5102 495 5166 (¹)
512 5106 565 5162 lll,
582 5102 692 5165 scripsit.
1017 5102 1045 5166 (¹)
1060 5102 1086 5154 S.
1102 5101 1200 5154 Chiron
1215 5116 1287 5168 ergo.
