4542 6842
730 929 802 997 118
1089 940 1293 996 commun
1317 939 1540 996 runsuroun

728 1085 793 1160 has
818 1093 950 1180 partes,
978 1085 1064 1179 quia
1088 1083 1250 1160 inveniet
1276 1083 1410 1158 multos
1434 1083 1481 1158 de
1510 1082 1586 1157 suis
1615 1081 1704 1158 viles
1730 1091 1769 1158 et
1793 1083 1899 1157 vitio-

726 1211 939 1279 sos-Bon
965 1208 997 1278 v’
1010 1226 1062 1279 en.
1090 1204 1156 1279 Hic
1180 1205 1335 1297 Marcus,
1358 1203 1445 1298 quia
1471 1202 1664 1278 ridebatur
1684 1203 1812 1278 iecisse
1838 1223 1899 1278 re·

727 1325 854 1422 gulam
879 1324 1091 1421 generalem
1109 1325 1158 1399 de
1173 1324 1372 1398 lombardis
1388 1344 1476 1398 cum
1497 1323 1659 1398 mordaci
1685 1330 1897 1418 scommate,

728 1453 769 1519 ut
788 1445 943 1520 redimat
960 1445 1141 1542 pudorem
1159 1463 1304 1538 eorum,
1318 1444 1402 1520 tacit
1419 1444 1672 1540 exceptionem
1684 1445 1897 1540 specialem:

726 1573 764 1640 et
780 1565 877 1659 dicit,
895 1566 994 1660 quod
1010 1565 1047 1638 in
1064 1565 1168 1640 dictis
1183 1564 1328 1638 durabus
1350 1563 1544 1660 provinciis
1564 1564 1806 1659 supervivunt
1823 1571 1897 1640 tres

727 1685 796 1760 viri
823 1686 995 1779 valentes,
1023 1685 1221 1760 retinentes
1246 1684 1366 1758 adhuc
1390 1683 1437 1759 de
1468 1684 1675 1759 curialitate
1699 1689 1736 1757 et
1762 1684 1898 1758 virtute

727 1805 888 1899 antiqua.
914 1804 1016 1880 Unde
1041 1804 1144 1880 dicit:
1171 1806 1236 1878 den
1260 1808 1347 1878 o'en
1371 1811 1425 1878 tre
1449 1807 1563 1878 ccccli
1586 1825 1736 1892 ancora,
1754 1805 1790 1877 in
1816 1804 1899 1897 qui-

728 1927 798 2002 nus
812 1919 848 2019 (¹)
876 1925 1026 2019 antiqua
1052 1931 1106 2000 est
1131 1926 1259 2018 virtus,
1280 1926 1327 2000 de
1352 1925 1487 2021 quibus
1511 1925 1663 2022 dignum
1681 1925 1826 2000 videtur
1843 1925 1898 1998 ia-

728 2066 815 2121 cere
829 2037 866 2138 11)
893 2045 1050 2139 lamam3
1077 2045 1175 2119 unde
1195 2044 1298 2118 dicit:
1315 2047 1353 2118 in
1377 2048 1434 2118 etsi
1456 2065 1656 2137 rumpopno
1678 2048 1826 2118 tantm
1843 2035 1900 2117 etd

728 2167 765 2238 la
793 2185 921 2256 nuova,
949 2164 1054 2257 idest,
1080 2165 1303 2259 improperat
1336 2170 1374 2239 et
1403 2164 1587 2259 vituperat
1616 2164 1830 2255 modernos;
1862 2174 1900 2241 et

727 2306 874 2360 summe
898 2285 1020 2360 dolent
1040 2277 1076 2377 (³)
1096 2285 1132 2358 in
1152 2291 1334 2359 mutatam
1355 2292 1528 2358 naturam
1552 2305 1708 2360 suorum
1728 2305 1899 2379 compro-

727 2405 947 2480 vincialium.
974 2403 1076 2479 Unde
1100 2404 1209 2479 dicit:
1234 2427 1348 2498 epar
1381 2408 1439 2479 tor
1464 2407 1580 2497 turdo,
1603 2407 1663 2479 cte
1688 2409 1757 2479 Dio
1781 2427 1806 2478 u
1831 2409 1898 2478 mi-

727 2527 821 2617 plior
846 2528 916 2598 uita
942 2528 967 2598 li
989 2528 1156 2617 mpopnu,
1182 2523 1327 2618 scilicet,
1354 2525 1438 2599 vitae
1470 2526 1616 2619 laturae,
1648 2525 1754 2619 quasi
1782 2524 1895 2599 dicat:

729 2667 829 2720 mors
846 2645 991 2720 videtur
1015 2645 1067 2719 eis
1093 2643 1208 2720 tarda.
1229 2646 1273 2718 Et
1290 2646 1454 2740 loquitur
1471 2645 1714 2742 hyperbolice.
1736 2645 1799 2720 Vel
1823 2644 1893 2737 dic,

728 2767 826 2861 quod
851 2773 978 2862 optant
1003 2766 1128 2861 reponi
1154 2765 1201 2840 ad
1221 2766 1413 2841 meliorem
1432 2765 1557 2859 vitum,
1576 2766 1680 2860 idest,
1699 2766 1896 2857 virtuosio-

728 2905 821 2978 rem‚
848 2906 961 2980 quarn
986 2885 1032 2960 sit
1057 2886 1128 2960 vila
1157 2885 1433 2961 modernorum.
1458 2887 1504 2960 Et
1527 2886 1689 2961 declarat
1714 2884 1809 2982 ipsos
1828 2905 1897 2960 no·

728 3005 905 3100 minatim,
930 3005 1073 3080 dicens:
1103 3009 1266 3080 curado
1295 3010 1345 3080 da
1373 3011 1544 3082 Palazzo.
1576 3005 1642 3081 llic
1671 3005 1739 3080 luit
1768 3005 1897 3081 nobilis

727 3125 774 3202 de
790 3125 936 3202 civitate
952 3126 1095 3219 Briniae,
1113 3125 1160 3201 de
1176 3126 1283 3200 cuius
1299 3127 1516 3202 strenuitate
1538 3125 1674 3220 audivi,
1692 3127 1791 3220 quod
1807 3147 1893 3200 cum

727 3252 823 3322 esset
847 3245 1024 3320 vexillifer
1044 3266 1111 3340 pro
1128 3267 1196 3320 sua
1215 3246 1400 3340 republica
1418 3246 1454 3319 in
1475 3246 1617 3341 proelio,
1635 3246 1811 3320 truncatis
1827 3245 1894 3318 sibi

727 3365 907 3458 manibus,
941 3385 1145 3459 numquam
1175 3363 1338 3440 deseruit
1371 3365 1559 3461 publicum
1591 3365 1749 3462 signum,
1780 3365 1895 3439 immo

726 3492 1006 3581 perseveranter
1019 3507 1105 3560 curn
1120 3487 1259 3560 truncis
1273 3485 1446 3577 retinens,
1459 3506 1533 3561 uon
1548 3487 1649 3580 prius
1667 3485 1767 3579 illud,
1780 3505 1893 3580 quam

728 3607 839 3682 vitam
865 3604 1006 3680 abiecit.
1034 3605 1077 3679 Et
1102 3607 1154 3680 sic
1178 3605 1324 3680 videtur
1348 3605 1477 3682 iecisse
1500 3605 1631 3681 lortius
1655 3627 1769 3699 quam
1794 3605 1893 3680 Den-

727 3733 836 3820 tatus
863 3726 926 3821 qul
952 3726 1085 3800 amissa
1112 3747 1224 3800 manu
1256 3725 1293 3799 in
1325 3748 1447 3823 pugna
1480 3727 1564 3802 lecit
1593 3726 1795 3800 sibialiam
1822 3724 1896 3801 ler-

727 3868 852 3941 ream3
878 3869 897 3920 e
920 3851 945 3920 'l
968 3848 1058 3920 deon
1086 3850 1282 3921 Gterardo.
1308 3847 1379 3921 lste
1407 3847 1476 3920 luit
1510 3845 1638 3922 nobilis
1671 3847 1774 3922 miles
1786 3835 1825 3939 (⁸)
1849 3847 1897 3922 de

726 3967 899 4059 Tarvisio,
924 3967 970 4041 de
996 3965 1215 4040 nobilissima
1240 3967 1351 4040 domo
1383 3965 1530 4040 illorum
1561 3967 1608 4041 de
1640 3966 1805 4060 Camino,
1831 3967 1894 4060 qui

725 4107 823 4181 saepe
848 4086 1058 4162 habuerunt
1082 4085 1324 4182 principatum
1350 4086 1445 4160 illius
1469 4085 1634 4161 civitatis.
1655 4088 1720 4161 llic
1745 4086 1813 4161 luit
1837 4087 1895 4162 vir

725 4213 824 4284 totus
855 4205 1046 4302 benignus,
1073 4208 1268 4308 humanus,
1297 4205 1455 4298 curialis,
1485 4205 1655 4302 liberalis,
1686 4213 1723 4282 et
1752 4206 1895 4281 amicus

725 4327 928 4401 honorum:
954 4325 1036 4401 ideo
1055 4326 1344 4400 antonomastice
1360 4325 1478 4400 dictus
1502 4332 1558 4400 est
1583 4327 1756 4420 bonus3e
1778 4330 1892 4402 Gua'do

725 4449 774 4522 du
803 4448 926 4539 castel,
952 4446 1019 4522 iste
1043 4447 1111 4520 luit
1134 4445 1182 4521 de
1205 4446 1320 4542 Regio
1335 4437 1372 4539 (⁵)
1389 4446 1630 4541 Lombardiae,
1647 4447 1693 4522 de
1713 4448 1892 4544 Rubentis,

725 4587 886 4661 quorum
914 4567 983 4643 tria
1009 4573 1114 4642 erant
1145 4567 1325 4661 membra,
1350 4565 1486 4641 scilicet
1517 4567 1566 4641 illi
1594 4568 1642 4643 de
1670 4569 1819 4664 Tripoli,
1844 4569 1894 4644 illi

724 4689 771 4766 de
795 4688 961 4782 Castello,
987 4695 1024 4762 ct
1052 4687 1102 4762 illi
1132 4688 1180 4762 de
1208 4687 1343 4762 Furuo.
1368 4687 1455 4762 ldeo
1484 4687 1696 4764 denominat
1724 4689 1894 4784 ipsuma

787 4909 814 4970 (¹)
832 4915 886 4969 117,
902 4909 995 4973 quibus
1011 4911 1142 4975 antiquata
1158 4916 1198 4961 est
1213 4911 1303 4962 virtus.
1410 4907 1440 4972 (¹)
1457 4910 1489 4960 B.
1504 4908 1591 4962 faeere
1604 4909 1710 4960 schema
1726 4923 1773 4960 seu
1788 4908 1893 4960 lamam.

787 4984 813 5048 (⁸)
831 4987 885 5044 117,
901 4984 998 5044 dolent,
1015 4986 1084 5049 quod
1101 4987 1188 5038 rident
1204 4987 1247 5037 ita.
1849 4979 1853 4987 '

788 5065 814 5126 (⁸)
831 5062 861 5111 E.
868 5062 944 5114 mlles
955 5063 986 5112 de
998 5063 1140 5114 clarissima
1150 5063 1229 5115 domo
1239 5064 1354 5115 illorum.
1409 5061 1437 5128 Ρ)
1454 5066 1508 5125 117,
1525 5063 1631 5128 repom
1645 5062 1815 5114 lomwdle.
