4542 6842
689 1031 691 1037 .
728 977 866 1034 CANTUS
891 980 1050 1037 DECIMUS
1074 979 1242 1047 QUINTUS.
1497 971 1568 1037 417

393 1122 576 1198 utentibus
601 1143 700 1198 eum.
727 1124 798 1198 Iste
823 1124 923 1199 enim
947 1125 1163 1220 Stephanus,
1182 1130 1224 1198 ut
1241 1124 1399 1199 hahetur
1418 1125 1454 1199 in
1472 1126 1571 1201 Acti-

395 1241 465 1338 bus
490 1243 759 1338 Apostolorum,
780 1250 862 1339 post
887 1251 1046 1320 mortem
1073 1244 1205 1319 Christi
1230 1245 1361 1340 plenus
1385 1247 1508 1343 gratia
1533 1255 1571 1322 et

396 1361 607 1437 fortitudine
632 1362 788 1437 faciebat
811 1364 976 1462 prodigia
1002 1370 1039 1440 et
1064 1365 1167 1462 signa
1194 1365 1230 1438 iu
1256 1365 1480 1460 Jerusalem;
1505 1368 1569 1442 sed

393 1503 479 1558 cum
507 1482 656 1578 quidam
682 1483 729 1557 de
753 1504 940 1582 synagoga
965 1485 1192 1580 disputantes
1218 1507 1346 1562 secum
1378 1508 1452 1561 uon
1484 1509 1569 1582 pos-

392 1609 473 1678 sent
499 1603 670 1678 resistere
696 1603 880 1698 sapientiae
904 1605 996 1699 eius,
1023 1605 1310 1680 introduxerunt
1340 1607 1433 1681 duos
1459 1606 1568 1682 falsos

392 1730 514 1818 testes,
541 1722 605 1819 qui
629 1731 846 1799 accusarent
860 1717 897 1817 (¹)
916 1746 1004 1800 eum
1026 1715 1076 1800 de'
1090 1725 1318 1821 blasphemia
1335 1726 1372 1799 in
1392 1727 1512 1802 Deum
1530 1734 1568 1802 et

392 1845 565 1940 Moysem.
592 1843 638 1917 ht
663 1843 723 1918 iile
749 1843 883 1919 iaciens
910 1845 1022 1919 altam
1051 1845 1408 1922 commendationem
1425 1847 1473 1922 de
1491 1848 1569 1921 Deo

393 1971 429 2040 et
454 1966 577 2060 Moyse
600 1963 772 2060 purgavit
797 1984 837 2039 se
862 1985 885 2038 a
909 1965 1064 2039 crimine
1084 1965 1239 2059 obiecto,
1262 1972 1300 2040 et
1319 1967 1430 2060 coepit
1446 1966 1568 2041 incre-

392 2103 482 2180 pare
507 2104 580 2159 eos.
607 2082 653 2156 nt
678 2083 728 2157 ilii
753 2083 953 2158 stridebant
969 2083 1140 2159 dentibus
1157 2085 1194 2158 in
1220 2105 1331 2178 eum;
1354 2085 1414 2159 iile
1437 2092 1567 2160 autem

392 2205 537 2280 intuens
567 2205 604 2278 iu
634 2203 770 2278 coelum
800 2203 908 2278 dixit:
938 2204 1033 2278 Ecce
1067 2205 1174 2280 video
1204 2205 1317 2280 coelos
1346 2211 1492 2301 apertos
1530 2212 1570 2280 et

392 2325 516 2400 Jesum
535 2329 692 2398 stantem
710 2323 756 2398 ad
773 2323 964 2399 dexteram
984 2325 1059 2398 Dei.
1078 2325 1181 2398 Tunc
1198 2325 1448 2400 exclamantes
1465 2326 1568 2400 clau-

393 2449 521 2520 serunt
546 2463 659 2518 aures
672 2433 708 2534 (²)
736 2463 823 2516 suas
849 2443 953 2536 quasi
979 2442 1222 2519 abhorrentes
1244 2445 1376 2520 audire
1399 2445 1569 2540 blasphe-

394 2564 520 2659 miam,
537 2569 575 2639 et
591 2563 778 2638 duxerunt
794 2553 831 2655 (³)
850 2584 937 2638 eum
957 2571 1064 2640 extra
1080 2585 1305 2661 synagogam
1324 2572 1361 2640 et
1381 2566 1568 2661 lapidave-

395 2691 483 2760 runt
509 2705 617 2778 eum;
644 2683 767 2778 positis
792 2689 919 2758 autem
945 2684 1102 2779 genibus
1119 2683 1338 2758 exclamavit
1353 2674 1403 2778 (⁴),
1424 2684 1567 2760 diceus:

395 2804 562 2897 Domine,
587 2823 635 2878 ue
659 2808 799 2877 statuas
824 2802 891 2876 illis
917 2804 986 2878 hoc
1012 2808 1280 2921 peccatum3et
1304 2824 1391 2878 cum
1417 2806 1487 2879 hoc
1511 2805 1570 2879 di·
1698 2802 1704 2811 '

395 2927 506 3001 nisset
530 2924 750 2999 obdormivit
774 2923 811 2996 io
841 2923 1007 2998 Domino.
1040 2923 1092 2998 Ad
1127 2924 1272 3000 literam
1305 2944 1415 3020 ergo:
1447 2925 1570 3020 primo

393 3053 501 3144 poeta
526 3043 643 3140 tangit
666 3043 761 3117 iram
782 3043 1006 3138 judaeorum,
1025 3043 1167 3118 dicens:
1185 3047 1253 3118 Pm'
1275 3046 1360 3135 azot,
1378 3044 1415 3117 in
1433 3044 1565 3119 eadem

394 3167 544 3259 visione,
561 3167 655 3257 penti
678 3185 794 3237 accere
808 3167 847 3236 in
863 3167 969 3257 socco
986 3166 1021 3237 d'
1033 3167 1105 3253 tro,
1124 3184 1210 3237 nam
1236 3163 1291 3237 ira
1317 3169 1372 3238 est
1397 3164 1568 3239 accensio

394 3285 581 3383 sanguinis
606 3285 704 3358 circa
730 3304 806 3378 cor,
832 3285 977 3357 αηοίάεν
1000 3287 1093 3377 sorte
1116 3303 1165 3356 on
1189 3286 1394 3374 piovenetto,
1420 3283 1568 3378 scilicet,

393 3406 631 3502 Stephanum,
650 3423 715 3478 con
731 3409 853 3497 petrc;
872 3403 969 3478 unde
985 3403 1118 3478 nrator
1148 3409 1256 3498 poeta
1272 3402 1369 3496 dicit,
1387 3403 1487 3496 quod
1507 3403 1567 3478 illa

393 3547 483 3626 gens
508 3544 621 3599 saxea
646 3524 825 3619 oppressit
850 3543 937 3598 eum
965 3522 1162 3618 lapidibus3
1180 3522 1244 3596 sed
1265 3521 1325 3596 ilie
1345 3543 1411 3617 per
1432 3522 1570 3617 lapides

392 3644 544 3724 adhaesit
568 3649 694 3741 petrae,
713 3643 814 3737 idest,
832 3644 986 3737 Christo,
1006 3650 1044 3718 et
1068 3643 1172 3717 dicit:
1189 3645 1369 3735 prebendo
1387 3665 1411 3715 a
1427 3665 1464 3716 se
1474 3664 1571 3736 por:

395 3759 559 3857 martiro,
576 3756 742 3855 martiro,
761 3764 997 3838 exhortantes
1023 3784 1063 3837 se
1088 3763 1256 3837 invicem.
1276 3763 1319 3836 Et
1345 3763 1462 3859 tangit
1487 3783 1570 3837 mo-

393 3887 621 3963 derationem
647 3884 831 3980 Stephani,
857 3883 1002 3959 dicens:
1021 3905 1040 3956 e
1056 3887 1163 3962 vedeo
1189 3886 1249 3975 tari,
1267 3883 1415 3978 scilicet,
1431 3884 1569 3978 juven-

394 4009 534 4101 culum,
561 4008 717 4080 cinnami
734 3994 797 4096 ptri
816 4007 853 4077 io
872 3999 934 4078 vtr
955 4007 990 4077 to
1011 4011 1123 4094 terra,
1149 4023 1235 4076 cum
1263 4023 1429 4098 corpore,
1448 4023 1515 4095 per
1530 4005 1568 4076 ta

395 4133 505 4201 morte
535 4129 596 4199 che
623 4129 885 4217 toppruveoa,
927 4122 996 4198 suh
1027 4123 1261 4198 multitudine
1290 4123 1474 4218 lapidum3
1507 4145 1567 4196 mo

394 4248 486 4338 deptt
501 4247 598 4319 orchi
609 4249 713 4340 (oceo
727 4265 864 4337 sempre
881 4247 920 4317 ot
934 4246 1000 4318 ciet
1011 4250 1114 4336 porte
1122 4269 1138 4335 ‚·
1156 4263 1230 4316 uon
1243 4243 1443 4317 immemor
1459 4263 1566 4316 man-

394 4365 467 4442 dati
493 4364 636 4439 Domini
650 4355 700 4456 (⁵),
732 4364 796 4458 qui
826 4363 999 4460 praecepit
1030 4362 1130 4437 orari
1161 4383 1229 4459 pro
1261 4361 1567 4456 persequentibus

394 4508 471 4564 uos.
503 4487 605 4561 Unde
635 4485 739 4559 dicit:
765 4487 905 4558 orando
931 4487 1037 4558 totto
1061 4487 1146 4574 sire,
1172 4483 1275 4576 idest,
1302 4483 1433 4576 Deum,
1459 4482 1565 4556 aliter

393 4631 507 4704 quam
534 4606 667 4681 muher
693 4605 846 4702 rogabat
871 4604 981 4699 paulo
1005 4610 1091 4678 ante
1111 4604 1304 4678 dominum
1324 4601 1566 4696 Athenarum,

454 4873 482 4936 (¹)
498 4870 530 4922 E.
546 4874 742 4922 accumreruut.
1071 4866 1099 4930 (¹)
1114 4868 1146 4918 Ε.
1162 4879 1240 4918 aures
1254 4879 1348 4917 eorum
1364 4865 1447 4929 quan.

455 4947 482 5011 (¹)
498 4949 528 4998 Ε.
546 4946 709 4997 adduxerunt
725 4959 787 4997 eum
802 4948 875 4995 extra
892 4945 1023 4995 civitatem
1039 4948 1066 4994 et
1081 4943 1270 5008 lapidaverunt.

457 5025 483 5088 (⁸)
500 5025 531 5074 E.
547 5023 616 5074 idem
632 5022 794 5074 exclamarit.

457 5101 484 5165 (⁸)
500 5101 531 5152 E.
548 5099 652 5151 Domini
669 5101 751 5151 nostri
759 5099 821 5150 Jesu
832 5097 926 5150 Christi
937 5097 1169 5162 Redemptorisque
1180 5095 1365 5161 pretiosissimi,
1373 5095 1417 5159 qui
1435 5092 1565 5156 pracepit.

526 5209 566 5252 ΠΙ.
1405 5201 1432 5244 Si
