4542 6842
633 920 636 927 ²
709 942 780 1017 aot
1069 951 1275 1007 consuruu
1298 952 1518 1009 runnnmnn

706 1098 847 1178 lomnes
862 1092 899 1193 (⁴)
925 1106 1064 1197 gentos,
1090 1118 1159 1175 rex
1183 1098 1369 1173 Bohemiae
1392 1098 1473 1175 acle
1496 1104 1686 1193 peremtus
1710 1105 1766 1174 est
1790 1120 1878 1184 cum

707 1240 841 1316 magna
863 1225 990 1317 strage
1015 1218 1247 1295 bellatorum.
1264 1220 1310 1294 Et
1329 1218 1382 1293 sic
1399 1238 1556 1315 regnum
1577 1218 1763 1296 Bolremite
1779 1221 1880 1296 venit

706 1340 931 1437 subjugum
956 1339 1148 1435 liudulphi.
1175 1338 1246 1414 Sed
1271 1346 1398 1434 postea
1424 1338 1508 1416 iecit
1531 1360 1661 1434 pacem
1687 1360 1773 1415 cum
1805 1340 1879 1417 lilio

707 1460 804 1557 regis
828 1460 980 1554 mortui,
1005 1460 1069 1537 sed
1085 1451 1121 1554 (²)
1148 1460 1233 1537 lecit
1258 1460 1378 1554 ipsum
1399 1458 1528 1535 venire
1550 1459 1599 1538 ad
1623 1480 1665 1535 se
1688 1461 1876 1539 amanen

705 1580 854 1663 insede
879 1602 946 1677 per
972 1581 1135 1657 medium
1161 1580 1238 1656 luti.
1256 1582 1301 1656 lit
1324 1579 1427 1655 illum
1453 1586 1610 1655 stantem
1635 1581 1791 1677 genibus
1809 1583 1877 1659 tle-

706 1702 762 1777 nis
787 1701 824 1775 iu
850 1703 928 1778 luto
953 1700 1158 1777 conciliavit
1174 1700 1253 1796 sibi,
1274 1700 1513 1796 presentibus
1533 1699 1704 1775 omuibus
1726 1701 1875 1776 baroni-

704 1823 787 1919 bus,
812 1828 849 1897 et
872 1822 971 1898 dedit
994 1821 1061 1897 sibi
1088 1821 1199 1897 liliam
1217 1822 1254 1895 iu
1275 1841 1446 1915 uxorem,
1463 1826 1499 1895 et
1519 1840 1677 1917 regnrnu
1697 1822 1874 1896 restituit:

705 1949 743 2019 et
767 1943 818 2017 sic
843 1942 1044 2037 superbum
1067 1942 1285 2036 humiliavit,
1306 1947 1344 2017 et
1361 1941 1594 2017 humiliatum
1618 1941 1792 2018 exaltavit
1817 1941 1877 2017 die

705 2063 880 2161 vigesima
904 2070 1008 2139 sexta
1033 2063 1193 2159 augusti.
1219 2064 1264 2137 Et
1295 2061 1347 2139 sic
1378 2060 1473 2156 vide,
1498 2082 1617 2157 quare
1642 2069 1750 2157 poeta
1774 2061 1876 2157 penit

651 2218 652 2223 Ν
703 2183 823 2278 ipsum
849 2184 1004 2258 salvum.
1036 2185 1129 2258 Nam
1160 2182 1375 2278 Rodulphus
1404 2181 1472 2258 isle
1505 2182 1574 2256 luit
1603 2182 1873 2278 magnanimus,

357 2274 502 2371 nal-1²⁸²·
554 2284 573 2331 ·.
703 2302 931 2399 magnificus,
953 2304 1077 2398 iustus
1101 2310 1140 2378 et
1163 2303 1256 2398 pius,
1282 2303 1361 2377 sine
1385 2302 1481 2396 dolo,
1502 2302 1636 2377 timens
1660 2302 1792 2395 Deum,
1818 2301 1875 2377 ri-

701 2428 781 2501 otor
806 2422 843 2497 in
867 2424 975 2517 bello,
1003 2424 1164 2499 multum
1189 2422 1406 2498 formidatus
1430 2421 1479 2497 ab
1502 2421 1704 2497 alemannis
1725 2428 1762 2497 et
1779 2421 1875 2497 itall-

702 2542 777 2637 or's;
803 2549 841 2617 et
865 2551 967 2621 certe
1000 2543 1030 2617 si
1063 2543 1239 2620 voluisset
1267 2543 1395 2618 venire
1425 2542 1463 2615 in
1491 2541 1644 2637 ltaliam,
1674 2542 1753 2617 sine
1781 2542 1875 2617 resi-

703 2663 833 2739 stentia
859 2669 940 2737 erat
958 2663 1149 2739 domiuus:
1171 2663 1254 2739 ideo
1269 2669 1380 2739 autor
1395 2662 1520 2759 arguit
1535 2684 1624 2739 eum
1641 2663 1875 2760 negligentia

702 2782 760 2857 hic
786 2788 823 2857 et
848 2781 885 2857 in
910 2783 1128 2877 precedenti
1161 2784 1330 2879 capitulo.
1361 2781 1415 2857 dd
1444 2783 1588 2858 literam
1618 2802 1733 2879 ergo:
1764 2789 1873 2878 poeta

702 2901 888 2997 premittit
910 2902 1144 2997 Rodnlphum
1170 2902 1322 2995 cunctis,
1348 2902 1435 2998 quia
1464 2902 1592 2977 habuit
1624 2902 1868 2998 principatum

702 3042 912 3117 romanum,
932 3043 1007 3118 quo
1034 3024 1155 3099 nullus
1180 3029 1235 3098 ost
1258 3023 1366 3097 altior
1389 3022 1431 3107 in¹
1452 3023 1544 3099 orbe
1567 3022 1784 3116 christiau03
1806 3022 1871 3098 sed

701 3141 824 3239 arguit
848 3163 936 3219 eum
962 3142 1203 3239 negligentias,
1220 3143 1362 3218 dicens:
1387 3145 1478 3217 colui
1500 3144 1562 3215 ete
1582 3136 1644 3235 piri
1667 3144 1760 3217 seue
1785 3142 1871 3234 aaa,

700 3262 977 3358 supereminens
1002 3263 1186 3357 omnibus,
1211 3263 1299 3358 quia
1322 3262 1535 3358 imperator,
1565 3284 1585 3336 e
1610 3267 1653 3358 fa
1675 3264 1869 3353 emmanu,

700 3383 802 3478 idest,
828 3383 985 3459 ostendit
1010 3382 1047 3457 in
1072 3384 1295 3479 apparentia,
1322 3386 1357 3458 d'
1371 3405 1458 3457 acer
1480 3386 1626 3474 neptalin
1648 3376 1704 3457 ctd
1728 3387 1788 3457 clu
1807 3387 1873 3479 sar

692 3506 834 3597 ,docem
859 3524 944 3579 uam
971 3503 1127 3580 debebat
1154 3504 1281 3578 venire
1304 3504 1475 3598 Romam,
1493 3510 1535 3577 ut
1560 3504 1740 3599 reciperet
1763 3525 1873 3579 enro-

700 3644 785 3702 nam
812 3623 966 3719 imperil,
984 3630 1021 3699 et
1046 3622 1195 3698 visitare
1219 3630 1258 3699 et
1282 3624 1471 3720 corrigere
1488 3623 1642 3718 ltaliam,
1661 3623 1793 3699 deinde
1816 3623 1873 3699 ta-

699 3763 786 3819 cere
810 3742 1003 3818 transitum
1029 3742 1076 3818 ad
1103 3743 1396 3839 recuperandam
1422 3750 1562 3822 terram
1581 3750 1768 3838 sanctam3
1795 3744 1873 3821 imo

698 3864 944 3960 prindpalitar
969 3863 1015 3939 ad
1041 3864 1153 3939 istum
1179 3864 1291 3939 linem
1315 3885 1408 3959 papa
1433 3864 1634 3960 Gregorius
1659 3865 1693 3939 ll
1716 3864 1763 3939 de
1789 3866 1872 3940 Pla·

699 3984 817 4061 cenlia
842 3985 980 4061 lecerat
1010 3983 1130 4079 ipsum
1157 3983 1241 4081 eligi
1254 3975 1291 4077 (³)
1320 3984 1594 4079 imperatorem.
1619 3984 1711 4072 oua
1744 3986 1867 4061 omnin

699 4105 821 4185 lacere
838 4105 999 4201 neglexit
1014 4104 1211 4199 cupiditate
1227 4105 1399 4200 potentin
1416 4106 1453 4182 in
1471 4104 1680 4201 Germania,
1699 4114 1741 4181 nt
1759 4114 1871 4183 autor

698 4226 815 4321 mugit
840 4224 998 4321 capitulo
1014 4225 1254 4321 praecedentl3
1272 4225 1348 4301 imo
1368 4225 1468 4300 visus
1484 4231 1541 4301 est
1559 4224 1765 4303 diminuere
1780 4226 1868 4321 jnra

699 4345 839 4442 imperii
866 4345 903 4421 in
928 4346 1041 4442 ltalia,
1067 4346 1154 4441 quia
1181 4344 1379 4442 resignarit
1408 4345 1610 4421 &uoniam
1640 4352 1679 4421 et
1707 4346 1870 4423 Roman·

697 4466 831 4545 diolam
862 4466 1035 4561 ecclesie,
1065 4487 1168 4563 papae
1202 4467 1350 4541 Nimlao
1384 4466 1431 4542 de
1464 4465 1611 4541 Ursinis.
1644 4466 1729 4541 ideo
1760 4466 1869 4541 dicit:

677 4610 716 4661 -e
738 4589 800 4663 cte
827 4608 899 4661 non
924 4608 1047 4663 mucce
1071 4588 1178 4663 docco
1202 4609 1227 4662 c
1256 4590 1308 4679 pli
1332 4589 1440 4661 mnan
1464 4589 1571 4678 cond,
1596 4584 1685 4679 quia
1710 4585 1808 4661 dolet
1832 4592 1870 4661 et

698 4708 881 4785 erubescit
905 4706 951 4783 de
977 4708 1196 4805 negligentia
1221 4728 1302 4800 sua,
1325 4710 1366 4800 su
1394 4708 1532 4801 lttdolfo
1554 4708 1772 4797 impendar,
1793 4705 1870 4783 ele·

698 4835 790 4922 ctas,
815 4831 875 4903 cte
895 4836 999 4921 polea
1023 4850 1138 4903 aanor
1161 4832 1193 4903 la
1214 4830 1355 4920 pionte,
1379 4827 1483 4920 idest,
1509 4826 1745 4922 partialitates
1760 4832 1798 4901 et
1814 4825 1869 4900 di·

762 5084 789 5145 (¹)
804 5083 835 5133 E.
852 5082 933 5133 lorica
948 5088 1044 5147 gantas.
1138 5083 1213 5146 fflE.
1229 5087 1256 5134 ct
1272 5080 1342 5133 tecit.
1437 5081 1464 5145 (¹)
1478 5083 1509 5133 Ε.
1524 5081 1587 5145 etp·
1601 5081 1629 5133 ln
1643 5081 1836 5143 lundonam
1865 5106 1867 5109 <
