4542 6842
751 971 888 1028 murus
912 970 1071 1026 bacmos
1094 971 1239 1026 SEXTUS.
1507 961 1578 1026 427

405 1137 473 1211 ea;
500 1115 616 1192 iratus
633 1119 724 1192 vero
741 1117 826 1192 licet
843 1116 998 1192 retineat
1014 1118 1142 1192 lumen
1159 1116 1334 1211 corporis,
1353 1123 1479 1190 tamen
1495 1137 1580 1213 per-

404 1237 456 1312 dit
481 1237 608 1312 lumen
639 1237 799 1312 rationis.
826 1237 954 1313 Caecus
983 1238 1093 1313 etiam
1126 1237 1283 1312 incurrit
1310 1237 1488 1312 damnum
1520 1239 1578 1314 vel

405 1365 564 1433 mortem
591 1359 804 1456 ignoranter
830 1365 867 1434 et
891 1358 1078 1453 dolenter3
1104 1359 1169 1433 sed
1200 1358 1317 1433 iratus
1345 1358 1430 1434 ierit
1454 1365 1492 1433 et
1516 1379 1579 1433 oc-

403 1479 490 1554 cidit
515 1479 605 1554 alios
631 1487 668 1555 et
693 1499 734 1554 se
759 1477 915 1554 scienter
946 1486 983 1554 et
1013 1479 1169 1554 libenter
1199 1485 1348 1574 propter
1375 1479 1578 1575 appetitum

404 1599 583 1694 vindictae,
610 1599 703 1676 sicut
728 1600 852 1675 scribit
876 1601 1000 1675 Livius
1017 1601 1064 1676 de
1080 1601 1266 1695 Romanis,
1287 1601 1350 1695 qui
1368 1621 1454 1674 cum
1479 1607 1579 1676 tanta

403 1719 459 1796 ira
484 1727 522 1795 et
546 1720 629 1795 odio
654 1726 916 1818 pugnaverunt
941 1728 1070 1796 contra
1097 1719 1330 1813 Samnites‚a
1357 1720 1492 1814 quibus
1517 1740 1579 1794 re·

404 1846 578 1934 ceperant
602 1840 881 1937 ignominiosam
908 1839 1093 1934 iniuriam,
1113 1841 1213 1936 quod
1230 1840 1329 1914 oculi
1354 1861 1487 1915 eornm
1512 1840 1579 1914 risi

404 1967 490 2036 sunt
514 1961 648 2036 ardere
673 1961 709 2035 in
737 1962 878 2056 proelio,
897 1968 1033 2058 etpost
1058 1963 1250 2038 victoriam
1277 1962 1415 2036 furiose
1439 1961 1579 2036 interii·

403 2081 548 2156 ciebant
573 2101 689 2177 equos
714 2089 751 2158 et
776 2083 847 2158 alia
872 2083 1054 2158 animalia.
1073 2084 1116 2156 Et
1132 2083 1239 2159 dicit:
1257 2083 1310 2158 sic
1335 2083 1445 2175 ibam,
1463 2084 1578 2154 ascol-

404 2203 512 2274 tundo
542 2203 570 2275 tl
599 2205 669 2274 mio
697 2205 801 2293 duca,
833 2202 969 2278 scilicet
998 2203 1202 2299 Virgilium,
1229 2203 1292 2297 qui
1323 2203 1425 2276 velut
1459 2202 1578 2275 bouus

401 2321 477 2396 dux
504 2341 577 2396 non
603 2329 798 2398 contentus
826 2323 1125 2398 accommodasse
1159 2323 1246 2396 mibi
1280 2324 1481 2398 humerum
1512 2321 1577 2395 ed·

403 2441 577 2516 monebat
602 2461 663 2516 me
696 2443 829 2535 verbo;
862 2442 959 2518 unde
984 2442 1088 2518 dicit:
1114 2445 1175 2516 clte
1199 2446 1312 2535 dicen,
1338 2440 1388 2517 iili
1420 2443 1484 2534 mi,
1507 2461 1579 2534 pur

400 2564 559 2652 ernardo,
579 2565 639 2636 cle
663 2565 712 2636 da
737 2583 791 2636 me
816 2570 850 2636 to
876 2583 948 2636 non
973 2565 1017 2635 sit
1041 2583 1193 2656 mozzo‚·
1218 2563 1323 2657 quasi
1344 2562 1459 2638 dicat:
1485 2583 1578 2638 cave

402 2700 451 2756 ne
475 2681 530 2755 ire
556 2682 716 2757 violenta
742 2702 894 2778 quoquo
921 2683 1031 2756 modo
1056 2689 1202 2777 separet
1223 2689 1299 2757 tea
1318 2703 1391 2776 me,
1409 2682 1497 2776 quia
1523 2682 1578 2758 ia-

402 2793 569 2894 ciliterl¹l
597 2809 634 2876 et
666 2802 739 2876 cito
771 2823 895 2897 posses
925 2802 1082 2898 perdere
1106 2822 1179 2896 me,
1204 2810 1242 2877 et
1272 2803 1375 2878 tarde
1396 2804 1455 2878 vel
1481 2824 1578 2877 nun·

403 2941 517 3015 quarn
536 2919 860 2998 reinvenire-lo
871 2927 992 2996 sendo.
1008 2923 1112 2996 Nunc
1128 2929 1236 3018 poeta
1253 2922 1425 2998 describit
1440 2922 1579 2999 orabo-

403 3061 488 3117 nem
509 3042 680 3116 devotam
699 3042 974 3136 iracundorum,
992 3050 1029 3118 et
1046 3042 1147 3116 clare
1168 3041 1265 3134 dicit,
1283 3042 1383 3136 quod
1405 3043 1579 3138 petebant

402 3168 441 3236 et
458 3163 671 3257 repetebant
692 3170 814 3256 Annus
830 3167 920 3237 Del:
945 3164 1009 3238 sed
1034 3163 1131 3238 dices
1157 3163 1292 3256 forsan,
1309 3162 1436 3258 lector,
1459 3183 1578 3259 quare

402 3281 472 3356 boc
490 3274 553 3374 (Ἢ
569 3283 669 3376 Dico,
688 3284 786 3378 quod
805 3303 878 3358 non
900 3283 978 3358 sine
995 3305 1130 3380 magno
1148 3281 1351 3359 ministerio
1366 3284 1436 3359 boc
1462 3285 1576 3380 lingit

401 3401 456 3476 Ad
483 3403 581 3496 quod
612 3405 696 3478 volo
726 3411 763 3480 te
794 3404 899 3496 scire,
930 3404 1040 3500 qnod,
1067 3404 1162 3478 sicut
1190 3403 1315 3478 scribit
1344 3404 1578 3500 pbilosopbus

400 3521 431 3596 ll
455 3521 750 3620 Rhetoricorum,
773 3525 878 3598 multi
905 3530 990 3598 sunt
1016 3523 1113 3598 modi
1139 3523 1275 3617 quibus
1298 3531 1418 3618 potest
1442 3524 1579 3619 placari

402 3643 530 3741 iratus,
550 3646 646 3722 inter
665 3668 758 3743 quos
777 3669 874 3721 unus
890 3653 946 3722 est
966 3635 1237 3741 potissimusffl,
1256 3645 1404 3739 quaudo
1429 3646 1490 3721 ille
1514 3646 1578 3740 qui

399 3765 486 3844 iecit
511 3767 681 3842 iniuriam
701 3767 870 3843 humiliat
887 3789 927 3843 se
944 3766 1115 3842 iniuriam
1131 3773 1296 3862 paemen
1309 3767 1455 3841 veniam
1470 3767 1575 3863 petiti

403 3887 500 3961 unde
517 3885 725 3982 dicitquod
742 3888 788 3962 ad
807 3888 1015 3962 humiliatos
1032 3894 1149 3964 cesset
1166 3885 1233 3980 ira,
1253 3907 1364 3962 canes
1380 3889 1577 3964 ostendunt

401 4007 464 4102 qui
483 4028 556 4082 non
578 4008 747 4084 mordent
771 4009 984 4083 inclinantes
1001 4029 1042 4084 se
1058 4009 1136 4083 sibi.
1154 4007 1260 4082 Modo
1282 4009 1329 4083 ad
1347 4009 1574 4104 propositum

400 4125 458 4201 isti
492 4127 660 4204 iracundi
688 4135 818 4225 petunt
849 4129 993 4204 veniam
1030 4129 1261 4204 humiliantes
1291 4151 1332 4203 se
1365 4130 1469 4226 Agno
1499 4129 1575 4223 liei,

400 4268 513 4344 quem
540 4259 831 4344 provocaverant
852 4250 899 4325 ad
912 4252 1010 4326 iram
1030 4250 1241 4344 irascend03
1260 4250 1322 4344 qui
1348 4249 1477 4346 dgnus
1502 4268 1576 4326 non

400 4376 455 4444 est
472 4369 588 4444 iratus
608 4369 847 4444 inserentibus
871 4371 937 4444 sibi
963 4370 1161 4445 ludibrium
1188 4377 1226 4444 et
1251 4369 1481 4464 supplicium,
1500 4369 1575 4445 imo

399 4491 645 4588 rogabat-pro
673 4489 749 4564 illis.
777 4489 868 4563 llicit
894 4510 1008 4587 ergo:
1034 4493 1070 4564 to
1095 4493 1208 4563 sendo
1227 4509 1322 4580 ooce,
1341 4509 1409 4565 nec
1428 4489 1577 4565 videbat

399 4611 571 4686 iacientes
597 4629 698 4703 eam;
725 4616 763 4685 et
788 4629 876 4685 ecce
897 4609 1054 4684 formam
1074 4609 1267 4686 orationis:
1284 4631 1305 4683 e
1323 4613 1489 4684 ctorem
1502 4630 1575 4704 pu·

398 4753 463 4807 reu
484 4753 622 4825 precor
644 4753 711 4824 per
730 4751 821 4824 pace
853 4748 961 4824 eper
985 4735 1242 4823 momordic,
1264 4751 1350 4826 quae
1374 4738 1460 4806 sunt
1484 4750 1574 4805 con·

399 4852 512 4929 traria
537 4853 614 4945 ire,
639 4852 777 4943 idonei
806 4853 844 4925 dt
877 4855 961 4942 Dio,
987 4850 1123 4927 scilicet
1156 4851 1354 4946 Christum,
1387 4850 1451 4945 qui
1483 4869 1573 4926 vere

402 4993 514 5002 μ...-

461 5039 490 5099 (¹)
505 5039 537 5090 ll.
553 5037 654 5088 laclbrn
669 5043 704 5089 et.
954 5035 983 5100 (Ἴ
999 5037 1030 5088 E.
1047 5038 1098 5088 boc
1113 5043 1169 5088 est!
1188 5037 1260 5088 bico.

465 5117 492 5181 (¹)
508 5115 539 5166 li.
555 5117 754 5179 poleudsslmur,
770 5115 868 5166 scillcet
883 5115 996 5179 quando.
