4542 6842
664 942 744 1018 deo
1023 955 1236 1014 consumar
1253 958 1473 1013 nunoxronu

663 1104 751 1181 lecit
771 1105 864 1179 duos
890 1124 1024 1200 pueros
1051 1102 1224 1178 ludentes
1244 1101 1371 1197 nudos,
1398 1104 1461 1199 qni
1494 1104 1652 1179 iirernnt'
1681 1103 1848 1178 innixio

664 1224 731 1299 Titi
756 1225 999 1321 imperatoris,
1025 1246 1100 1319 quo
1125 1244 1239 1319 opere
1265 1224 1410 1298 nullum
1428 1225 1624 1321 perfectius
1645 1216 1757 1299 multi
1776 1226 1849 1320 j'uu·

664 1342 896 1439 dicaverunt3
915 1344 1013 1419 unde
1030 1346 1125 1418 dano
1142 1344 1625 1425 scientiamconsummasse
1637 1344 1836 1440 judicatur:

664 1466 741 1563 ligo
766 1472 892 1541 autem
922 1466 992 1539 vidi
1018 1465 1210 1540 Florentiae
1235 1465 1272 1538 in
1298 1464 1409 1540 domo
1429 1464 1570 1560 priuata
1587 1472 1747 1542 statuam
1766 1464 1840 1541 Ve-

666 1586 763 1661 neris
787 1585 834 1661 de
860 1606 1047 1661 marmore
1074 1586 1280 1660 mirabilem
1306 1586 1343 1659 in
1369 1606 1415 1661 eo
1440 1586 1566 1659 nabitu
1591 1586 1627 1659 i'n
1648 1607 1724 1681 quo
1750 1586 1847 1661 olim»

525 1804 528 1811 Δ
665 1702 884 1804 pingebatur
903 1708 1035 1782 Venus
1054 1706 1142 1780 Erat
1159 1706 1257 1781 enim
1280 1707 1415 1781 mulier
1441 1706 1702 1800 speciosissima
1727 1709 1836 1801 undu,

664 1834 793 1902 tenens
820 1848 973 1903 manum
991 1828 1175 1902 sinistram
1200 1826 1245 1902 ad
1272 1827 1453 1923 pudenda,
1472 1827 1662 1904 dexteram
1684 1848 1775 1903 vero
1791 1826 1846 1902 ad

667 1946 896 2041 mammillas,
923 1958 960 2024 et
984 1946 1174 2023 dicebatur
1199 1966 1280 2021 esse
1305 1968 1398 2042 opus
1429 1946 1613 2043 Polycleti,
1640 1946 1746 2041 quod
1766 1968 1839 2021 non

666 2070 788 2163 credo,
821 2069 908 2163 quia
942 2078 984 2145 ut
1009 2066 1146 2145 dictum
1181 2077 1240 2144 est·
1262 2067 1468 2164 Polycletus
1500 2068 1649 2164 sculpsit
1683 2068 1719 2141 in
1752 2088 1839 2161 aere3

665 2210 739 2264 non
769 2189 804 2262 in
836 2208 1034 2263 marmore.
1064 2188 1151 2263 ideo
1183 2187 1336 2264 ulterius
1361 2189 1446 2262 volo
1479 2198 1516 2264 te
1545 2195 1687 2281 notare,
1714 2188 1849 2281 lecton.

666 2310 764 2404 quod
790 2319 897 2405 poeta
925 2320 1048 2385 noster
1074 2309 1168 2386 lorte
1195 2308 1325 2383 melius
1351 2319 1393 2385 et
1413 2309 1531 2405 magis
1556 2309 1704 2405 proprie
1729 2304 1850 2383 dixis·

666 2441 724 2508 set
746 2430 946 2506 Praxiteles
971 2450 1083 2523 qnam
1111 2429 1329 2526 Polycletus,
1355 2430 1442 2523 qnia
1468 2440 1511 2505 ut
1534 2430 1620 2506 dicit
1644 2429 1741 2506 idem
1768 2430 1842 2503 Pli-

649 2551 760 2645 'niirs,
787 2550 988 2625 Praxiteles
1013 2548 1081 2626 litii
1106 2569 1295 2624 marmore
1321 2549 1478 2644 felicior,
1497 2550 1579 2626 ideo
1599 2550 1735 2625 clarior
1761 2550 1838 2627 mic.

666 2672 867 2747 Praxiteles
893 2691 983 2767 ergo
1014 2690 1204 2744 marmore
1234 2668 1444 2747 nobilitatus
1476 2670 1560 2745 lecit
1591 2691 1703 2766 opera
1736 2671 1848 2765 quasi

666 2791 909 2885 incredibilia,
932 2792 1026 2867 inter
1051 2790 1121 2864 alia
1147 2790 1234 2867 iecit
1249 2791 1429 2865 Venerem
1450 2800 1560 2867 tantae
1576 2791 1840 2886 pulcritudinis,

669 2912 933 3007 quodquidam
957 2910 1103 3005 juvenis
1124 2910 1262 2984 furioso
1280 2930 1410 2984 amore
1431 2910 1545 3005 ipsam
1567 2912 1783 3004 maculavit;
1804 2918 1847 2986 et

669 3034 774 3107 multi
800 3032 846 3107 de
870 3031 1022 3107 diversis
1042 3032 1208 3126 partibus
1227 3030 1496 3127 navigaverunt
1512 3031 1562 3105 ad·
1577 3032 1733 3106 insulam
1755 3032 1844 3107 Gni-

668 3153 753 3248 don,
781 3153 843 3227 uhi
868 3159 948 3227 erat
973 3152 1039 3226 ista
1064 3156 1191 3226 statua·
1213 3171 1280 3246 pro
1304 3171 1349 3225 ea
1377 3149 1547 3225 videnda:
1573 3157 1612 3227 et
1638 3174 1701 3227 rex
1735 3154 1843 3228 Nico=

668 3275 794 3351 medes
813 3273 927 3349 voluit
944 3272 1088 3347 solvere
1104 3272 1227 3346 omnia
1244 3271 1364 3347 debita
1381 3271 1610 3367 Gnidiorum,
1629 3294 1714 3368 qnae
1732 3282 1843 3349 erant

643 3395 842 3490 maxima,
869 3414 935 3487 pro
969 3392 1028 3467 illa
1061 3391 1241 3479 habenda,
1267 3391 1330 3467 sed
1362 3412 1436 3465 non
1461 3392 1578 3487 potuit
1603 3394 1846 3469 obtinere.-

670 3516 833 3605 L'anoet.
860 3512 924 3585 llic
951 3517 1057 3606 poeta
1085 3510 1208 3607 incipit
1232 3510 1441 3586 describere
1463 3520 1568 3587 aetus
1590 3534 1747 3589 summae
1772 3517 1844 3588 ilu-

672 3634 840 3727 militatis,
855 3639 891 3708 et
905 3633 1023 3728 primo
1036 3632 1379 3707 excellentissimam
1393 3632 1561 3706 omnium
1581 3634 1842 3729 humilitatum,

670 3774 755 3850 quae
781 3772 986 3846 numquam
1014 3752 1143 3826 habuit
1168 3771 1294 3846 parem
1327 3772 1395 3826 nec
1419 3752 1558 3827 habere
1582 3760 1712 3847 potest,
1739 3753 1842 3829 vide-

670 3875 754 3950 licet
779 3874 877 3969 quod
904 3874 998 3947 fliius
1024 3872 1087 3948 Dei
1114 3873 1228 3948 luerit
1242 3872 1435 3947 inclinatus
1454 3880 1596 3947 tandum
1615 3873 1707 3948 iolla
1734 3882 1845 3949 uatu-

659 4016 751 4071 -ram
779 4016 885 4070 suam
912 3994 1195 4071 excelsissimam
1207 3988 1245 4085 (¹)
1262 3993 1309 4067 ad
1325 3992 1583 4067 assumendam
1603 4012 1754 4069 carnem
1773 3996 1844 4068 hn-

673 4137 819 4190 manam
837 4114 1045 4189 vilissimam
1059 4134 1104 4189 ex
1120 4114 1270 4188 loemina
1290 4111 1494 4188 humillima
1510 4114 1698 4209 omnium,
1713 4120 1750 4190 et
1768 4116 1851 4210 ipse·

671 4236 833 4311 Christus
859 4236 895 4308 in
921 4235 1022 4309 omni
1048 4234 1163 4309 verbo
1189 4240 1226 4309 et
1250 4254 1374 4329 opere,
1394 4234 1433 4307 in·
1453 4234 1527 4309 vita
1546 4242 1584 4309 et
1602 4242 1724 4311 morte
1745 4256 1846 4310 sem·

672 4378 737 4456 per
763 4355 830 4435 luit
856 4354 1081 4429 humillimus
1096 4346 1146 4449 (¹),
1178 4354 1227 4428 ita
1257 4354 1357 4447 quod
1389 4374 1536 4428 summa
1566 4354 1753 4428 humilitas
1777 4355 1853 4428 lixit

664 4478 709 4553 in
734 4476 875 4552 Christo
902 4482 938 4550 et
963 4474 1084 4550 Maria.
1122 4474 1214 4549 Dicit
1244 4494 1359 4570 ergo:
1392 4478 1431 4546 ι’
1444 4478 1567 4567 coycti
1595 4474 1741 4569 scilicet,
1772 4476 1852 4550 Ga*

555 4638 562 4655 ·
671 4598 775 4692 briei,
802 4600 861 4671 cde
885 4617 993 4671 venne
1015 4601 1053 4669 in
1079 4604 1178 4669 terro
1202 4598 1260 4669 coi
1281 4598 1415 4669 decreto
1440 4597 1533 4670 delita
1557 4598 1655 4669 ntotti
1679 4600 1766 4669 anni
1789 4600 1854 4670 lm

672 4724 826 4813 minato
851 4740 952 4813 pace,
987 4716 1089 4810 idest,
1116 4716 1403 4813 lacrymabiliter
1431 4716 1633 4791 desiderata
1665 4724 1702 4792 et
1726 4718 1848 4813 suspi-

674 4848 752 4915 rata
779 4859 801 4913 a
827 4838 959 4911 sanctis
984 4836 1149 4932 patribus
1179 4856 1247 4931 per
1272 4837 1388 4910 multa
1413 4836 1536 4912 secula
1560 4857 1756 4911 annorum.
1776 4836 1848 4911 dlii

736 5106 762 5171 (⁸)
778 5106 808 5155 E.
824 5103 1075 5155 excellentissimam.
1264 5100 1292 5163 l'i
1309 5106 1363 5162 ¹¹⁷»
1380 5103 1494 5154 humill*
