4542 6842
721 960 791 1029 tre
1079 973 1285 1031 couuuruu
1309 975 1530 1031 ruuunaoau

718 1115 897 1192 diffideret
922 1118 1082 1213 potentia
1112 1140 1198 1213 sua3
1229 1120 1293 1197 sed
1323 1072 1384 1195 ille
1414 1125 1579 1194 mutatus
1610 1138 1695 1193 cum
1728 1089 1887 1210 iorluua,

580 1300 585 1309 .
718 1234 938 1313 obtruncato
950 1239 1143 1335 Polydoro,
1156 1240 1278 1334 rapuit
1292 1246 1655 1335 aurum3pr0pterea
1668 1238 1888 1311 Eneasuou·

718 1357 815 1431 sulto
841 1359 989 1433 recessit
1013 1359 1059 1433 de
1083 1360 1262 1435 scelerata
1279 1368 1389 1435 terra.
1407 1360 1501 1433 Dicit
1516 1378 1607 1455 ergo
1625 1359 1747 1454 ilugor
1768 1379 1787 1429 e
1816 1362 1890 1429 Po-

719 1479 873 1567 tiacstor,
899 1477 1056 1552 crudelis
1090 1498 1155 1553 rex
1186 1479 1344 1553 crudelis
1358 1473 1394 1572 (¹)
1425 1480 1555 1575 gentis,
1588 1481 1768 1551 clt’uacrhc
1791 1480 1890 1551 Poli-

719 1599 822 1688 doro,
832 1618 898 1692 per
911 1597 1101 1672 avaritiam
1112 1600 1290 1694 juvenem
1305 1600 1535 1675 innocentem
1549 1604 1749 1694 cognatum
1763 1617 1889 1689 suum,

719 1722 802 1809 phu
827 1725 909 1791 tutto
922 1720 948 1789 'l
970 1726 1096 1808 mone,
1114 1726 1282 1793 cantatus
1306 1740 1330 1793 a
1354 1718 1457 1793 nobis
1475 1738 1542 1813 per
1566 1724 1684 1793 totum
1706 1717 1889 1791 circulum

720 1836 757 1910 in
770 1836 917 1910 infamia
931 1836 1042 1931 ipsius
1055 1837 1538 1913 avaritie-waimarum.
1552 1838 1617 1913 llic
1635 1836 1764 1911 ultimo
1782 1837 1890 1930 liuga

719 1956 871 2030 infamat
888 1956 1143 2031 avarissimum
1162 1959 1365 2051 homiuum,
1377 1957 1442 2051 qui
1454 1958 1655 2053 justissime
1672 1956 1739 2031 luit
1761 1976 1891 2051 poenas

720 2078 883 2153 avaritiae
907 2079 944 2152 in
962 2079 1175 2173 exemplum
1192 2080 1360 2153 omniurn
1377 2078 1584 2174 principum
1604 2098 1817 2152 avarorum.
1835 2074 1889 2149 Ad

720 2197 819 2291 quod
844 2197 943 2271 clare
968 2198 1242 2294 intelligendum
1268 2205 1324 2273 est
1348 2198 1538 2273 sciendum
1553 2188 1605 2290 (²),
1621 2196 1720 2291 quud
1737 2196 1892 2271 Crassus

720 2315 847 2393 consul
866 2337 1042 2392 romanus
1055 2318 1326 2412 potentissimus
1338 2318 1478 2414 collega
1491 2318 1641 2412 Pompei
1658 2318 1769 2390 homo
1783 2316 1892 2389 inau-

721 2436 805 2511 ditae
831 2438 1005 2531 araritiae,
1024 2458 1068 2513 eo
1090 2445 1256 2532 tempore
1276 2459 1351 2532 quo
1371 2437 1494 2512 Gaesar
1514 2436 1786 2513 confoederatus
1802 2455 1891 2509 cum

722 2564 883 2651 utro'que
901 2558 979 2653 Jam
1004 2558 1128 2631 multis
1145 2559 1250 2633 anuis
1274 2558 1370 2634 bella
1390 2565 1553 2655 gesserat
1570 2557 1607 2630 iu
1623 2555 1749 2651 Gallia,
1770 2554 1835 2629 irit
1854 2553 1892 2629 iu

723 2676 903 2753 orientem
930 2686 1057 2753 contra
1083 2679 1232 2773 parthos
1256 2698 1343 2751 curu
1369 2676 1590 2753 nobilissimo
1615 2674 1793 2767 exercitu,
1810 2695 1893 2749 ma-

722 2797 778 2895 gis
803 2819 867 2893 spa
891 2800 1055 2894 pecunias
1081 2820 1194 2892 quam
1214 2800 1451 2895 gloriae3‘qui,
1474 2807 1515 2873 ut
1532 2796 1744 2873 brevissime
1760 2796 1894 2888 dicam,

722 2938 808 2992 cum
821 2908 857 3011 (³)
872 2920 1058 2993 transisset
1069 2919 1293 3014 Euphratem
1310 2925 1438 2993 contra
1456 2924 1561 3013 pacta
1578 2916 1740 3012 Pompei,
1758 2915 1823 3010 qui
1840 2915 1895 2988 le·

724 3044 826 3111 uerat
850 3036 1004 3111 fluvium
1031 3037 1133 3110 illum
1158 3058 1334 3133 magnum
1353 3058 1433 3113 esse
1451 3036 1652 3112 terminum
1669 3034 1812 3131 imperii
1832 3054 1896 3109 ro-
1964 3100 1967 3103 ,

724 3177 920 3231 manorum
954 3164 991 3231 et
1022 3140 1251 3251 parthorum,
1277 3156 1552 3233 circumventus
1580 3163 1637 3231 est
1665 3156 1813 3229 incaute
1847 3153 1897 3227 ah

724 3275 861 3351 infinita
880 3276 1111 3351 multitudine
1128 3278 1357 3371 parthorum,
1376 3284 1413 3352 el
1429 3276 1629 3369 infeliciter,
1643 3275 1764 3351 deleto
1784 3294 1896 3349 exer-

724 3396 810 3489 citu,
824 3396 965 3471 occisus
982 3403 1037 3471 est
1055 3396 1090 3469 in
1108 3396 1256 3491 proelio:
1273 3397 1380 3471 cuius
1396 3403 1507 3491 caput
1519 3396 1719 3471 abscissum
1739 3395 1895 3469 affixum

723 3523 779 3591 est
793 3502 830 3607 (⁴)
857 3516 982 3609 haste,
1001 3522 1038 3589 et
1063 3521 1248 3610 portatum
1267 3515 1362 3590 intra
1383 3515 1567 3590 civitatem
1589 3516 1804 3607 carrarum,
1832 3512 1897 3587 uhi

723 3657 860 3711 aurum
887 3635 1122 3730 liquefactum
1152 3636 1312 3709 inlusum
1338 3643 1393 3710 est
1418 3636 1456 3709 iu
1472 3656 1514 3711 os
1535 3636 1616 3711 eius
1635 3655 1723 3709 cum
1744 3635 1813 3709 hac
1830 3654 1899 3707 ex-

724 3756 980 3851 probratione:
1007 3762 1143 3829 Aurum
1158 3758 1415 3845 statutarum
1434 3756 1517 3828 ute.
1537 3756 1580 3829 lit
1604 3759 1707 3829 certe
1731 3752 1800 3827 ista
1820 3750 1899 3825 sitis

724 3896 859 3972 magna
884 3876 1043 3951 extincta
1069 3882 1124 3951 est
1148 3876 1327 3971 sanguine
1357 3874 1414 3947 sui
1439 3882 1478 3949 et
1502 3874 1623 3950 Crassi
1649 3872 1709 3947 lilii
1740 3874 1797 3947 sui
1829 3893 1899 3949 uc-

725 3996 805 4070 hilis
824 3994 1061 4070 adulescentis
1087 4002 1123 4069 et
1150 3994 1321 4069 undecim
1350 3994 1661 4089 pulcerrimarum
1694 3994 1897 4089 legionum.

616 4110 621 4121 “
725 4116 817 4193 Dicit
842 4116 931 4215 ergo
957 4116 1084 4212 liugor
1114 4119 1347 4189 tlttiurameutc
1363 4119 1396 4188 ci
1415 4117 1589 4206 merida:
1614 4136 1637 4187 o
1665 4118 1817 4188 cresso:
1842 4114 1901 4189 lo·

725 4238 852 4331 quitur
876 4236 923 4312 de
947 4238 1068 4310 Marco
1093 4235 1224 4309 Crasso
1250 4234 1425 4309 ditissimo
1452 4234 1697 4310 romanorum
1716 4242 1799 4330 post
1815 4234 1901 4331 Syl-

681 4364 684 4371 ’
725 4350 811 4451 lam,
837 4357 912 4451 qui,
940 4362 980 4429 ut
1004 4354 1089 4429 dicit
1113 4354 1260 4448 Plinius,
1286 4354 1439 4449 dicebat,
1457 4376 1531 4430 uon
1553 4375 1636 4431 esse
1660 4354 1810 4431 divitem
1830 4355 1900 4431 nisi

725 4478 788 4571 qui
806 4476 949 4552 redditu
967 4496 1091 4549 annuo
1109 4481 1230 4568 posset
1246 4480 1375 4549 tenere
1392 4475 1575 4572 legionem
1595 4475 1632 4549 in
1649 4474 1807 4570 campis3
1828 4494 1903 4551 uec

726 4598 795 4671 lhit
809 4588 845 4690 (ὖ)
865 4595 951 4671 satis
977 4594 1043 4668 nisi
1068 4601 1186 4667 tolum
1205 4594 1423 4689 parthorum
1439 4595 1622 4671 esurisset
1638 4590 1799 4671 aurum:
1816 4598 1905 4671 rlilci

725 4713 825 4790 ott’r
846 4716 913 4806 sai,
938 4716 976 4787 di
999 4714 1058 4787 cte
1082 4733 1212 4805 sapore
1235 4708 1257 4786 c*
1278 4716 1301 4785 l'
1313 4735 1395 4804 oro,
1418 4714 1507 4807 quia
1524 4723 1701 4810 expertus
1723 4736 1777 4808 es,
1796 4722 1836 4791 et
1861 4723 1905 4791 ut

787 4937 815 4998 (ί)
830 4936 862 4987 tt.
878 4936 1062 4986 masticina
1078 4938 1168 4999 gettha
1400 4936 1428 4997 l')
1444 4940 1500 4993 11⁷.
1515 4938 1669 4989 mindun.

789 5012 816 5075 (¹)
832 5012 863 5062 li.
878 5024 939 5061 uum
955 5013 1074 5063 lnlrmsm
1090 5012 1259 5075 Euphratem·
1398 5011 1427 5075 (Ἴ
1442 5013 1474 5065 E.
1489 5018 1530 5063 est
1543 5014 1624 5077 ulpici
1639 5026 1688 5065 sen
1703 5014 1793 5067 Ιῖυῖο.

789 5088 816 5151 (⁸)
832 5088 863 5138 li.
878 5100 927 5137 nec
942 5087 993 5139 luit
1007 5088 1031 5139 ei
1047 5088 1115 5139 min.
