4542 6842
703 938 773 1005 llo
1063 948 1267 1003 couunruu
1291 949 1510 1004 runonronn

699 1328 866 1397 CANTUS
889 1327 1088 1407 QUINTUS,
1111 1330 1148 1393 in
1169 1349 1230 1411 quo
1253 1334 1371 1395 tractat
1399 1329 1438 1395 de
1466 1330 1634 1413 spiritibus
1661 1328 1789 1393 sitorum
1818 1330 1875 1413 qui

776 1444 908 1525 sucmnt
928 1442 1088 1523 interfecti
1115 1441 1174 1507 sub
1204 1442 1295 1507 tinto
1324 1441 1501 1521 tardiorum,
1531 1447 1561 1507 et
1589 1442 1727 1506 mammo
1754 1441 1875 1506 domini

782 1552 956 1618 Guztlictmi
978 1553 1017 1618 de
1038 1552 1145 1633 Furto,
1161 1554 1215 1635 qui
1237 1573 1307 1618 cum
1326 1552 1435 1618 Dante
1460 1553 1560 1619 muta
1581 1554 1734 1631 recitavit,
1764 1558 1795 1617 ct
1816 1553 1873 1619 rub

780 1664 870 1730 tituto
893 1664 1076 1742 Reverentia,
1100 1670 1130 1729 el
1152 1664 1192 1729 dc
1211 1664 1302 1729 modo
1328 1684 1396 1730 arce
1416 1666 1544 1745 mortim
1568 1665 1656 1729 etin
1679 1665 1743 1745 fine
1765 1664 1874 1748 utiquo

752 1794 849 1841 *cum
871 1776 905 1842 lu
926 1776 993 1842 Pia
1014 1777 1053 1841 dc
1075 1776 1166 1843 Senis
1187 1776 1341 1842 recitavit.

776 2068 854 2235 Io
869 2185 942 2236 nm
960 2156 1022 2255 piri
1038 2168 1087 2238 du
1104 2167 1212 2256 quelle
1228 2166 1348 2238 ombrc
1362 2168 1506 2257 partito.
1533 2164 1730 2257 Postquam
1750 2162 1786 2235 in
1806 2184 1871 2237 su·

701 2284 838 2381 periori
862 2284 1022 2379 capitulo
1043 2286 1213 2380 proxime
1228 2284 1449 2379 praecedenti
1468 2291 1574 2377 pocta
1596 2291 1718 2357 noster
1739 2288 1874 2361 tracta-

702 2407 754 2481 vit
778 2414 816 2481 ct
839 2406 1096 2481 determinavit
1121 2405 1168 2480 de
1194 2406 1302 2485 tertia
1327 2406 1447 2500 specie
1468 2403 1730 2501 negligentium
1756 2402 1874 2499 poeni-

702 2526 853 2603 tentiam
887 2527 965 2599 sola
993 2524 1139 2621 pigritia
1172 2525 1342 2618 naturali,
1373 2546 1473 2599 nunc
1501 2531 1770 2618 consequenter
1799 2524 1874 2621 agit

693 2660 739 2726 et
765 2654 897 2722 tractat
912 2647 960 2721 de
975 2654 1107 2741 quartu
1134 2646 1255 2742 specie
1276 2666 1423 2740 eorum,
1442 2646 1506 2741 qui
1526 2646 1747 2720 distulerunt
1767 2665 1873 2719 suam

703 2767 980 2843 conversionem
1007 2767 1054 2841 ad
1078 2767 1197 2841 Deum
1224 2767 1400 2861 praeventi
1428 2773 1549 2841 morte
1571 2766 1738 2840 violenta.
1757 2764 1800 2837 Et
1818 2770 1875 2837 to·

704 2896 785 2963 tum
811 2888 907 2961 istud
932 2888 1132 2982 capitulum
1160 2887 1329 2981 quintum
1351 2886 1524 2960 dividitur
1548 2886 1585 2959 in
1611 2892 1773 2980 quatuor
1790 2904 1875 2979 par-

705 3016 760 3085 tes
782 3008 983 3104 generales.
1001 3008 1040 3081 ln
1058 3007 1177 3102 primo
1194 3026 1356 3105 quarum
1374 3013 1479 3101 poeta
1498 3006 1543 3080 ad
1561 3006 1873 3100 complementum

704 3134 881 3204 tractatus
906 3126 1143 3222 precedentis
1168 3126 1339 3201 describit
1364 3126 1558 3221 specialem
1585 3132 1711 3201 actum
1741 3144 1874 3219 supra-

703 3248 885 3323 dictnmm
911 3245 1121 3320 animarum
1147 3267 1237 3342 erga
1263 3266 1314 3339 se,
1335 3254 1372 3321 et
1397 3246 1454 3320 sul
1479 3266 1568 3343 erga
1595 3246 1674 3321 illos
1703 3266 1789 3320 curn
1816 3245 1872 3317 in-

703 3367 913 3463 crepatione
929 3365 1078 3463 Virgilii.
1096 3365 1136 3439 ln
1154 3366 1315 3441 secunda
1336 3366 1507 3442 describit
1524 3373 1694 3461 quartam
1712 3365 1871 3461 speciem

701 3490 912 3563 animorum
946 3488 1197 3583 relegatorum
1228 3492 1334 3561 extra
1366 3486 1635 3583 purgatorium,
1661 3494 1698 3561 ct
1730 3504 1873 3559 morem

702 3630 834 3685 earum
850 3608 898 3682 ad
915 3629 966 3703 se,
984 3608 1055 3682 ibi:
1072 3614 1106 3681 Ε
1118 3610 1263 3681 intanto.
1290 3608 1332 3680 ln
1357 3606 1464 3681 tertia
1485 3605 1655 3681 describit
1674 3605 1712 3679 in
1729 3604 1875 3701 speciali

702 3728 865 3804 animam
891 3728 1001 3801 unius
1027 3727 1193 3802 moderni
1220 3728 1282 3821 qui
1308 3734 1435 3801 narrat
1466 3726 1617 3801 modum
1643 3746 1720 3800 suae
1748 3724 1876 3798 mortis

703 3850 885 3942 violente,
898 3848 966 3922 ibi:
984 3856 1030 3923 m
1043 3870 1114 3922 uno
1130 3840 1346 3923 incontincid.
1366 3850 1405 3922 ln
1423 3854 1555 3943 quarta
1573 3846 1744 3921 describit
1760 3846 1875 3920 alium

704 3971 872 4066 spiritum
900 3970 1132 4063 modernum,
1154 3970 1217 4063 qui
1236 3975 1361 4044 narrat
1380 3969 1535 4042 lormam
1553 3988 1632 4042 suae
1651 3967 1778 4042 mortis
1796 3966 1875 4041 vio-

704 4094 812 4167 lentae
837 4098 875 4166 et
899 4092 1099 4186 sepulture
1119 4090 1323 4187 incognite,
1343 4090 1410 4163 ibi:
1431 4093 1495 4163 Poi
1514 4093 1605 4163 dtur
1626 4111 1673 4161 un
1698 4092 1802 4162 ultro.
1821 4087 1874 4161 Ad

704 4213 867 4309 primum
894 4213 1044 4287 veniens
1068 4212 1161 4305 dico,
1187 4211 1285 4305 quod
1311 4219 1418 4307 poeta
1450 4210 1495 4284 nd
1526 4210 1727 4305 pleniorem
1754 4208 1875 4304 perle-

703 4334 862 4408 ctionem
889 4333 1004 4430 tangit
1028 4332 1149 4408 adbuc
1173 4332 1309 4426 aliquid
1327 4332 1374 4406 de
1391 4331 1544 4405 materia
1563 4330 1781 4425 supradicta.
1800 4332 1874 4405 Nec

704 4454 873 4529 ridentur
898 4454 961 4528 tibi
988 4454 1217 4549 superfluum
1243 4453 1273 4526 si
1298 4458 1406 4547 poeta
1438 4451 1589 4525 reflectit
1619 4472 1659 4525 se
1683 4450 1728 4525 ad
1755 4459 1875 4525 mate-

704 4574 797 4647 riam
823 4578 1104 4668 pertractatam3
1123 4594 1208 4647 nam
1235 4572 1264 4647 si
1291 4574 1360 4645 boc
1387 4592 1459 4645 non
1486 4571 1638 4665 lecisset,
1659 4571 1751 4645 ordo
1768 4571 1875 4646 datus

703 4695 897 4771 videbatur
922 4694 1169 4788 imperfectus,
1187 4694 1272 4789 qula
1300 4714 1366 4790 per
1384 4699 1503 4767 totum
1522 4692 1705 4767 internum
1728 4714 1801 4767 non
1819 4691 1875 4764 in-

704 4815 805 4889 venit
837 4822 975 4889 sectam
1005 4814 1181 4909 aliquam,
1211 4834 1296 4908 quae
1327 4834 1402 4887 non
1435 4813 1635 4887 miraretur
1666 4812 1765 4905 quod
1799 4811 1877 4907 ipse

704 4936 811 5010 rivus
836 4936 906 5009 iret
923 4956 990 5030 per
1006 4941 1146 5010 terram
1169 4942 1420 5027 mortuorum;
1438 4942 1476 5009 ct
1502 4933 1589 5008 illud
1616 4934 1711 5009 idem
1739 4933 1875 5029 reperit

706 5054 743 5129 in
765 5055 978 5150 purgatorio
1003 5056 1208 5149 hucusque.
1228 5054 1270 5127 Et
1292 5054 1377 5148 quia
1395 5053 1441 5128 de
1458 5053 1700 5129 admiratione
1720 5053 1874 5129 istorum
