4542 6842
722 998 863 1054 cunnus
888 999 1045 1056 nummus
1069 1000 1247 1067 ouranos.
1490 989 1568 1057 ὅτι

392 1152 447 1223 est
463 1147 582 1220 multo
598 1145 748 1221 brevius
764 1146 942 1242 spatium3
960 1167 1048 1222 uam
1061 1146 1197 1242 Arnus,
1210 1147 1274 1243 qui
1292 1147 1455 1224 nascitur
1472 1148 1568 1224 iorte

393 1287 459 1364 per
485 1265 611 1363 viginti
646 1265 813 1342 milliaria
847 1267 1004 1363 iongea
1033 1267 1231 1364 Florentia,
1265 1269 1478 1345 retroflectit
1514 1290 1568 1363 se,

393 1393 431 1463 et
456 1384 725 1481 retrograditur
751 1406 817 1481 per
843 1387 960 1462 multa
985 1388 1112 1483 spatia.
1131 1388 1174 1462 Et
1194 1389 1299 1464 dicit:
1317 1392 1356 1464 di
1374 1393 1470 1462 soor‘
1479 1411 1571 1483 erro,

393 1505 529 1582 scilieet
553 1505 706 1581 flumine
730 1505 828 1600 apud
856 1505 1090 1603 Florentiam,
1114 1511 1210 1582 racd
1221 1512 1271 1600 io,
1296 1508 1388 1583 idest
1412 1508 1568 1605 portavi,

394 1633 514 1718 questo
532 1645 701 1718 pesona.
728 1625 773 1698 Et
796 1625 967 1700 seeundae
992 1628 1087 1721 parti
1111 1627 1294 1723 petitionis
1319 1649 1394 1703 nou
1418 1650 1571 1725 respou-

395 1745 457 1820 det
491 1744 573 1838 quis
605 1744 662 1838 sit,
702 1743 766 1820 sed
801 1752 954 1820 excusat
982 1765 1034 1839 se,
1068 1746 1211 1822 dioeus:
1244 1751 1339 1822 daei
1370 1751 1470 1822 ot'o‘o
1502 1751 1571 1840 sio,

394 1866 490 1939 serto
508 1865 679 1956 partam·
702 1865 872 1956 ὺιάαηιο,
898 1873 935 1940 et
952 1885 1039 1941 eece
1064 1886 1228 1963 eausam,
1254 1870 1314 1942 cde
1332 1871 1359 1942 ’t
1380 1889 1484 1942 nome
1500 1871 1571 1942 mio

395 2005 508 2058 orneor
520 1987 626 2058 molto
642 2005 715 2058 nou
729 2005 865 2078 ramno5
882 1986 988 2079 quasi
1005 1985 1119 2061 dieat:
1139 1987 1260 2062 adhuc
1277 2009 1350 2063 nou
1370 2009 1456 2062 sum
1473 1989 1571 2062 mul-

395 2113 476 2178 tum
501 2103 675 2200 famosus,
696 2105 761 2180 sed
786 2106 858 2180 cito
883 2126 948 2181 ero
974 2127 1040 2202 per
1065 2106 1131 2182 Dei
1156 2107 1327 2204 gratiam,
1349 2109 1418 2183 hoc
1442 2108 1574 2183 itinere

393 2224 568 2321 perfeeto.
594 2225 639 2298 Et
664 2245 797 2300 verum
823 2226 929 2322 dieit3
950 2248 1037 2302 nam
1055 2234 1143 2302 aute
1168 2227 1264 2302 istud
1289 2250 1382 2324 opus
1398 2249 1473 2303 nou
1490 2235 1571 2304 erut

394 2352 503 2420 notus
521 2345 633 2439 ¹quasi
658 2345 726 2420 nisi
748 2345 842 2420 inter
867 2367 966 2440 suos,
991 2346 1055 2422 sed
1071 2367 1185 2443 opere
1203 2348 1388 2443 publicato
1404 2348 1570 2424 eelebra-

395 2475 455 2540 tus
479 2464 548 2539 init
573 2485 640 2561 per
665 2469 781 2542 totam
805 2467 957 2542 ltaliam.
984 2468 1029 2541 Et
1054 2468 1187 2563 subdit,
1213 2468 1312 2563 quod
1339 2468 1401 2543 ille
1424 2469 1574 2564 spiritus

396 2585 518 2660 statim
544 2585 805 2681 interpretatus
829 2594 885 2662 est
909 2588 1049 2662 dictum
1081 2609 1205 2682 suum,
1234 2587 1377 2664 diceus:
1403 2593 1482 2682 quet
1514 2593 1574 2665 cde

397 2707 496 2780 diaeo
514 2709 651 2799 primo,
682 2706 818 2782 scilieet
851 2706 980 2803 Guido,
1006 2711 1055 2782 mi
1084 2711 1219 2801 rirpore
1247 2711 1381 2782 attora:
1413 2716 1449 2782 ta
1473 2713 1575 2802 porti

399 2828 549 2917 d'Arno,
575 2846 622 2901 er
654 2826 947 2923 circumstantiis,
979 2850 1016 2902 se
1044 2829 1127 2901 bene
1156 2849 1324 2919 oecoruo,
1355 2827 1458 2924 idest,
1483 2850 1572 2905 oon·

400 2945 505 3040 cipio,
532 2949 555 3018 l’
567 2949 811 3022 interrdimerrto
836 2955 908 3038 tuo,
934 2947 1026 3022 idest
1051 2947 1140 3021 iilud
1158 2947 1271 3043 'quod
1297 2947 1476 3045 intelligis,
1505 2970 1572 3023 oon

399 3069 422 3138 l’
434 3068 608 3158 iruetletto,
633 3066 769 3142 seilicet
794 3087 890 3142 meo.

471 3191 505 3260 E
518 3190 541 3260 t’
554 3189 659 3266 ultro
676 3188 748 3262 Ista
765 3193 820 3262 est
839 3187 1002 3262 secunda
1018 3208 1102 3282 pars
1118 3187 1301 3284 generalis
1318 3187 1355 3260 in
1372 3208 1446 3282 qua
1463 3195 1573 3284 poeta

398 3306 484 3382 iacit
507 3306 769 3403 digressionem
786 3307 832 3382 ad
850 3306 1125 3382 describendam
1144 3307 1279 3382 veliem
1295 3307 1383 3380 drni
1400 3328 1487 3382 cum
1505 3310 1575 3384 ha·

397 3407 616 3504 hitatoribus
641 3428 727 3502 suis.
754 3428 798 3502 Et
823 3428 942 3523 primo
964 3428 1161 3504 introducit
1180 3427 1386 3503 seeundum
1405 3429 1574 3523 spiritum

397 3549 462 3645 qui
487 3555 614 3624 movet
638 3548 903 3624 dubitationem
920 3549 1019 3624 socio
1036 3549 1135 3624 eirca
1157 3548 1431 3644 responsionem
1448 3548 1574 3624 liantis

398 3669 463 3765 qui
488 3690 563 3744 non
588 3669 845 3744 nominaverat
868 3668 1030 3764 drnum3
1049 3667 1148 3743 unde
1172 3667 1274 3743 dicit:
1291 3673 1325 3742 Ε
1341 3671 1365 3740 l’
1377 3672 1486 3761 arao,
1506 3669 1576 3744 sci-

399 3789 495 3884 lieet,
520 3789 726 3886 Raynerius
750 3790 797 3865 de
822 3788 984 3883 Galbulo,
1011 3791 1103 3863 druse
1127 3809 1152 3860 o
1177 3791 1238 3880 lai,
1255 3787 1402 3882 seilicet,
1419 3789 1469 3863 illi
1485 3789 1575 3864 Gui-

402 3907 487 3983 doni
513 3908 571 3983 del
597 3908 723 3984 unca:
750 3911 871 4002 questi,
896 3907 1042 4003 scilieet,
1070 3907 1189 3982 incola
1213 3906 1314 4002 Arni,
1341 3901 1469 4000 perciti
1507 3929 1576 3984 ua·

400 4051 511 4121 soora,
545 4049 611 4125 per
642 4028 1007 4104 circumlocutionem
1040 4028 1254 4122 verborum,
1296 4030 1325 4102 it
1357 4030 1503 4103 vooodot
1538 4032 1577 4105 di

402 4153 517 4244 quello
540 4153 675 4242 moero,
701 4147 805 4243 idest,
830 4169 966 4224 nomen
990 4148 1080 4222 Arni
1104 4170 1128 4224 a
1153 4148 1273 4244 simiii,
1294 4171 1368 4242 pur
1397 4153 1574 4225 oom'uom

400 4274 441 4365 so
467 4271 545 4343 dell'
558 4269 697 4342 mrtotti
720 4275 826 4342 rore?
841 4268 935 4343 Nam
963 4287 1023 4343 res
1048 4268 1249 4343 inhonestae
1274 4275 1312 4343 et
1337 4267 1490 4344 infames
1515 4291 1576 4344 so-

402 4392 479 4466 lent
504 4389 618 4465 velari
643 4388 713 4464 sub
737 4388 808 4464 alia
826 4388 946 4463 forma
962 4388 1184 4481 verborum3
1206 4387 1300 4462 sicut
1320 4396 1428 4483 poeta
1451 4396 1577 4466 noster

403 4510 533 4607 pulcre
558 4519 596 4586 et
619 4510 771 4584 honeste
796 4507 880 4582 iacit
904 4508 1038 4582 Inferni
1059 4490 1219 4603 capitulo
1240 4509 1351 4602 XXV,
1370 4509 1434 4582 ubi
1450 4511 1578 4586 voleus

405 4631 596 4706 nominare
621 4627 726 4704 virile
751 4628 976 4721 membrum,
996 4627 1101 4702 dicit:
1128 4633 1179 4702 Lo
1203 4629 1359 4702 memoro
1384 4631 1445 4702 cde
1467 4632 1578 4704 duom

404 4733 500 4845 oeta·
530 4761 568 4827 et
600 4749 694 4825 rma
725 4749 824 4822 xxv
853 4748 1012 4842 capitulo
1042 4749 1421 4846 rurgaorusvorons
1456 4748 1579 4826 uiuere

404 4872 504 4968 quod
529 4890 676 4966 sperma
701 4867 886 4945 deseendit
910 4867 957 4943 ad
983 4868 1180 4963 testiculos,
1210 4853 1316 4944 dicit:
1345 4871 1469 4943 scendo
1492 4869 1580 4946 ov’e'

402 4989 464 5088 pisi
488 4993 542 5066 oet
564 4997 660 5065 turer
683 4993 743 5065 ode
767 4993 866 5084 dtre;
883 4996 921 5064 et
946 4987 996 5064 ita
1021 4990 1068 5064 de
1094 4989 1228 5064 multis.
1246 4990 1292 5064 iit
1308 4989 1409 5086 ponit
1426 5009 1578 5085 respou-

405 5113 546 5190 siouem
571 5111 670 5208 socii,
697 5112 760 5206 qui
785 5111 870 5186 dieit
894 5130 935 5185 se
959 5109 1132 5207 ignorare
1163 5131 1314 5186 eausam
1345 5130 1486 5204 veram,
1512 5112 1576 5188 sed
