4542 6842
721 967 859 1023 caurus
884 968 1042 1024 omnus
1066 967 1245 1034 Qunnrus.
1407 1041 1414 1052 ἱ
1493 949 1564 1018 393

396 1112 543 1206 tissima,
561 1107 833 1206 temporibust)
850 1115 1062 1209 gothorum,
1081 1111 1408 1208 langobardorum,
1421 1115 1459 1184 et
1476 1127 1567 1182 ran·

394 1231 585 1324 datorum3
616 1231 743 1305 habuit
772 1251 869 1327 saepe
899 1253 1028 1328 reges3
1063 1232 1180 1306 muita
1209 1236 1248 1306 et
1276 1251 1410 1326 magna
1436 1227 1564 1324 proeiia

394 1353 476 1430 iacit
493 1358 531 1428 et
547 1351 639 1446 tulit,
653 1351 735 1428 licet
755 1353 862 1428 hodie
885 1353 932 1427 ait
956 1359 1099 1428 tanturn
1116 1351 1290 1458 languida
1310 1357 1349 1425 et
1365 1350 1565 1442 exhaustu

393 1474 457 1550 sud
481 1473 665 1568 decrepita
690 1473 811 1547 amisit
835 1474 932 1548 vires
956 1495 1043 1547 suus
1073 1472 1242 1568 proxima
1273 1471 1431 1547 occasui.
1464 1469 1568 1543 Sicut

394 1595 492 1670 eninr
519 1593 689 1668 scribitur
715 1593 751 1667 in
777 1594 870 1668 libro
894 1593 1083 1668 Chronicae
1113 1593 1310 1686 Ravenna,
1335 1591 1399 1684 qui
1432 1589 1566 1664 dicitur

395 1713 619 1810 pontificalia,
641 1714 815 1787 Ravenna
841 1713 983 1787 condita
1002 1718 1056 1788 est
1073 1733 1095 1786 a
1113 1712 1374 1807 pronepotibus
1391 1712 1469 1784 Noe
1485 1715 1566 1805 poet

394 1833 579 1909 Diluviunr
605 1838 691 1906 ante
715 1832 946 1907 Nativitatem
963 1823 999 1924 (²)
1027 1832 1157 1907 Christi
1174 1851 1241 1927 per
1257 1849 1373 1904 annos
1389 1829 1465 1903 duo
1482 1827 1566 1900 mii·

395 1953 443 2028 lia
460 1951 746 2048 quadringentos
765 1952 961 2047 nonaginta
979 1971 1124 2026 novem.
1137 1951 1243 2040 Quod
1256 1971 1329 2024 non
1343 1948 1466 2041 credo,
1480 1946 1566 2041 quia

394 2071 441 2147 dc
466 2077 540 2146 tam
567 2072 676 2168 ionga
701 2072 916 2165 antiquitate
942 2071 1031 2144 nulii
1056 2077 1208 2146 autores
1233 2068 1447 2162 authentici,
1472 2087 1567 2162 quoa

394 2213 465 2290 ogo
503 2191 669 2286 viderim,
706 2192 843 2286 aliquid
881 2192 1045 2266 scribunt
1063 2181 1112 2283 (³).
1152 2191 1327 2266 Ravenna
1360 2189 1460 2266 enim
1498 2187 1568 2261 tuit

394 2313 535 2388 colonia
565 2313 790 2406 sabinorum,
818 2319 859 2386 ut
883 2313 968 2387 dicit
993 2312 1156 2407 Pliniua;
1188 2320 1227 2387 et
1258 2313 1385 2386 dicunt
1414 2311 1565 2406 quidam

394 2438 589 2529 sequentes
622 2432 830 2526 opinionem
865 2451 1116 2526 communem,
1152 2433 1252 2526 quod
1285 2432 1338 2507 sic
1368 2430 1465 2506 dictu
1497 2437 1565 2526 est,

393 2555 480 2650 quia
515 2552 655 2627 ratibus
680 2553 868 2628 venientes
905 2551 1147 2628 condiderunt
1178 2573 1273 2627 eam.
1307 2553 1387 2626 Non
1426 2552 1565 2625 mirum

394 2695 495 2771 ergo,
521 2674 550 2748 si
576 2679 683 2769 poeta
709 2673 837 2748 nobilis
862 2674 972 2770 elegit
996 2672 1062 2747 sibi
1089 2673 1216 2748 vivere
1246 2679 1284 2748 et
1314 2673 1410 2750 mori
1435 2674 1473 2748 in
1497 2695 1566 2749 no·

394 2795 455 2870 biti
494 2795 652 2889 civitate,
685 2795 747 2868 ubi
780 2795 880 2890 jacet
915 2793 1013 2889 apud
1051 2794 1175 2868 iocum
1207 2794 1391 2868 itinerum
1428 2795 1465 2869 in
1504 2802 1566 2869 tu·

395 2916 498 2988 rnulo
524 2913 629 2988 ratde
652 2913 768 3010 gravi.
800 2915 843 2986 Et
876 2920 977 2988 certo
1007 2913 1153 3010 dignius
1181 2913 1335 3008 quiescit
1363 2914 1498 2990 Dantea
1528 2915 1566 2989 in

395 3039 495 3109 turra
521 3031 665 3108 madida
690 3033 868 3129 sanguine
895 3040 1113 3129 martyrum,
1131 3032 1169 3107 in
1188 3055 1263 3127 qua
1281 3034 1348 3107 tuit
1364 3035 1566 3111 honoratus

397 3153 434 3228 in
459 3153 545 3248 vita,
570 3173 684 3246 quarn
709 3152 746 3226 in
772 3158 872 3227 terra
899 3154 1058 3249 maligna
1083 3159 1121 3228 et
1146 3153 1301 3249 ingrata,
1327 3159 1369 3227 ut
1402 3155 1477 3249 ipse
1501 3157 1565 3250 ait,

394 3272 442 3348 de
458 3293 533 3367 qua
550 3273 677 3347 virens
693 3272 802 3369 digne
817 3260 853 3364 (⁴)
873 3273 989 3347 iactus
1006 3280 1062 3348 est
1079 3275 1177 3347 exui.
1196 3274 1240 3346 Et
1255 3273 1439 3349 concludit
1457 3282 1564 3370 poeta

394 3392 441 3467 de
473 3393 617 3467 duabus
649 3391 792 3466 iamitiis
819 3392 1010 3488 precipuis
1043 3393 1090 3468 de
1122 3394 1321 3468 Ravenna:
1356 3415 1376 3466 e
1411 3397 1567 3468 tuaac

394 3515 527 3585 tattru
551 3519 663 3603 pente,
689 3510 834 3606 scilicet,
860 3531 978 3608 genus
1003 3512 1326 3588 Trarersariorum
1351 3519 1389 3587 et
1411 3514 1567 3588 Anasta·

393 3631 546 3724 aiorunr,
573 3623 781 3720 dducam,
806 3630 891 3724 quia
918 3651 991 3705 non
1016 3638 1117 3706 extat
1143 3633 1261 3706 haerea
1284 3653 1385 3706 suus.
1411 3632 1465 3706 De
1490 3651 1567 3727 quo

393 3749 590 3826 dolendum
617 3757 683 3825 ost.
696 3789 747 3806 -
760 3755 806 3824 Lc
829 3754 954 3824 doum.
980 3751 1045 3826 Hic
1070 3751 1190 3826 Guido
1208 3759 1391 3827 memorat
1406 3759 1509 3849 gesta
1527 3759 1567 3828 et

395 3869 485 3944 testa
509 3869 627 3965 gentis
651 3869 913 3964 Romandioiae,
937 3870 1079 3944 dicens:
1105 3893 1124 3942 e
1148 3875 1291 3963 punam
1319 3873 1510 3945 rimmtro
1535 3863 1567 3946 te

395 3993 510 4066 donne
534 4013 553 4064 e
576 3994 591 4064 i
614 3995 782 4082 curamur,
809 3991 873 4085 qui
902 3992 1007 4065 inuiti
1036 3999 1143 4067 orant
1175 3992 1212 4066 in
1245 3992 1494 4067 Romandioia.
1521 3993 1567 4066 Et

395 4111 457 4186 dat
481 4111 631 4206 singulis
650 4112 770 4187 officia
788 4131 868 4205 sua,
884 4111 1027 4186 dicens:
1044 4115 1096 4203 pti
1111 4116 1284 4204 assuuuic
1301 4115 1353 4204 pti
1369 4116 1444 4204 api,
1460 4112 1565 4207 idest,

356 4251 363 4268 ·
396 4231 570 4306 exercitia
595 4252 799 4326 armorum,
832 4234 983 4308 honesta
1017 4231 1196 4326 convivia,
1226 4232 1394 4328 tripudia,
1424 4239 1462 4307 et
1493 4233 1565 4308 ulia

396 4350 534 4444 solatia,
570 4371 732 4444 quorum
761 4351 885 4445 aliqua
918 4351 1035 4448 magis
1069 4357 1282 4447 competunt
1310 4351 1409 4446 viris,
1442 4353 1566 4447 aimon

398 4471 632 4566 mutieribus;
659 4478 695 4545 ct
719 4469 823 4546 dicit:
849 4475 909 4546 circ
932 4493 977 4544 nc
993 4475 1208 4564 ’coopituoa
1232 4471 1335 4566 idest
1361 4493 1446 4567 quae
1469 4493 1567 4569 prae·

394 4591 489 4667 dicta
523 4577 742 4667 inducebant
776 4613 841 4666 nos
878 4593 914 4666 in
949 4593 1189 4687 voluntatem,
1221 4615 1326 4667 umor
1355 4614 1374 4667 c
1403 4597 1566 4685 cortesiu,

455 4787 482 4848 (¹)
499 4785 530 4835 E.
548 4791 664 4849 ternpore
681 4787 830 4852 gothorum.

455 4860 482 4923 (Ἴ
499 4863 530 4914 E.
545 4867 606 4912 aute
622 4862 785 4914 Nativitatem
796 4863 973 4927 gloriosiuintt
988 4865 1171 4930 Redemptum
1186 4867 1268 4918 noutri
1284 4865 1460 4917 Dominiloau
1469 4863 1564 4918 cunuti

391 4955 440 5005 W
455 4953 676 5077 (agoge-mmm
692 5031 757 5082 quoa
773 5029 823 5080 ego
839 5017 956 5068 viduum
972 5018 1064 5070 saitem
1080 5021 1101 5070 ui
1115 5033 1166 5084 per
1175 5020 1240 5072 ulios
1251 5021 1297 5070 risi
1309 5019 1425 5070 tutu.
1433 5021 1563 5072 haenau.

457 5091 484 5156 (⁸)
501 5091 531 5142 tt.
546 5093 648 5157 indigno
664 5093 749 5145 factm
763 5099 811 5144 eat.
