4542 6842
716 947 854 1005 CANTUS
878 950 1036 1007 DECIMUS
1060 951 1191 1006 NONUS.
1465 940 1536 1005 497

363 1092 411 1167 cit
434 1112 543 1189 ergo:
573 1096 659 1167 Netl'
671 1114 753 1185 oro,
771 1094 918 1189 scilicet,
939 1095 977 1169 in
993 1114 1143 1188 aurora,
1164 1096 1261 1168 cta’t
1276 1097 1378 1167 color
1392 1096 1537 1185 dimna

361 1232 474 1307 quem
500 1215 554 1288 sol
578 1213 663 1289 lacit
687 1214 724 1287 in
749 1214 808 1289 die
832 1221 870 1289 et
899 1216 1009 1291 durat
1040 1235 1161 1311 usque
1189 1214 1236 1289 ad
1268 1214 1365 1288 illam
1392 1216 1535 1307 horam,

361 1355 434 1408 non
453 1328 528 1429 pud
546 1330 610 1428 pini
634 1338 835 1429 tondepidor,
861 1336 963 1431 idest,
994 1343 1215 1433 temperare,
1241 1338 1269 1409 il
1288 1338 1418 1429 noddo
1442 1338 1535 1409 dotto

297 1531 299 1535 .
362 1458 460 1547 tono,
485 1455 630 1550 scilicet,
657 1462 893 1550 nocturnum,
915 1458 1014 1551 quod
1041 1458 1127 1532 luna
1155 1457 1239 1531 lacit
1259 1456 1297 1531 in
1317 1461 1443 1550 nocte3
1465 1455 1534 1551 ille,

362 1578 454 1673 dico,
480 1578 581 1653 calor
605 1576 772 1672 diurnus,
799 1579 892 1651 ointo
918 1581 967 1651 do
992 1585 1104 1671 terro,
1136 1598 1221 1672 quae
1253 1582 1309 1651 est
1338 1577 1478 1673 frigida,
1505 1584 1539 1649 et

363 1701 469 1790 tator,
495 1698 587 1773 idest
610 1697 818 1791 aliquando,
845 1701 893 1773 do
919 1702 1087 1791 Sotnmo,
1115 1698 1180 1792 qui
1193 1692 1230 1789 (¹)
1258 1704 1295 1771 et
1323 1698 1400 1793 ipse
1434 1696 1536 1791 trigi-

361 1819 430 1892 dus
455 1823 530 1911 est3
557 1817 656 1891 unde
681 1817 830 1911 quidam
855 1817 1000 1891 dicunt:
1027 1836 1118 1894 cave
1143 1816 1208 1890 tibi
1233 1838 1256 1889 a
1282 1816 1537 1891 coniunctione

364 1939 462 2014 lunae
480 1958 566 2013 oum
586 1937 815 2012 Saturno.-
833 1941 992 2027 Quando.
1011 1938 1076 2013 llic
1094 1943 1201 2034 poeta
1218 1936 1388 2011 describit
1405 1937 1536 2010 horam

362 2057 537 2154 temporis
562 2056 807 2132 artificialiter.
834 2058 888 2132 Ad
914 2058 1019 2133 cuius
1041 2056 1317 2153 intelligentiam
1338 2056 1449 2131 debes
1469 2074 1537 2128 no—

361 2185 442 2254 tare
475 2178 573 2272 quod
603 2185 818 2275 geomantes
850 2184 1006 2254 utuntur
1036 2178 1162 2253 multis
1193 2177 1322 2273 figuris
1351 2176 1454 2250 lactis
1489 2194 1536 2249 ex

266 2370 271 2382 ,
361 2298 515 2395 punctis,
542 2297 605 2373 sed
637 2319 712 2372 una
744 2298 930 2394 praecipue
960 2318 1044 2393 quae
1073 2297 1206 2373 dicitur
1232 2296 1377 2369 fortuna
1404 2293 1536 2389 maior,

361 2438 445 2514 quoe
470 2418 538 2491 luit
563 2418 745 2493 abstracta
777 2438 895 2493 esen
931 2419 1041 2494 stellis
1075 2417 1241 2491 similiter
1271 2415 1459 2509 dispositis,
1494 2421 1537 2488 ut

362 2545 461 2635 patet
487 2540 523 2613 in
551 2538 617 2613 ista
642 2538 761 2633 figura
782 2518 838 2631 ²5,
864 2558 948 2631 quae
973 2538 1146 2612 oriuntur
1171 2536 1207 2609 in
1232 2556 1390 2630 aurora3
1420 2542 1457 2611 et
1481 2536 1538 2610 di-

362 2665 451 2734 ount
476 2659 575 2753 quod
601 2658 667 2731 ista
694 2628 840 2732 fortuna
866 2656 986 2730 maior
1010 2663 1064 2731 est
1089 2657 1210 2753 ligura
1235 2656 1272 2729 in
1298 2656 1371 2730 fine
1391 2656 1535 2750 aquarii

362 2786 399 2855 et
424 2780 461 2852 in
486 2778 662 2875 principio
687 2776 792 2871 piscis
809 2782 877 2851 etc.
896 2776 989 2850 Dicit
1011 2796 1122 2872 ergo:
1145 2778 1294 2864 mondo
1311 2778 1326 2847 i
1344 2778 1536 2867 damnanti,

362 2898 572 2997 geomantia
586 2888 623 2990 (²)
643 2889 775 2971 dicitur
792 2916 815 2971 a
831 2916 927 2989 ocos,
942 2896 1040 2991 quod
1057 2902 1113 2971 est
1129 2902 1241 2989 terra,
1260 2900 1298 2969 et
1313 2903 1465 2986 manns,
1481 2895 1537 2969 di·
1637 2893 1639 2896 ’

362 3018 511 3112 unane,
529 3016 633 3112 quasi
662 3016 811 3090 scientia
828 3015 922 3090 sacta
940 3015 977 3088 in
995 3015 1217 3090 divinatione
1234 3021 1355 3109 terras,
1373 3016 1425 3089 sic
1442 3015 1535 3090 dicta
1598 3004 1608 3017 ‘

362 3138 449 3233 quia
474 3135 546 3210 indi
573 3143 610 3211 et
634 3136 800 3213 saraceni
825 3135 863 3210 in
887 3141 973 3210 ortu
1004 3135 1088 3209 solis
1121 3136 1346 3210 accedebant
1378 3136 1425 3210 ad
1451 3135 1536 3208 litus

361 3256 485 3349 maris,
511 3261 548 3331 ct
572 3255 752 3331 iaciebant
776 3256 825 3329 ibi
851 3260 987 3352 puncta
1012 3277 1080 3330 sua
1106 3256 1208 3351 paria
1234 3256 1292 3331 vel
1317 3256 1472 3352 imparia
1498 3255 1536 3328 in

360 3398 475 3453 arena
501 3377 624 3470 maris,
650 3397 762 3471 quem
779 3366 816 3469 (³)
842 3396 987 3450 morem
1013 3376 1134 3450 adhuc
1164 3376 1271 3451 hodie
1300 3397 1451 3451 servare
1481 3376 1536 3449 di-

361 3504 516 3573 cuntur:
544 3498 713 3588 neomuto
739 3498 796 3569 lor
821 3498 985 3589 mooyior
998 3499 1147 3589 fortino
1162 3517 1309 3587 sorocrc
1327 3500 1365 3568 in
1389 3500 1534 3587 omno,

361 3618 397 3691 in
413 3605 449 3709 (⁸)
476 3636 625 3711 aurora,
650 3619 799 3689 innanzi
823 3617 989 3707 altoldo,
1012 3635 1097 3708 quae
1122 3615 1245 3688 statim
1273 3615 1441 3709 sequitur
1465 3637 1535 3690 au·

362 3757 498 3811 roram.
524 3736 569 3809 Et
593 3736 695 3810 dicit:
713 3758 779 3832 per
805 3740 863 3809 oio
887 3738 948 3809 cta
968 3756 1058 3829 poco
1076 3737 1107 3809 le
1126 3741 1182 3808 sto
1199 3736 1329 3827 bruno,
1347 3736 1434 3830 quia
1459 3742 1535 3810 sta·

360 3858 426 3931 tim
453 3856 614 3931 succedit
638 3856 720 3931 alba
746 3856 888 3931 oriente
919 3856 996 3930 sole
1026 3854 1089 3949 qui
1120 3854 1296 3929 clarificat
1320 3874 1458 3931 aecem.
1490 3856 1535 3928 Et

363 3977 420 4051 hic
440 3982 527 4051 nota
544 3976 643 4070 quod
668 3976 888 4073 geomantia,
906 3982 948 4049 ut
968 3974 1081 4069 aliqui
1102 3976 1242 4069 volunt,
1260 3982 1316 4049 est
1332 3994 1533 4050 commune

362 4098 547 4195 refugium
572 4097 864 4193 astrologorum
896 4103 933 4171 et
965 4117 1011 4171 en
1042 4098 1112 4170 hoc
1146 4116 1219 4168 non
1254 4095 1400 4169 videtur
1430 4115 1533 4191 sper-

363 4217 480 4291 nenda
498 4217 653 4311 penitus,
672 4217 758 4311 quia
778 4216 889 4290 habet
909 4214 1032 4309 aliqua
1052 4213 1227 4310 principia
1252 4214 1289 4287 in
1313 4214 1531 4311 astrologia3

362 4337 461 4412 unde
478 4336 682 4430 appellatur
699 4335 896 4431 astrologia
914 4334 1044 4408 minor.
1062 4334 1130 4407 Alii
1148 4339 1273 4407 tamen
1291 4334 1417 4409 dicunt
1434 4334 1532 4428 quod

362 4456 571 4553 geomantia
596 4476 670 4529 non
696 4460 752 4529 est
776 4454 925 4528 scientia
950 4453 1017 4526 nisi
1043 4473 1088 4528 eo
1113 4453 1224 4528 modo
1250 4474 1325 4547 quo
1350 4464 1467 4529 sortes
1480 4444 1531 4546 (⁶),

362 4576 430 4650 nisi
454 4576 517 4669 liat
541 4575 610 4649 sub
635 4574 907 4649 constellatione
925 4572 1086 4647 veridica
1107 4573 1166 4647 vel
1192 4572 1350 4646 falsidica
1360 4562 1415 4667 (⁶);
1435 4574 1533 4648 unde

432 4844 440 4874 s
553 4846 558 4859 .
634 4845 640 4857 .

421 4847 451 4989 {¹3
466 4846 498 4973 ξ.
514 4850 732 4987 {elongamus
749 4922 844 4973 dicitnr
861 4935 876 4971 ι
895 4934 952 4985 noos
967 4921 1037 4985 quod
1053 4926 1093 4972 est
1108 4924 1188 4983 terra,
1204 4924 1232 4971 et
1247 4925 1348 4971 monton
1362 4907 1433 4985 quod
1441 4926 1481 4973 est
1491 4921 1531 4973 di-

362 5001 467 5061 vimtio,
483 5000 563 5065 quasi.
892 4998 917 5063 (⁸)
934 4998 958 5049 S.
975 5010 1055 5063 quem
1071 4998 1180 5048 modum
1194 4997 1288 5047 adhuc.

424 5075 774 5141 (¹)11⁷,tosst‚nunuron.
890 5074 917 5139 (⁸)
934 5080 988 5136 117,
1005 5078 1088 5125 nnn
1103 5074 1148 5124 uel
1163 5073 1216 5124 est.
1307 5068 1337 5131 t‘l
1352 5072 1383 5123 Ε.
1400 5071 1515 5125 onina.

495 5184 536 5227 111.
1371 5180 1399 5223 θ’
