4542 6842
728 974 799 1039 220
1088 982 1294 1037 ceurennum
1317 982 1536 1037 runcnronn

727 1128 880 1224 bospitio
907 1128 968 1202 ubi
996 1127 1229 1221 requiescant
1252 1148 1276 1201 a
1301 1127 1488 1201 laboribus
1512 1127 1600 1222 suis,
1621 1128 1670 1203 ita
1698 1150 1797 1203 nunc
1821 1130 1901 1205 istae

724 1248 860 1323 animm
884 1246 1117 1321 ambulantes
1141 1266 1209 1342 per
1235 1268 1338 1321 mare
1359 1268 1529 1321 amarum
1557 1256 1596 1322 et
1620 1249 1753 1323 vallem
1779 1249 1901 1347 lacry-

726 1388 874 1442 marum
900 1368 1011 1441 buius
1038 1366 1164 1442 mundi
1184 1366 1425 1443 recordantur
1444 1387 1541 1461 sero,
1558 1368 1695 1443 scilicet
1711 1368 1748 1442 in
1767 1372 1898 1465 morte,

726 1487 852 1583 patriae
878 1488 1047 1581 coelestis,
1065 1508 1179 1581 quarn
1200 1486 1413 1562 dimiserant
1430 1496 1579 1583 propter
1604 1508 1734 1563 curam
1763 1510 1897 1587 regno-

727 1629 811 1683 rum
847 1607 1116 1702 temporalium,
1147 1614 1190 1681 ut
1219 1608 1270 1683 sic
1301 1607 1448 1683 tandem
1480 1629 1504 1682 a
1535 1608 1724 1683 laboribus
1756 1611 1899 1707 maguis

727 1728 969 1820 requiescant.
989 1768 1038 1781 -
1060 1731 1150 1801 Ello.
1184 1726 1249 1801 llic
1284 1735 1391 1823 poeta
1424 1726 1595 1803 describit
1627 1728 1896 1825 dispositionem

727 1848 864 1923 orantis
889 1855 927 1923 et
958 1848 1162 1923 orationem
1189 1849 1280 1940 eius,
1305 1848 1453 1922 dicens:
1483 1852 1564 1941 ello,
1589 1850 1735 1946 scilicet,
1761 1851 1898 1946 anima,

724 1972 847 2061 manse
871 1990 890 2041 e
915 1960 989 2042 leod
1015 1969 1114 2041 ambe
1139 1971 1171 2042 le
1189 1972 1323 2061 pulmo,
1347 1967 1450 2062 idest,
1475 1968 1665 2043 coniunxit
1697 1991 1831 2044 manus
1861 1976 1899 2047 et

727 2088 862 2163 levavit
885 2088 932 2162 ad
957 2089 1106 2181 coelum,
1128 2090 1290 2181 meando
1313 2091 1365 2180 pli
1388 2090 1484 2161 cccli
1500 2110 1603 2161 verso
1627 2092 1650 2161 t’
1662 2091 1807 2180 macno,
1824 2088 1896 2163 sci·

725 2208 809 2283 lioet
832 2209 959 2283 oculos
986 2207 1128 2301 mentis,
1146 2228 1232 2281 nam
1251 2214 1400 2283 orantes
1416 2214 1638 2282 convertunt
1653 2229 1695 2281 se
1709 2208 1755 2281 ad
1773 2208 1899 2283 orien-

725 2337 813 2422 tem,
839 2326 972 2403 *uude
1000 2329 1165 2403 ecclesia
1196 2328 1479 2403 christianorum
1515 2334 1602 2402 sunt
1630 2349 1819 2404 conversa
1850 2331 1897 2406 ad

723 2449 937 2524 orientem*
953 2443 1003 2543 (¹),
1022 2455 1206 2546 rogantes,
1224 2455 1266 2521 ut
1283 2449 1337 2523 sol
1346 2448 1500 2550 justitiae
1517 2449 1660 2523 oriatur
1676 2470 1789 2546 super
1808 2470 1896 2547 eos3

725 2579 801 2646 tam
827 2570 970 2665 devote,
997 2591 1092 2647 conte
1108 2573 1238 2643 dicasse
1253 2591 1277 2642 o
1295 2574 1383 2643 Dio:
1399 2573 1435 2644 d'
1447 2574 1542 2643 altro
1558 2591 1630 2643 non
1647 2574 1770 2662 calme,
1790 2570 1894 2666 idest,

725 2712 799 2766 non
825 2711 918 2765 curo
943 2690 989 2764 de
1014 2710 1056 2765 rc
1085 2689 1167 2784 alia,
1198 2689 1284 2784 quia
1316 2696 1391 2764 tota
1421 2710 1506 2765 mea
1535 2689 1687 2765 intentio
1718 2690 1831 2765 tendit
1860 2690 1898 2763 in

726 2818 773 2887 te.
800 2812 844 2884 Et
870 2811 985 2906 tangit
1009 2811 1228 2903 orationem,
1253 2810 1388 2903 dicens,
1414 2809 1515 2904 quod
1542 2810 1601 2884 illa
1632 2810 1755 2885 anima
1785 2808 1898 2905 coepit

725 2952 813 3007 curn
848 2952 994 3005 summa
1023 2930 1218 3006 devotione
1250 2938 1401 3005 cantare
1432 2951 1551 3004 unum
1584 2932 1762 3027 hymnum
1798 2930 1895 3005 beati

725 3052 918 3145 Ambrosii,
945 3050 1007 3144 qui
1033 3056 1204 3125 cantatur
1227 3049 1275 3124 ad
1300 3050 1579 3145 completorium
1602 3058 1730 3125 contra
1757 3050 1895 3125 illusio·

725 3194 790 3249 nes
814 3170 990 3246 daemonis
1015 3178 1052 3245 ct
1068 3160 1105 3263 (²)
1133 3170 1170 3243 in
1195 3170 1414 3264 pollutiones
1438 3170 1568 3245 carnis.
1590 3170 1682 3245 llicit
1706 3170 1824 3245 enim:
1850 3176 1896 3244 Te

722 3298 809 3368 lucis
842 3300 922 3365 ano
955 3294 1139 3365 mininam
1172 3296 1282 3364 mum
1311 3311 1497 3382 precentur
1527 3293 1695 3383 supplices
1726 3298 1764 3363 ut
1792 3293 1896 3364 solita

723 3416 900 3489 clcnrcntio
925 3415 972 3485 sis
992 3412 1129 3504 proesul
1143 3413 1194 3485 od
1209 3414 1410 3484 custodiam.
1429 3414 1561 3483 Procul
1576 3413 1743 3483 recedant
1756 3414 1895 3485 somnio

723 3542 756 3609 et
771 3536 920 3607 ooctmm
934 3534 1185 3624 plantasmma
1201 3537 1270 3605 etc.
1288 3530 1347 3605 Sic
1363 3550 1455 3626 ergo
1471 3530 1554 3605 ride
1571 3531 1757 3625 quomodo
1786 3538 1894 3626 poeta

723 3654 825 3751 lingit
850 3654 937 3727 istos
968 3672 1103 3727 canere
1134 3652 1246 3727 talem
1278 3651 1485 3727 orationem
1514 3673 1599 3746 quae
1630 3653 1801 3748 congruit
1832 3653 1896 3727 tali

723 3775 826 3849 boran
850 3772 1034 3867 temporis.
1062 3771 1156 3846 Dicit
1179 3792 1270 3867 ergo
1296 3771 1394 3865 quod
1419 3772 1486 3845 ista
1511 3772 1630 3846 oratio
1647 3792 1732 3866 quae
1749 3772 1893 3867 incipit:

729 3902 775 3970 Te
804 3897 889 3968 lucis
921 3900 1001 3965 onte
1036 3896 1219 3965 terminum
1243 3898 1324 3985 etc,
1350 3895 1401 3983 pli
1429 3885 1502 3966 osci
1532 3895 1570 3967 di
1601 3895 1721 3983 bocca,
1746 3892 1796 3967 illi
1822 3894 1893 3990 spi-

724 4016 822 4110 ritui,
847 4007 877 4087 si
902 4016 1129 4087 dimanare
1154 4005 1316 4086 aconei
1340 4014 1433 4086 dolci
1462 4019 1553 4105 note,
1571 4012 1718 4106 scilicet,
1737 4013 1893 4089 melodia

724 4144 864 4231 cantus,
890 4138 949 4209 cle
970 4138 1044 4229 seco
1068 4154 1122 4207 nte
1147 4154 1171 4206 α
1196 4154 1250 4206 me
1278 4137 1373 4206 asctr
1401 4136 1440 4207 dt
1472 4142 1582 4207 mento
1594 4160 1609 4225 ;
1648 4134 1752 4227 quasi
1786 4134 1893 4226 dicat,

724 4257 823 4353 quod
848 4278 932 4330 sum
950 4256 986 4328 in
1004 4261 1122 4328 toturn
1149 4253 1355 4328 abstractus
1371 4252 1418 4327 ad
1433 4252 1654 4327 audiendam
1672 4253 1891 4328 suavitatem

723 4378 819 4453 illius
842 4374 1060 4451 dulcissima
1086 4373 1263 4449 melodiae.
1290 4374 1366 4447 lloc
1391 4379 1493 4468 potes
1518 4374 1617 4447 clare
1642 4373 1846 4469 intelligere
1862 4374 1892 4447 si

723 4498 883 4573 recurris
908 4496 953 4569 ad
980 4514 1024 4570 ea
1050 4515 1135 4589 quae
1160 4493 1283 4569 notavi
1307 4494 1355 4568 de
1385 4492 1541 4567 mirabili
1569 4492 1717 4586 virtute,
1743 4502 1781 4568 et
1810 4493 1893 4568 effi·

718 4618 818 4693 cacia
838 4616 986 4689 musicae
1005 4614 1052 4689 ad
1067 4606 1103 4706 (³)
1121 4613 1396 4689 dissolutionem
1413 4620 1451 4688 et
1466 4612 1712 4708 devotionem,
1725 4614 1887 4689 secundo

715 4738 874 4834 capitulo
899 4737 1010 4809 buius
1034 4734 1126 4810 libri.
1153 4736 1198 4809 Et
1221 4734 1307 4809 dicit
1332 4734 1431 4829 quod
1460 4733 1531 4807 illae
1562 4734 1696 4807 animae
1721 4734 1889 4809 lecerunt

717 4860 833 4953 idem,
861 4858 959 4932 unde
974 4856 1082 4933 dicit:
1109 4878 1128 4929 e
1152 4858 1292 4945 tatere,
1309 4854 1446 4929 scilicet
1462 4853 1596 4929 animae
1616 4854 1777 4929 illustres
1802 4855 1887 4950 qui·

781 5049 808 5109 (¹)
823 5048 860 5097 Le
876 5046 965 5110 parole
981 5046 1022 5096 l'rn
1038 5047 1045 5097 l
1062 5046 1112 5096 duo
1128 5045 1263 5096 mtcrlsclrl
1278 5058 1326 5095 son
1340 5043 1454 5106 supplite
1470 5043 1539 5107 dagli
1554 5044 1616 5094 altri
1632 5044 1684 5095 duc
1699 5044 1768 5095 leoli.

784 5126 811 5187 (¹)
828 5127 881 5184 117,
898 5128 925 5174 at
940 5122 1112 5187 pollutionem
1127 5123 1221 5173 carnis.
1339 5119 1369 5184 (Ἴ
1385 5124 1438 5183 tlt,
1455 5122 1488 5172 ad
1503 5120 1660 5173 solutionem
1676 5126 1704 5173 at
1719 5122 1891 5175 dovollonern.
