4542 6842
782 968 922 1026 esurus
946 933 1140 1025 szeuuous.
1499 942 1545 1021 5'3

372 1117 430 1192 lus
456 1116 516 1192 ille
548 1116 612 1211 qui
645 1117 818 1192 terminat
849 1117 1007 1212 spatium
1041 1117 1155 1192 nostri
1186 1117 1296 1211 visus,
1327 1115 1420 1194 idest
1448 1118 1546 1192 ultra

375 1258 488 1331 quem
513 1236 614 1312 visus
638 1237 785 1312 extendi
810 1258 883 1312 nou
908 1244 1038 1333 potest.
1058 1238 1125 1313 Ubi
1150 1237 1249 1313 enim
1270 1237 1416 1313 ridetur
1441 1237 1545 1312 uobis

376 1361 513 1434 coelum
544 1357 716 1454 coniungi
747 1358 811 1453 ipsi
848 1364 967 1454 terrae,
998 1358 1159 1454 intellige
1183 1359 1384 1452 quamdam
1410 1358 1544 1432 lineam

377 1479 437 1574 ibi,
460 1499 544 1572 quae
566 1477 615 1552 ita
637 1497 683 1552 ex
705 1478 809 1552 omni
835 1485 940 1574 parte
961 1478 1213 1552 circumdatur
1237 1479 1429 1572 aequaliter
1452 1499 1548 1572 quo-

378 1619 497 1693 usque
523 1597 622 1690 visus
646 1604 772 1672 noster
796 1597 990 1694 pervenire
1014 1604 1149 1693 potest3
1176 1604 1213 1671 et
1244 1599 1323 1672 haec
1353 1598 1448 1672 linea
1477 1597 1548 1674 erit

378 1719 529 1794 horizon
553 1717 759 1795 artificialis.
786 1719 847 1792 Est
873 1719 969 1793 enim
995 1718 1089 1792 alius
1110 1718 1261 1793 horizon
1278 1718 1467 1812 naturalis,
1492 1719 1548 1792 vi-

378 1839 510 1915 delicet
534 1839 594 1915 ille
619 1840 681 1933 qui
706 1840 833 1934 iacens
858 1839 965 1933 juxta
996 1839 1100 1915 litora
1131 1845 1241 1914 terrae
1271 1839 1396 1914 dividit
1421 1839 1548 1913 firma-

379 1965 547 2036 mentum
565 1959 602 2034 iu
619 1959 881 2054 hemisperium
899 1959 1067 2055 superius
1084 1966 1122 2035 et
1138 1960 1289 2035 interius
1307 1966 1408 2035 recto
1425 1960 1547 2053 modo,

378 2088 415 2156 et
439 2081 508 2154 iste
534 2079 708 2154 naturalis
733 2079 885 2154 horizon
909 2081 1043 2155 variari
1069 2101 1143 2155 non
1169 2086 1295 2175 potest.
1314 2081 1547 2156 Artifioialem

377 2221 479 2295 vero,
497 2220 611 2294 quern
624 2198 690 2274 sibi
704 2198 806 2295 lingit
823 2200 1090 2295 unusquisque,
1107 2200 1227 2274 variat
1243 2201 1446 2276 seeundum
1466 2222 1548 2275 mo·

377 2329 456 2394 tum
485 2319 579 2393 illius
603 2318 651 2393 ab
677 2339 752 2393 uno
778 2319 859 2394 loeo
884 2319 920 2392 in
945 2320 1070 2394 alium.
1094 2321 1175 2394 Nou
1200 2321 1297 2395 enim
1323 2326 1440 2416 potest
1468 2341 1549 2394 mo-

378 2460 467 2516 vere
492 2439 622 2534 pedem
649 2438 685 2512 in
711 2445 819 2513 antea
845 2441 904 2514 vel
935 2446 1046 2534 retro,
1068 2439 1157 2534 quin
1182 2440 1347 2514 varietur
1371 2441 1432 2515 ille
1457 2461 1548 2514 suus

378 2559 530 2635 horizon
554 2580 603 2634 er
627 2580 702 2634 uua
728 2559 862 2635 seilicet
887 2567 992 2656 parte
1016 2560 1225 2655 crescendo,
1252 2582 1297 2636 ez
1324 2562 1394 2636 alia
1418 2562 1548 2638 (lecre-

379 2680 523 2756 soendo.
549 2679 590 2754 ln
604 2672 640 2772 (¹)
668 2679 850 2775 proposito
875 2701 966 2776 ergo
987 2687 1095 2775 poeta
1114 2681 1276 2775 loquitur
1293 2682 1341 2758 de
1360 2682 1549 2756 horizonte

379 2801 549 2895 naturali,
576 2821 649 2875 nou
674 2799 721 2876 de
745 2801 931 2875 artificiali.
959 2801 1126 2876 Secundo
1150 2808 1234 2876 nota
1260 2822 1372 2898 super
1398 2801 1457 2877 illo
1483 2823 1551 2877 ro-

381 2922 514 2998 cabulo
539 2920 774 3015 meridianus,
802 2920 899 3014 quod
927 2920 1150 2996 meridianus
1183 2922 1293 2996 habet
1326 2922 1461 2997 variari
1492 2943 1552 2997 se-

381 3042 543 3118 eundum
569 3041 817 3117 diversitatem
844 3040 1108 3115 habitantium:
1135 3040 1359 3116 meridianus
1376 3042 1473 3116 enim
1496 3050 1552 3116 est

382 3162 551 3258 quaedam
578 3161 673 3238 linea
699 3161 940 3257 intelligibilis,
965 3180 1050 3254 quae
1073 3159 1198 3234 dividit
1217 3160 1492 3236 firmamentum
1513 3161 1551 3235 iu

380 3288 486 3378 parte
510 3283 570 3356 illa
595 3281 632 3354 in
659 3303 732 3378 qua
758 3282 811 3355 sol
836 3280 1026 3374 aequaliter
1058 3279 1166 3354 distat
1197 3280 1244 3354 ab
1276 3281 1416 3356 oriente
1442 3281 1552 3356 atah

381 3401 568 3478 occidente
594 3408 760 3496 respectu
796 3400 927 3474 nostri:
961 3407 1105 3474 eertum
1140 3406 1195 3474 est
1226 3399 1336 3495 enim,
1367 3401 1466 3495 quod
1498 3410 1553 3476 est
1624 3468 1627 3475 .

382 3522 552 3622 quaedam
578 3522 668 3596 hora
694 3520 775 3615 diei,
801 3507 839 3594 in
864 3540 937 3614 qua
963 3521 1018 3594 sol
1043 3526 1098 3594 est
1125 3519 1176 3593 ita
1205 3540 1317 3614 super
1342 3521 1459 3616 capita
1485 3542 1553 3596 uo·

382 3650 469 3739 stra,
502 3641 602 3736 quod
634 3641 825 3737 aequaliter
858 3649 913 3716 est
943 3647 1107 3714 remotus
1137 3640 1186 3715 ab
1215 3647 1299 3715 ortu
1335 3647 1372 3715 et
1396 3661 1552 3735 oceasu3

384 3785 496 3859 quem
521 3770 645 3838 ortum
673 3762 750 3838 sive
769 3781 941 3836 oceasum
965 3762 1073 3836 habet
1091 3769 1271 3855 quantum
1290 3761 1337 3837 ad
1354 3783 1432 3856 nos,
1451 3761 1553 3857 idest,

384 3883 587 3960 secundum
622 3882 721 3978 quod
755 3882 859 3957 nobis
892 3881 1010 3955 oritur
1044 3883 1103 3956 vel
1136 3882 1277 3957 oceidit.
1312 3883 1397 3958 llaee
1427 3889 1554 3956 autem

384 4006 477 4080 hora
502 4004 706 4098 appellatur
731 4002 912 4095 meridies,
935 4001 1038 4095 quasi
1062 4001 1182 4076 media
1206 4002 1296 4096 dies,
1322 4003 1409 4097 quia
1434 4004 1554 4079 media

385 4146 470 4220 pars
494 4123 565 4199 diei
591 4122 776 4218 praeteriit,
802 4127 838 4198 et
865 4122 984 4197 media
1009 4120 1133 4196 sutura
1165 4113 1282 4215 est(¹).
1315 4123 1433 4198 Debes
1464 4145 1555 4219 ergo

386 4244 526 4340 lingere
550 4243 587 4317 iu
618 4242 742 4317 auimo
774 4241 973 4335 quamdam
1005 4241 1137 4316 lineam
1168 4242 1440 4338 intelligibilem,
1471 4264 1555 4337 quae

386 4365 661 4448 firmamentum
694 4361 840 4454 dividat,
871 4360 933 4435 ubi
960 4361 1013 4434 sol
1038 4361 1075 4434 iu
1109 4362 1172 4436 tali
1205 4363 1296 4438 bora
1320 4362 1391 4438 diei
1416 4362 1557 4438 iuveni·

387 4492 471 4578 tur3
497 4490 535 4559 et
558 4484 638 4557 haec
663 4483 758 4556 liuea
783 4481 916 4556 dieitur
942 4480 1102 4555 circulus
1127 4481 1362 4576 meridianus,
1389 4483 1453 4576 qui
1484 4483 1557 4557 eir-

385 4605 491 4681 eulus
507 4605 617 4680 habet
634 4602 769 4679 variari
786 4601 989 4678 seeundum
1007 4600 1255 4676 diversitatem
1277 4603 1554 4678 habitationum.

384 4727 464 4802 Non
489 4725 587 4801 enim
613 4743 743 4799 omnes
768 4730 896 4818 gentes
921 4720 1051 4796 eodem
1078 4721 1189 4794 modo
1213 4721 1292 4794 sitae
1317 4733 1413 4818 sunt,
1436 4725 1494 4800 sel
1518 4725 1556 4798 iu

448 4944 475 5006 (¹)
491 4944 521 4994 E.
538 4943 617 4995 Modo
633 4944 665 4993 ad
682 4947 858 5008 propositum:
875 4955 947 5006 ergo.

447 5019 476 5083 (²)
491 5019 539 5072 Nol
555 5019 648 5071 Codioe
665 5024 710 5072 117
726 5021 837 5070 termina
853 5019 897 5084 qui
913 5020 937 5068 la
954 5019 1037 5082 prima
1053 5022 1126 5081 parta
1143 5017 1186 5068 del
1196 5017 1322 5069 Comeuto
1332 5018 1357 5068 di
1365 5025 1457 5083 questo
1467 5021 1556 5084 Canto,

388 5097 567 5161 orosaguaurlo
583 5110 633 5148 corr
649 5098 673 5147 ln
689 5097 815 5148 woerda:
833 5097 882 5147 liei
897 5109 1002 5146 moroan
1016 5109 1056 5146 eo.
