4542 6842
828 978 967 1035 caurus
992 977 1162 1033 prunus.
1509 966 1580 1038 28⁹

349 1210 353 1219 ,
409 1123 551 1218 equites
576 1123 777 1217 superbos;
801 1128 905 1199 certo
933 1144 1028 1197 unus
1055 1128 1233 1217 tyrannus
1249 1114 1285 1211 (¹)
1316 1120 1452 1197 taceret
1471 1121 1583 1216 iusti·

408 1245 495 1321 tiam
514 1244 562 1319 de
580 1242 783 1337 homicidio,
804 1242 922 1319 sedin
945 1242 1006 1317 tali
1023 1262 1110 1317 casu
1129 1241 1239 1317 mam
1260 1240 1485 1336 justissimus
1511 1242 1583 1315 im-

409 1370 557 1459 perator
574 1363 815 1439 commisisset
832 1383 981 1437 causam
1000 1362 1116 1437 altori.
1132 1362 1204 1437 Sed
1217 1362 1394 1438 Traianus
1407 1363 1444 1436 in
1461 1364 1582 1439 omul-

409 1483 479 1557 bus
505 1466 753 1575 iactis(²)'luit
785 1503 932 1578 semper
967 1484 1126 1577 humilis,
1154 1482 1347 1578 placabilis,
1378 1490 1416 1558 et
1446 1483 1583 1577 dulcis3
1650 1467 1659 1501 ⁸

410 1602 508 1678 unde
525 1624 612 1679 cum
632 1604 886 1697 increparetur
903 1604 1003 1697 quod
1022 1603 1127 1677 nimis
1146 1610 1242 1677 esset
1258 1602 1446 1677 familiaris
1462 1603 1583 1677 omni·

408 1725 490 1815 bus,
506 1724 701 1819 respondit,
714 1744 753 1801 se
770 1724 906 1799 debere
923 1744 1004 1799 esse
1021 1724 1130 1797 talem
1149 1724 1411 1818 imperatorem
1429 1724 1581 1819 civibus,

410 1846 538 1938 quales
563 1844 661 1919 cives
685 1844 956 1919 desideraverat
970 1835 1006 1935 (³)
1026 1844 1102 1939 ipse
1122 1843 1200 1917 sibi.
1224 1844 1267 1916 Et
1285 1844 1414 1917 ultimo
1431 1846 1583 1919 conclu-

409 1963 461 2039 dit
487 1971 592 2059 poeta
612 1965 647 2037 in
665 1963 822 2039 historiis
840 1964 1099 2056 humilitatum,
1117 1969 1155 2037 et
1176 1964 1370 2058 respondet
1390 1964 1582 2057 questioni

410 2084 551 2178 tacitae3
579 2092 699 2179 posset
724 2084 823 2159 enirn
849 2084 979 2176 aliquis
1004 2084 1151 2159 dicere:
1178 2084 1260 2176 quis
1277 2083 1345 2157 fuit
1367 2092 1440 2157 tam
1459 2085 1583 2159 excel·

409 2205 488 2281 lens
512 2205 656 2299 artifex,
682 2204 746 2299 qui
772 2206 820 2279 ita
840 2204 1002 2281 vinceret
1020 2210 1139 2279 artem
1158 2210 1195 2279 et
1216 2210 1413 2279 naturam?
1431 2225 1583 2299 respon·

408 2326 481 2419 det,
507 2326 650 2401 dicens:
675 2328 771 2399 dolui
795 2328 855 2399 clla
879 2329 952 2399 moi
975 2346 1048 2399 non
1072 2328 1150 2401 uide
1174 2347 1258 2399 cosa
1282 2346 1412 2416 nuova,
1434 2326 1582 2420 scilicet,

409 2448 519 2541 lleus,
541 2449 715 2539 prodesse
738 2454 809 2519 esto
835 2447 964 2519 oisidite
983 2449 1149 2538 portare,
1173 2446 1320 2539 scilicet,
1346 2445 1445 2539 quod
1479 2446 1582 2520 vide-

410 2566 519 2641 batur
546 2565 603 2641 hic
628 2566 722 2641 inter
747 2566 921 2661 angelum
947 2572 984 2641 et
1009 2567 1173 2660 Mariam,
1198 2567 1293 2641 inter
1318 2567 1432 2641 llarid
1453 2574 1491 2641 et
1515 2567 1583 2641 lli-

410 2687 502 2779 chol,
530 2687 624 2761 inter
650 2687 847 2761 Traianum
873 2694 910 2761 et
938 2686 1151 2780 mulierem3
1184 2693 1222 2762 et
1252 2687 1357 2761 dicit:
1390 2691 1527 2761 novello
1558 2708 1583 2759 a

409 2810 470 2881 not
490 2805 618 2898 percle*
641 2809 701 2897 put
724 2827 794 2879 nou
818 2809 850 2881 si
874 2813 1002 2899 doum·
1023 2807 1108 2899 quia
1137 2827 1209 2881 non
1234 2807 1581 2901 comprehendimus

411 2925 468 3001 hic
495 2924 679 3019 loquelam
706 2926 895 3003 hominum
922 2947 1008 3001 cum
1036 2926 1127 3019 visu,
1154 2926 1218 3001 sed
1242 2926 1382 3000 auditu.

484 3051 628 3121 Menoe.
647 3048 732 3121 Haec
757 3054 812 3121 est
838 3046 944 3122 tertia
962 3056 999 3122 ot
1021 3047 1148 3121 ultima
1169 3070 1253 3143 pars
1273 3048 1433 3141 capituli,
1452 3048 1489 3120 in
1506 3068 1580 3141 quia

410 3173 515 3262 poeta
542 3166 712 3242 describit
738 3188 884 3260 poenam
911 3168 1169 3263 superborum.
1203 3168 1248 3241 Et
1279 3168 1400 3262 primo
1425 3168 1581 3242 ostendit

410 3288 597 3387 quomodo
623 3288 793 3383 Virgilius
819 3288 1003 3363 induxerit
1023 3309 1110 3361 eum
1136 3288 1183 3363 ad
1211 3289 1386 3363 visionem
1413 3290 1580 3383 istorum,

410 3408 549 3484 dicens:
577 3414 712 3483 Mentre
735 3411 770 3483 to
797 3412 845 3481 mi
860 3411 1024 3483 dilettuoa
1043 3412 1081 3482 di
1095 3412 1292 3499 poardure,
1314 3410 1416 3503 idest,
1434 3409 1580 3484 interim

410 3550 497 3605 cum
523 3535 658 3603 starem
686 3528 806 3603 adhuc
831 3535 993 3603 attentus
1018 3549 1103 3602 cum
1130 3528 1370 3603 delectatione
1386 3529 1434 3603 ad
1454 3528 1581 3603 riden-

409 3651 512 3743 dum,
538 3652 569 3722 lc
584 3651 768 3739 immupini
783 3650 820 3721 di
837 3655 931 3721 tante
950 3650 1132 3737 undlitadt,
1151 3668 1235 3741 quae
1260 3655 1366 3722 erant
1387 3648 1424 3721 in
1441 3670 1482 3723 se
1499 3649 1582 3743 pul-

410 3790 497 3860 crae,
515 3769 578 3843 sed
596 3769 677 3863 plus
698 3767 839 3843 ratione
863 3767 1022 3861 artificis,
1043 3767 1141 3842 undo
1165 3766 1269 3841 dicit:
1287 3789 1386 3860 eper
1402 3770 1437 3842 lo
1451 3770 1582 3862 fulmo

411 3896 503 3981 loro,
528 3891 662 3965 scilicet
688 3890 818 3983 Deum,
841 3910 865 3961 α
891 3892 994 3963 oeder
1019 3909 1127 3981 core;
1151 3892 1179 3961 it
1199 3895 1317 3979 poeto,
1333 3888 1480 3982 scilicet,
1499 3888 1581 3962 Vir-

410 4012 529 4108 gilius,
555 4029 798 4100 mormoraoa,
816 4008 919 4101 idest,
938 4008 1206 4082 murmurando
1230 4008 1384 4083 dicebat.
1403 4010 1479 4083 lloc
1495 4008 1581 4082 dicit

412 4132 497 4225 quia
526 4129 693 4225 Virgilius
720 4129 844 4204 videns
869 4130 1023 4204 Dantem
1054 4128 1102 4203 ita
1136 4128 1209 4202 liro
1234 4130 1367 4203 intuitu
1395 4130 1577 4203 intentum

410 4250 457 4325 ad
482 4250 741 4345 inspectionem
769 4250 966 4343 sculpturae
992 4249 1130 4343 lapidis,
1146 4249 1256 4343 coepit
1282 4269 1373 4323 voce
1398 4248 1579 4321 submissa

408 4371 530 4445 dicere
560 4370 662 4463 quasi
695 4369 878 4445 ridenter:
909 4376 1061 4463 expecta
1093 4368 1289 4461 modicum,
1320 4367 1407 4461 quia
1442 4367 1580 4441 videbis

408 4491 516 4565 aliam
543 4490 799 4585 purgationem
827 4508 967 4583 veram,
993 4489 1127 4563 scilicet
1157 4489 1336 4582 superbos
1360 4488 1431 4561 sub
1463 4488 1581 4582 saxis3

409 4619 446 4686 et
471 4630 557 4685 ecce
582 4609 669 4704 quid
694 4610 855 4684 dicebat:
882 4630 961 4683 ccco
986 4612 1023 4683 di
1048 4630 1118 4699 pua
1140 4612 1243 4682 motta
1262 4612 1368 4699 penti,
1386 4608 1472 4702 quia
1499 4628 1579 4681 ma·
1647 4683 1649 4686 ,

407 4752 502 4827 gnus
527 4736 584 4805 est
609 4748 788 4805 numerus
814 4729 1071 4823 superborum,
1098 4750 1157 4801 ma
1179 4734 1293 4823 sunno
1322 4731 1337 4801 i
1360 4732 1461 4820 pessi
1484 4731 1582 4817 rodi,

410 4852 495 4946 quia
521 4850 673 4927 veniunt
698 4851 767 4925 sub
793 4850 956 4946 pondere
980 4869 1170 4943 saxorum,
1197 4857 1235 4924 et
1259 4850 1367 4923 dicit:
1401 4852 1510 4940 questi
1539 4871 1582 4922 oc

474 5034 502 5097 ζ’)
518 5036 543 5085 S.
560 5036 694 5088 Traianus.
908 5034 936 5099 (¹)
954 5036 983 5087 E.
1000 5037 1074 5087 luctis
1089 5038 1143 5087 suis
1158 5050 1261 5100 comper
1278 5036 1327 5086 run
1342 5037 1456 5087 homilis.

475 5110 501 5175 (⁸)
518 5116 572 5172 tlt,
589 5112 778 5164 desiderauerat
793 5126 849 5165 esse
865 5112 922 5163 sibl.
1329 5138 1334 5143 .

544 5218 583 5261 111.
1425 5221 1450 5263 ¹9
