<?xml version="1.0" encoding="UTF-8"?>
<!DOCTYPE html PUBLIC "-//W3C//DTD XHTML 1.0 Transitional//EN"
    "http://www.w3.org/TR/xhtml1/DTD/xhtml1-transitional.dtd">
<html xmlns="http://www.w3.org/1999/xhtml" xml:lang="en" lang="en">
 <head>
  <title>
</title>
<meta http-equiv="Content-Type" content="text/html;charset=utf-8" />
  <meta name='ocr-system' content='tesseract 3.04.00' />
  <meta name='ocr-capabilities' content='ocr_page ocr_carea ocr_par ocr_line ocrx_word'/>
</head>
<body>
  <div class='ocr_page' id='page_1' title='image "./comentumsuperda01unkngoog_0123.png"; bbox 0 0 4542 6842; ppageno 0'>
   <div class='ocr_carea' id='block_1_1' title="bbox 811 978 1564 1045">
    <p class='ocr_par' dir='ltr' id='par_1_1' title="bbox 811 978 1564 1045">
     <span class='ocr_line' id='line_1_1' title="bbox 811 978 1564 1045; baseline 0.007 -5"><span class='ocrx_word' id='word_1_1' title='bbox 811 986 951 1041; x_wconf 79' lang='lat' dir='ltr'><strong>caurus</strong></span> <span class='ocrx_word' id='word_1_2' title='bbox 975 988 1141 1043; x_wconf 77' lang='lat' dir='ltr'><strong>ruamus.</strong></span> <span class='ocrx_word' id='word_1_3' title='bbox 1497 978 1564 1045; x_wconf 82' lang='lat'><strong>109</strong></span> 
     </span>
    </p>
   </div>
   <div class='ocr_carea' id='block_1_2' title="bbox 389 1129 1568 1588">
    <p class='ocr_par' dir='ltr' id='par_1_2' title="bbox 389 1129 1568 1588">
     <span class='ocr_line' id='line_1_2' title="bbox 391 1129 1568 1229; baseline 0.004 -26"><span class='ocrx_word' id='word_1_4' title='bbox 391 1129 519 1204; x_wconf 87' lang='lat' dir='ltr'><strong>mitem</strong></span> <span class='ocrx_word' id='word_1_5' title='bbox 544 1137 582 1205; x_wconf 90' lang='lat' dir='ltr'><strong>et</strong></span> <span class='ocrx_word' id='word_1_6' title='bbox 612 1130 764 1205; x_wconf 77' lang='lat' dir='ltr'>dederat</span> <span class='ocrx_word' id='word_1_7' title='bbox 792 1130 841 1204; x_wconf 94' lang='lat' dir='ltr'><strong>illi</strong></span> <span class='ocrx_word' id='word_1_8' title='bbox 874 1137 993 1205; x_wconf 90' lang='lat' dir='ltr'><strong>terras</strong></span> <span class='ocrx_word' id='word_1_9' title='bbox 1022 1131 1060 1205; x_wconf 92' lang='lat' dir='ltr'><strong>in</strong></span> <span class='ocrx_word' id='word_1_10' title='bbox 1092 1152 1218 1229; x_wconf 83' lang='lat' dir='ltr'><strong>regno,</strong></span> <span class='ocrx_word' id='word_1_11' title='bbox 1252 1154 1300 1207; x_wconf 88' lang='lat' dir='ltr'><strong>ex</strong></span> <span class='ocrx_word' id='word_1_12' title='bbox 1326 1154 1401 1228; x_wconf 92' lang='lat' dir='ltr'><strong>quo</strong></span> <span class='ocrx_word' id='word_1_13' title='bbox 1429 1134 1568 1211; x_wconf 77' lang='lat' dir='ltr'><strong>fecerat</strong></span> 
     </span>
     <span class='ocr_line' id='line_1_3' title="bbox 389 1242 1567 1346; baseline 0.001 -20"><span class='ocrx_word' id='word_1_14' title='bbox 389 1271 477 1326; x_wconf 89' lang='lat' dir='ltr'><strong>eum</strong></span> <span class='ocrx_word' id='word_1_15' title='bbox 492 1242 530 1342; x_wconf 83' lang='lat'><strong>(¹)</strong></span> <span class='ocrx_word' id='word_1_16' title='bbox 557 1270 737 1346; x_wconf 84' lang='lat' dir='ltr'><strong>magnum</strong></span> <span class='ocrx_word' id='word_1_17' title='bbox 761 1250 965 1324; x_wconf 92' lang='lat' dir='ltr'><strong>dominum.</strong></span> <span class='ocrx_word' id='word_1_18' title='bbox 986 1252 1032 1325; x_wconf 82' lang='lat' dir='ltr'><strong>Et</strong></span> <span class='ocrx_word' id='word_1_19' title='bbox 1049 1258 1175 1328; x_wconf 87' lang='lat' dir='ltr'><strong>tamen</strong></span> <span class='ocrx_word' id='word_1_20' title='bbox 1193 1254 1346 1329; x_wconf 84' lang='lat' dir='ltr'>Carolus</span> <span class='ocrx_word' id='word_1_21' title='bbox 1365 1254 1460 1328; x_wconf 81' lang='lat' dir='ltr'><strong>misit</strong></span> <span class='ocrx_word' id='word_1_22' title='bbox 1479 1274 1567 1328; x_wconf 91' lang='lat' dir='ltr'><strong>eum</strong></span> 
     </span>
     <span class='ocr_line' id='line_1_4' title="bbox 389 1370 1568 1467; baseline 0.003 -22"><span class='ocrx_word' id='word_1_23' title='bbox 389 1372 427 1445; x_wconf 94' lang='lat' dir='ltr'><strong>in</strong></span> <span class='ocrx_word' id='word_1_24' title='bbox 459 1370 697 1467; x_wconf 86' lang='lat' dir='ltr'><strong>provinciam,</strong></span> <span class='ocrx_word' id='word_1_25' title='bbox 732 1377 769 1444; x_wconf 91' lang='lat' dir='ltr'><strong>et</strong></span> <span class='ocrx_word' id='word_1_26' title='bbox 800 1372 895 1446; x_wconf 92' lang='lat' dir='ltr'><strong>mori</strong></span> <span class='ocrx_word' id='word_1_27' title='bbox 927 1372 1010 1447; x_wconf 84' lang='lat' dir='ltr'><strong>lecit</strong></span> <span class='ocrx_word' id='word_1_28' title='bbox 1035 1372 1072 1445; x_wconf 91' lang='lat' dir='ltr'><strong>in</strong></span> <span class='ocrx_word' id='word_1_29' title='bbox 1098 1395 1249 1450; x_wconf 87' lang='lat' dir='ltr'><strong>carcere</strong></span> <span class='ocrx_word' id='word_1_30' title='bbox 1275 1375 1381 1450; x_wconf 92' lang='lat' dir='ltr'><strong>duro.</strong></span> <span class='ocrx_word' id='word_1_31' title='bbox 1416 1375 1568 1452; x_wconf 84' lang='lat' dir='ltr'>Carolus</span> 
     </span>
     <span class='ocr_line' id='line_1_5' title="bbox 391 1490 1567 1588; baseline 0.005 -23"><span class='ocrx_word' id='word_1_32' title='bbox 391 1498 542 1588; x_wconf 82' lang='lat' dir='ltr'><strong>rogatus</strong></span> <span class='ocrx_word' id='word_1_33' title='bbox 567 1512 590 1566; x_wconf 87' lang='lat' dir='ltr'><strong>a</strong></span> <span class='ocrx_word' id='word_1_34' title='bbox 611 1490 785 1566; x_wconf 80' lang='lat' dir='ltr'><strong>militibus</strong></span> <span class='ocrx_word' id='word_1_35' title='bbox 803 1493 879 1565; x_wconf 92' lang='lat' dir='ltr'><strong>suis</strong></span> <span class='ocrx_word' id='word_1_36' title='bbox 896 1498 939 1565; x_wconf 96' lang='lat' dir='ltr'><strong>ut</strong></span> <span class='ocrx_word' id='word_1_37' title='bbox 955 1493 1093 1567; x_wconf 87' lang='lat' dir='ltr'><strong>laceret</strong></span> <span class='ocrx_word' id='word_1_38' title='bbox 1110 1496 1290 1570; x_wconf 90' lang='lat' dir='ltr'><strong>honorem</strong></span> <span class='ocrx_word' id='word_1_39' title='bbox 1309 1496 1447 1572; x_wconf 77' lang='lat' dir='ltr'><strong>funeris</strong></span> <span class='ocrx_word' id='word_1_40' title='bbox 1465 1502 1567 1571; x_wconf 91' lang='lat' dir='ltr'><strong>tanto</strong></span> 
     </span>
    </p>
   </div>
   <div class='ocr_carea' id='block_1_3' title="bbox 388 1610 1584 2197">
    <p class='ocr_par' dir='ltr' id='par_1_3' title="bbox 388 1610 1584 2197">
     <span class='ocr_line' id='line_1_6' title="bbox 390 1610 1566 1709; baseline 0.002 -23"><span class='ocrx_word' id='word_1_41' title='bbox 390 1613 480 1709; x_wconf 82' lang='lat' dir='ltr'><strong>regi,</strong></span> <span class='ocrx_word' id='word_1_42' title='bbox 499 1610 706 1707; x_wconf 80' lang='lat' dir='ltr'><strong>respondit:</strong></span> <span class='ocrx_word' id='word_1_43' title='bbox 731 1612 903 1687; x_wconf 82' lang='lat' dir='ltr'><strong>Libenter</strong></span> <span class='ocrx_word' id='word_1_44' title='bbox 920 1613 1092 1707; x_wconf 88' lang='lat' dir='ltr'><strong>lacerem,</strong></span> <span class='ocrx_word' id='word_1_45' title='bbox 1111 1615 1178 1688; x_wconf 92' lang='lat' dir='ltr'><strong>nisi</strong></span> <span class='ocrx_word' id='word_1_46' title='bbox 1197 1623 1291 1690; x_wconf 88' lang='lat' dir='ltr'><strong>esset</strong></span> <span class='ocrx_word' id='word_1_47' title='bbox 1309 1615 1566 1691; x_wconf 92' lang='lat' dir='ltr'><strong>excommuni-</strong></span> 
     </span>
     <span class='ocr_line' id='line_1_7' title="bbox 389 1732 1566 1831; baseline 0.003 -23"><span class='ocrx_word' id='word_1_48' title='bbox 389 1740 517 1827; x_wconf 82' lang='lat' dir='ltr'><strong>catus3</strong></span> <span class='ocrx_word' id='word_1_49' title='bbox 543 1753 612 1807; x_wconf 91' lang='lat' dir='ltr'><strong>nec</strong></span> <span class='ocrx_word' id='word_1_50' title='bbox 642 1732 758 1807; x_wconf 86' lang='lat' dir='ltr'><strong>voluit</strong></span> <span class='ocrx_word' id='word_1_51' title='bbox 786 1733 885 1826; x_wconf 89' lang='lat' dir='ltr'><strong>quod</strong></span> <span class='ocrx_word' id='word_1_52' title='bbox 917 1734 1134 1829; x_wconf 83' lang='lat' dir='ltr'><strong>sepeliretur</strong></span> <span class='ocrx_word' id='word_1_53' title='bbox 1169 1735 1205 1808; x_wconf 93' lang='lat' dir='ltr'><strong>in</strong></span> <span class='ocrx_word' id='word_1_54' title='bbox 1235 1742 1391 1831; x_wconf 81' lang='lat' dir='ltr'><strong>sacrato,</strong></span> <span class='ocrx_word' id='word_1_55' title='bbox 1417 1737 1481 1811; x_wconf 87' lang='lat' dir='ltr'><strong>sed</strong></span> <span class='ocrx_word' id='word_1_56' title='bbox 1506 1757 1566 1812; x_wconf 92' lang='lat' dir='ltr'><strong>se-</strong></span> 
     </span>
     <span class='ocr_line' id='line_1_8' title="bbox 390 1848 1562 1953; baseline 0.003 -26"><span class='ocrx_word' id='word_1_57' title='bbox 390 1856 513 1949; x_wconf 92' lang='lat' dir='ltr'><strong>pultus</strong></span> <span class='ocrx_word' id='word_1_58' title='bbox 538 1859 593 1929; x_wconf 82' lang='lat' dir='ltr'><strong>est</strong></span> <span class='ocrx_word' id='word_1_59' title='bbox 622 1855 726 1928; x_wconf 88' lang='lat' dir='ltr'><strong>relut</strong></span> <span class='ocrx_word' id='word_1_60' title='bbox 755 1854 859 1928; x_wconf 90' lang='lat' dir='ltr'><strong>miles</strong></span> <span class='ocrx_word' id='word_1_61' title='bbox 890 1854 1084 1951; x_wconf 83' lang='lat' dir='ltr'><strong>gregarius</strong></span> <span class='ocrx_word' id='word_1_62' title='bbox 1117 1856 1216 1952; x_wconf 95' lang='lat' dir='ltr'><strong>apud</strong></span> <span class='ocrx_word' id='word_1_63' title='bbox 1249 1857 1358 1952; x_wconf 91' lang='lat' dir='ltr'><strong>pedes</strong></span> <span class='ocrx_word' id='word_1_64' title='bbox 1388 1857 1508 1953; x_wconf 90' lang='lat' dir='ltr'><strong>pontis</strong></span> <span class='ocrx_word' id='word_1_65' title='bbox 1526 1848 1562 1949; x_wconf 74' lang='lat'><strong>(²)</strong></span> 
     </span>
     <span class='ocr_line' id='line_1_9' title="bbox 389 1975 1584 2074; baseline 0.004 -26"><span class='ocrx_word' id='word_1_66' title='bbox 389 1975 588 2051; x_wconf 86' lang='lat' dir='ltr'><strong>Beneventi</strong></span> <span class='ocrx_word' id='word_1_67' title='bbox 614 1975 692 2050; x_wconf 88' lang='lat' dir='ltr'><strong>sine</strong></span> <span class='ocrx_word' id='word_1_68' title='bbox 709 1975 783 2049; x_wconf 92' lang='lat' dir='ltr'><strong>ulla</strong></span> <span class='ocrx_word' id='word_1_69' title='bbox 804 1996 937 2071; x_wconf 89' lang='lat' dir='ltr'><strong>pompa</strong></span> <span class='ocrx_word' id='word_1_70' title='bbox 958 1978 1224 2072; x_wconf 85' lang='lat' dir='ltr'><strong>exequiarum3</strong></span> <span class='ocrx_word' id='word_1_71' title='bbox 1247 1985 1284 2053; x_wconf 87' lang='lat' dir='ltr'><strong>et</strong></span> <span class='ocrx_word' id='word_1_72' title='bbox 1300 2000 1412 2074; x_wconf 88' lang='lat' dir='ltr'><strong>super</strong></span> <span class='ocrx_word' id='word_1_73' title='bbox 1429 1980 1584 2065; x_wconf 62' lang='lat' dir='ltr'><strong>fossamv</strong></span> 
     </span>
     <span class='ocr_line' id='line_1_10' title="bbox 388 2095 1564 2197; baseline 0.005 -29"><span class='ocrx_word' id='word_1_74' title='bbox 388 2095 469 2169; x_wconf 91' lang='lat' dir='ltr'><strong>eius</strong></span> <span class='ocrx_word' id='word_1_75' title='bbox 495 2096 627 2193; x_wconf 84' lang='lat' dir='ltr'><strong>singuli</strong></span> <span class='ocrx_word' id='word_1_76' title='bbox 652 2096 698 2170; x_wconf 92' lang='lat' dir='ltr'><strong>de</strong></span> <span class='ocrx_word' id='word_1_77' title='bbox 724 2096 889 2172; x_wconf 87' lang='lat' dir='ltr'><strong>exercitu</strong></span> <span class='ocrx_word' id='word_1_78' title='bbox 915 2096 1035 2172; x_wconf 86' lang='lat' dir='ltr'><strong>Caroli</strong></span> <span class='ocrx_word' id='word_1_79' title='bbox 1060 2099 1234 2195; x_wconf 85' lang='lat' dir='ltr'><strong>jecerunt</strong></span> <span class='ocrx_word' id='word_1_80' title='bbox 1262 2100 1447 2197; x_wconf 83' lang='lat' dir='ltr'><strong>singulum</strong></span> <span class='ocrx_word' id='word_1_81' title='bbox 1474 2101 1564 2195; x_wconf 93' lang='lat' dir='ltr'><strong>lapi-</strong></span> 
     </span>
    </p>
   </div>
   <div class='ocr_carea' id='block_1_4' title="bbox 382 2214 1565 4960">
    <p class='ocr_par' dir='ltr' id='par_1_4' title="bbox 382 2214 1565 4960">
     <span class='ocr_line' id='line_1_11' title="bbox 387 2214 1565 2316; baseline 0.003 -26"><span class='ocrx_word' id='word_1_82' title='bbox 387 2214 485 2311; x_wconf 87' lang='lat' dir='ltr'><strong>dem,</strong></span> <span class='ocrx_word' id='word_1_83' title='bbox 511 2236 558 2291; x_wconf 92' lang='lat' dir='ltr'><strong>ex</strong></span> <span class='ocrx_word' id='word_1_84' title='bbox 584 2237 660 2310; x_wconf 93' lang='lat' dir='ltr'><strong>quo</strong></span> <span class='ocrx_word' id='word_1_85' title='bbox 685 2217 779 2292; x_wconf 88' lang='lat' dir='ltr'><strong>lacta</strong></span> <span class='ocrx_word' id='word_1_86' title='bbox 804 2222 860 2291; x_wconf 89' lang='lat' dir='ltr'><strong>est</strong></span> <span class='ocrx_word' id='word_1_87' title='bbox 885 2217 934 2291; x_wconf 84' lang='lat' dir='ltr'><strong>ibi</strong></span> <span class='ocrx_word' id='word_1_88' title='bbox 960 2240 1094 2315; x_wconf 84' lang='lat' dir='ltr'><strong>magna</strong></span> <span class='ocrx_word' id='word_1_89' title='bbox 1122 2220 1300 2296; x_wconf 84' lang='lat' dir='ltr'><strong>maceries</strong></span> <span class='ocrx_word' id='word_1_90' title='bbox 1326 2221 1498 2316; x_wconf 90' lang='lat' dir='ltr'><strong>lapidum.</strong></span> <span class='ocrx_word' id='word_1_91' title='bbox 1522 2222 1565 2294; x_wconf 83' lang='lat' dir='ltr'><strong>Et</strong></span> 
     </span>
     <span class='ocr_line' id='line_1_12' title="bbox 387 2336 1565 2435; baseline 0.003 -26"><span class='ocrx_word' id='word_1_92' title='bbox 387 2337 457 2411; x_wconf 92' lang='lat' dir='ltr'><strong>hoc</strong></span> <span class='ocrx_word' id='word_1_93' title='bbox 483 2342 538 2410; x_wconf 90' lang='lat' dir='ltr'><strong>est</strong></span> <span class='ocrx_word' id='word_1_94' title='bbox 569 2336 668 2430; x_wconf 93' lang='lat' dir='ltr'><strong>quod</strong></span> <span class='ocrx_word' id='word_1_95' title='bbox 698 2336 805 2410; x_wconf 89' lang='lat' dir='ltr'><strong>dicit:</strong></span> <span class='ocrx_word' id='word_1_96' title='bbox 831 2344 919 2410; x_wconf 86' lang='lat' dir='ltr'><strong>sotto</strong></span> <span class='ocrx_word' id='word_1_97' title='bbox 944 2341 981 2411; x_wconf 89' lang='lat' dir='ltr'><strong>ta</strong></span> <span class='ocrx_word' id='word_1_98' title='bbox 1004 2342 1161 2431; x_wconf 76' lang='lat' dir='ltr'><strong>puordiu</strong></span> <span class='ocrx_word' id='word_1_99' title='bbox 1186 2342 1277 2413; x_wconf 84' lang='lat' dir='ltr'><strong>dello</strong></span> <span class='ocrx_word' id='word_1_100' title='bbox 1297 2362 1410 2431; x_wconf 78' lang='lat' dir='ltr'><strong>prave</strong></span> <span class='ocrx_word' id='word_1_101' title='bbox 1435 2362 1538 2415; x_wconf 87' lang='lat' dir='ltr'><strong>moro</strong></span> <span class='ocrx_word' id='word_1_102' title='bbox 1550 2368 1565 2435; x_wconf 89' lang='lat'><em>;</em></span> 
     </span>
     <span class='ocr_line' id='line_1_13' title="bbox 389 2449 1564 2556; baseline 0.004 -26"><span class='ocrx_word' id='word_1_103' title='bbox 389 2457 487 2531; x_wconf 93' lang='lat' dir='ltr'><strong>unde</strong></span> <span class='ocrx_word' id='word_1_104' title='bbox 511 2456 623 2549; x_wconf 84' lang='lat' dir='ltr'><strong>aliqui</strong></span> <span class='ocrx_word' id='word_1_105' title='bbox 649 2462 837 2550; x_wconf 91' lang='lat' dir='ltr'><strong>exponunt</strong></span> <span class='ocrx_word' id='word_1_106' title='bbox 850 2449 887 2549; x_wconf 68' lang='lat'><strong>(³)</strong></span> <span class='ocrx_word' id='word_1_107' title='bbox 915 2478 1020 2532; x_wconf 93' lang='lat' dir='ltr'><strong>mora</strong></span> <span class='ocrx_word' id='word_1_108' title='bbox 1047 2480 1114 2554; x_wconf 93' lang='lat' dir='ltr'><strong>pro</strong></span> <span class='ocrx_word' id='word_1_109' title='bbox 1143 2461 1240 2533; x_wconf 88' lang='lat' dir='ltr'><strong>mola</strong></span> <span class='ocrx_word' id='word_1_110' title='bbox 1270 2461 1480 2556; x_wconf 86' lang='lat' dir='ltr'><strong>sepulturae.</strong></span> <span class='ocrx_word' id='word_1_111' title='bbox 1508 2461 1564 2535; x_wconf 92' lang='lat' dir='ltr'><strong>Si-</strong></span> 
     </span>
     <span class='ocr_line' id='line_1_14' title="bbox 390 2576 1563 2676; baseline 0.004 -26"><span class='ocrx_word' id='word_1_112' title='bbox 390 2578 485 2651; x_wconf 90' lang='lat' dir='ltr'><strong>milis</strong></span> <span class='ocrx_word' id='word_1_113' title='bbox 510 2597 666 2650; x_wconf 91' lang='lat' dir='ltr'><strong>acervus</strong></span> <span class='ocrx_word' id='word_1_114' title='bbox 691 2576 852 2672; x_wconf 91' lang='lat' dir='ltr'><strong>lapidum</strong></span> <span class='ocrx_word' id='word_1_115' title='bbox 879 2577 996 2652; x_wconf 91' lang='lat' dir='ltr'><strong>lactus</strong></span> <span class='ocrx_word' id='word_1_116' title='bbox 1021 2585 1075 2653; x_wconf 89' lang='lat' dir='ltr'><strong>est</strong></span> <span class='ocrx_word' id='word_1_117' title='bbox 1100 2601 1212 2676; x_wconf 93' lang='lat' dir='ltr'><strong>supra</strong></span> <span class='ocrx_word' id='word_1_118' title='bbox 1236 2602 1370 2676; x_wconf 91' lang='lat' dir='ltr'><strong>corpus</strong></span> <span class='ocrx_word' id='word_1_119' title='bbox 1392 2580 1563 2675; x_wconf 71' lang='lat' dir='ltr'><strong>absalon,</strong></span> 
     </span>
     <span class='ocr_line' id='line_1_15' title="bbox 386 2697 1562 2796; baseline 0.002 -23"><span class='ocrx_word' id='word_1_120' title='bbox 386 2697 534 2793; x_wconf 89' lang='lat' dir='ltr'><strong>quando</strong></span> <span class='ocrx_word' id='word_1_121' title='bbox 560 2698 770 2772; x_wconf 85' lang='lat' dir='ltr'><strong>interiectus</strong></span> <span class='ocrx_word' id='word_1_122' title='bbox 795 2698 863 2771; x_wconf 91' lang='lat' dir='ltr'><strong>luit</strong></span> <span class='ocrx_word' id='word_1_123' title='bbox 887 2698 1050 2774; x_wconf 91' lang='lat' dir='ltr'><strong>deiectus</strong></span> <span class='ocrx_word' id='word_1_124' title='bbox 1076 2701 1113 2774; x_wconf 94' lang='lat' dir='ltr'><strong>in</strong></span> <span class='ocrx_word' id='word_1_125' title='bbox 1146 2701 1308 2796; x_wconf 82' lang='lat' dir='ltr'><strong>loveam3</strong></span> <span class='ocrx_word' id='word_1_126' title='bbox 1343 2701 1562 2777; x_wconf 92' lang='lat' dir='ltr'><strong>sicutenim</strong></span> 
     </span>
     <span class='ocr_line' id='line_1_16' title="bbox 387 2818 1562 2917; baseline 0.004 -25"><span class='ocrx_word' id='word_1_127' title='bbox 387 2820 510 2893; x_wconf 89' lang='lat' dir='ltr'><strong>anima</strong></span> <span class='ocrx_word' id='word_1_128' title='bbox 536 2818 604 2892; x_wconf 89' lang='lat' dir='ltr'><strong>luit</strong></span> <span class='ocrx_word' id='word_1_129' title='bbox 627 2838 800 2913; x_wconf 90' lang='lat' dir='ltr'><strong>oppressa</strong></span> <span class='ocrx_word' id='word_1_130' title='bbox 825 2819 1058 2895; x_wconf 88' lang='lat' dir='ltr'><strong>multitudine</strong></span> <span class='ocrx_word' id='word_1_131' title='bbox 1082 2827 1332 2917; x_wconf 88' lang='lat' dir='ltr'><strong>peccatorum,</strong></span> <span class='ocrx_word' id='word_1_132' title='bbox 1359 2822 1407 2897; x_wconf 93' lang='lat' dir='ltr'><strong>ita</strong></span> <span class='ocrx_word' id='word_1_133' title='bbox 1426 2842 1562 2917; x_wconf 90' lang='lat' dir='ltr'><strong>corpus</strong></span> 
     </span>
     <span class='ocr_line' id='line_1_17' title="bbox 387 2930 1562 3035; baseline 0.003 -22"><span class='ocrx_word' id='word_1_134' title='bbox 387 2940 456 3013; x_wconf 87' lang='lat' dir='ltr'><strong>luit</strong></span> <span class='ocrx_word' id='word_1_135' title='bbox 481 2958 696 3035; x_wconf 91' lang='lat' dir='ltr'><strong>oppressum</strong></span> <span class='ocrx_word' id='word_1_136' title='bbox 724 2937 956 3013; x_wconf 91' lang='lat' dir='ltr'><strong>multitudine</strong></span> <span class='ocrx_word' id='word_1_137' title='bbox 981 2940 1144 3034; x_wconf 91' lang='lat' dir='ltr'><strong>lapidum</strong></span> <span class='ocrx_word' id='word_1_138' title='bbox 1160 2930 1207 3033; x_wconf 71' lang='lat'>(⁴).</span> <span class='ocrx_word' id='word_1_139' title='bbox 1234 2942 1308 3017; x_wconf 91' lang='lat' dir='ltr'><strong>Nec</strong></span> <span class='ocrx_word' id='word_1_140' title='bbox 1329 2948 1453 3016; x_wconf 89' lang='lat' dir='ltr'><strong>tamen</strong></span> <span class='ocrx_word' id='word_1_141' title='bbox 1480 2961 1562 3016; x_wconf 86' lang='lat' dir='ltr'><strong>ossa</strong></span> 
     </span>
     <span class='ocr_line' id='line_1_18' title="bbox 386 3059 1559 3155; baseline 0.001 -21"><span class='ocrx_word' id='word_1_142' title='bbox 386 3060 561 3134; x_wconf 86' lang='lat' dir='ltr'><strong>llantredi</strong></span> <span class='ocrx_word' id='word_1_143' title='bbox 586 3059 648 3133; x_wconf 90' lang='lat' dir='ltr'><strong>diu</strong></span> <span class='ocrx_word' id='word_1_144' title='bbox 674 3059 896 3153; x_wconf 90' lang='lat' dir='ltr'><strong>quieverunt</strong></span> <span class='ocrx_word' id='word_1_145' title='bbox 919 3059 981 3155; x_wconf 86' lang='lat' dir='ltr'><strong>ibi,</strong></span> <span class='ocrx_word' id='word_1_146' title='bbox 1001 3060 1077 3135; x_wconf 92' lang='lat' dir='ltr'><strong>imo</strong></span> <span class='ocrx_word' id='word_1_147' title='bbox 1095 3069 1238 3136; x_wconf 92' lang='lat' dir='ltr'><strong>remota</strong></span> <span class='ocrx_word' id='word_1_148' title='bbox 1256 3084 1276 3137; x_wconf 93' lang='lat' dir='ltr'><strong>a</strong></span> <span class='ocrx_word' id='word_1_149' title='bbox 1299 3068 1398 3137; x_wconf 89' lang='lat' dir='ltr'><strong>terra</strong></span> <span class='ocrx_word' id='word_1_150' title='bbox 1416 3061 1559 3137; x_wconf 90' lang='lat' dir='ltr'><strong>abiecta</strong></span> 
     </span>
     <span class='ocr_line' id='line_1_19' title="bbox 387 3179 1560 3277; baseline 0.001 -22"><span class='ocrx_word' id='word_1_151' title='bbox 387 3181 534 3255; x_wconf 89' lang='lat' dir='ltr'><strong>suntin</strong></span> <span class='ocrx_word' id='word_1_152' title='bbox 564 3202 712 3275; x_wconf 85' lang='lat' dir='ltr'><strong>aquam.</strong></span> <span class='ocrx_word' id='word_1_153' title='bbox 746 3179 838 3253; x_wconf 86' lang='lat' dir='ltr'><strong>Dicit</strong></span> <span class='ocrx_word' id='word_1_154' title='bbox 867 3200 981 3276; x_wconf 82' lang='lat' dir='ltr'><strong>ergo:</strong></span> <span class='ocrx_word' id='word_1_155' title='bbox 1014 3203 1058 3254; x_wconf 90' lang='lat' dir='ltr'><strong>or</strong></span> <span class='ocrx_word' id='word_1_156' title='bbox 1091 3185 1123 3255; x_wconf 84' lang='lat' dir='ltr'><strong>te</strong></span> <span class='ocrx_word' id='word_1_157' title='bbox 1154 3183 1286 3274; x_wconf 80' lang='lat' dir='ltr'><strong>dopna,</strong></span> <span class='ocrx_word' id='word_1_158' title='bbox 1321 3183 1467 3277; x_wconf 86' lang='lat' dir='ltr'><strong>scilicet,</strong></span> <span class='ocrx_word' id='word_1_159' title='bbox 1501 3183 1560 3256; x_wconf 90' lang='lat' dir='ltr'><strong>illa</strong></span> 
     </span>
     <span class='ocr_line' id='line_1_20' title="bbox 387 3302 1560 3398; baseline -0.001 -22"><span class='ocrx_word' id='word_1_160' title='bbox 387 3320 481 3396; x_wconf 80' lang='lat' dir='ltr'><strong>ossa,</strong></span> <span class='ocrx_word' id='word_1_161' title='bbox 508 3304 544 3375; x_wconf 87' lang='lat' dir='ltr'><strong>to</strong></span> <span class='ocrx_word' id='word_1_162' title='bbox 563 3302 926 3394; x_wconf 62' lang='lat' dir='ltr'><strong>propalarentur</strong></span> <span class='ocrx_word' id='word_1_163' title='bbox 950 3308 1063 3391; x_wconf 85' lang='lat' dir='ltr'><strong>cento,</strong></span> <span class='ocrx_word' id='word_1_164' title='bbox 1090 3302 1176 3396; x_wconf 90' lang='lat' dir='ltr'><strong>quia</strong></span> <span class='ocrx_word' id='word_1_165' title='bbox 1202 3310 1288 3376; x_wconf 92' lang='lat' dir='ltr'><strong>sunt</strong></span> <span class='ocrx_word' id='word_1_166' title='bbox 1310 3302 1501 3398; x_wconf 88' lang='lat' dir='ltr'><strong>insepulta,</strong></span> <span class='ocrx_word' id='word_1_167' title='bbox 1522 3306 1560 3377; x_wconf 84' lang='lat' dir='ltr'><strong>dt</strong></span> 
     </span>
     <span class='ocr_line' id='line_1_21' title="bbox 382 3422 1561 3517; baseline 0.002 -24"><span class='ocrx_word' id='word_1_168' title='bbox 382 3426 469 3517; x_wconf 70' lang='lat' dir='ltr'><strong>litor</strong></span> <span class='ocrx_word' id='word_1_169' title='bbox 497 3423 562 3494; x_wconf 86' lang='lat' dir='ltr'><strong>dol</strong></span> <span class='ocrx_word' id='word_1_170' title='bbox 586 3441 711 3512; x_wconf 79' lang='lat' dir='ltr'><strong>reparo,</strong></span> <span class='ocrx_word' id='word_1_171' title='bbox 744 3427 780 3495; x_wconf 90' lang='lat' dir='ltr'><strong>et</strong></span> <span class='ocrx_word' id='word_1_172' title='bbox 813 3440 901 3495; x_wconf 90' lang='lat' dir='ltr'><strong>ecce</strong></span> <span class='ocrx_word' id='word_1_173' title='bbox 932 3422 1082 3495; x_wconf 89' lang='lat' dir='ltr'><strong>locum:</strong></span> <span class='ocrx_word' id='word_1_174' title='bbox 1115 3424 1217 3515; x_wconf 76' lang='lat' dir='ltr'><strong>quud</strong></span> <span class='ocrx_word' id='word_1_175' title='bbox 1247 3426 1353 3513; x_wconf 79' lang='lat' dir='ltr'><strong>tunpo</strong></span> <span class='ocrx_word' id='word_1_176' title='bbox 1381 3426 1409 3496; x_wconf 87' lang='lat' dir='ltr'><strong>tl</strong></span> <span class='ocrx_word' id='word_1_177' title='bbox 1441 3424 1561 3511; x_wconf 85' lang='lat' dir='ltr'><strong>Verde,</strong></span> 
     </span>
     <span class='ocr_line' id='line_1_22' title="bbox 386 3541 1560 3645; baseline 0.001 -30"><span class='ocrx_word' id='word_1_178' title='bbox 386 3543 488 3635; x_wconf 85' lang='lat' dir='ltr'><strong>idest,</strong></span> <span class='ocrx_word' id='word_1_179' title='bbox 516 3562 629 3638; x_wconf 88' lang='lat' dir='ltr'><strong>prope</strong></span> <span class='ocrx_word' id='word_1_180' title='bbox 654 3542 794 3615; x_wconf 91' lang='lat' dir='ltr'><strong>llumen</strong></span> <span class='ocrx_word' id='word_1_181' title='bbox 819 3542 957 3645; x_wconf 89' lang='lat' dir='ltr'><strong>dictum</strong></span> <span class='ocrx_word' id='word_1_182' title='bbox 984 3541 1116 3636; x_wconf 80' lang='lat' dir='ltr'><strong>viride,</strong></span> <span class='ocrx_word' id='word_1_183' title='bbox 1143 3542 1242 3636; x_wconf 88' lang='lat' dir='ltr'><strong>quod</strong></span> <span class='ocrx_word' id='word_1_184' title='bbox 1275 3542 1370 3618; x_wconf 92' lang='lat' dir='ltr'><strong>inter</strong></span> <span class='ocrx_word' id='word_1_185' title='bbox 1403 3562 1560 3640; x_wconf 80' lang='lat' dir='ltr'><strong>regnum</strong></span> 
     </span>
     <span class='ocr_line' id='line_1_23' title="bbox 385 3661 1560 3767; baseline -0.002 -30"><span class='ocrx_word' id='word_1_186' title='bbox 385 3669 423 3737; x_wconf 92' lang='lat' dir='ltr'><strong>et</strong></span> <span class='ocrx_word' id='word_1_187' title='bbox 448 3662 684 3758; x_wconf 80' lang='lat' dir='ltr'><strong>Campaniam</strong></span> <span class='ocrx_word' id='word_1_188' title='bbox 717 3661 901 3767; x_wconf 86' lang='lat' dir='ltr'><strong>deseendit</strong></span> <span class='ocrx_word' id='word_1_189' title='bbox 926 3662 963 3734; x_wconf 92' lang='lat' dir='ltr'><strong>in</strong></span> <span class='ocrx_word' id='word_1_190' title='bbox 989 3682 1095 3735; x_wconf 91' lang='lat' dir='ltr'><strong>mare</strong></span> <span class='ocrx_word' id='word_1_191' title='bbox 1120 3664 1362 3757; x_wconf 83' lang='lat' dir='ltr'><strong>tyrrhenum3</strong></span> <span class='ocrx_word' id='word_1_192' title='bbox 1390 3669 1426 3737; x_wconf 88' lang='lat' dir='ltr'><strong>et</strong></span> <span class='ocrx_word' id='word_1_193' title='bbox 1452 3662 1560 3737; x_wconf 90' lang='lat' dir='ltr'><strong>dicit:</strong></span> 
     </span>
     <span class='ocr_line' id='line_1_24' title="bbox 385 3774 1562 3877; baseline 0.001 -21"><span class='ocrx_word' id='word_1_194' title='bbox 385 3784 474 3856; x_wconf 84' lang='lat' dir='ltr'><strong>dooe</strong></span> <span class='ocrx_word' id='word_1_195' title='bbox 499 3785 530 3856; x_wconf 86' lang='lat' dir='ltr'><strong>te</strong></span> <span class='ocrx_word' id='word_1_196' title='bbox 562 3774 745 3873; x_wconf 74' lang='lat' dir='ltr'><strong>trarnrutd,</strong></span> <span class='ocrx_word' id='word_1_197' title='bbox 776 3781 921 3877; x_wconf 85' lang='lat' dir='ltr'><strong>scilicet,</strong></span> <span class='ocrx_word' id='word_1_198' title='bbox 954 3782 1013 3856; x_wconf 87' lang='lat' dir='ltr'><strong>ille</strong></span> <span class='ocrx_word' id='word_1_199' title='bbox 1045 3789 1170 3877; x_wconf 93' lang='lat' dir='ltr'><strong>pastor</strong></span> <span class='ocrx_word' id='word_1_200' title='bbox 1201 3783 1390 3876; x_wconf 69' lang='lat' dir='ltr'><strong>cosentina,</strong></span> <span class='ocrx_word' id='word_1_201' title='bbox 1423 3786 1562 3857; x_wconf 83' lang='lat' dir='ltr'><strong>alume</strong></span> 
     </span>
     <span class='ocr_line' id='line_1_25' title="bbox 385 3901 1561 3997; baseline 0.002 -20"><span class='ocrx_word' id='word_1_202' title='bbox 385 3910 518 3997; x_wconf 79' lang='lat' dir='ltr'><strong>sponte,</strong></span> <span class='ocrx_word' id='word_1_203' title='bbox 537 3902 639 3996; x_wconf 83' lang='lat' dir='ltr'><strong>idest,</strong></span> <span class='ocrx_word' id='word_1_204' title='bbox 657 3901 816 3977; x_wconf 88' lang='lat' dir='ltr'><strong>candelis</strong></span> <span class='ocrx_word' id='word_1_205' title='bbox 836 3902 1004 3977; x_wconf 81' lang='lat' dir='ltr'><strong>extinctis</strong></span> <span class='ocrx_word' id='word_1_206' title='bbox 1021 3922 1108 3977; x_wconf 85' lang='lat' dir='ltr'><strong>eum</strong></span> <span class='ocrx_word' id='word_1_207' title='bbox 1127 3904 1508 3980; x_wconf 84' lang='lat' dir='ltr'><strong>excommunicatione</strong></span> <span class='ocrx_word' id='word_1_208' title='bbox 1525 3910 1561 3979; x_wconf 89' lang='lat' dir='ltr'><strong>et</strong></span> 
     </span>
     <span class='ocr_line' id='line_1_26' title="bbox 385 4022 1561 4117; baseline 0.002 -20"><span class='ocrx_word' id='word_1_209' title='bbox 385 4024 649 4099; x_wconf 88' lang='lat' dir='ltr'><strong>maledictione.</strong></span> <span class='ocrx_word' id='word_1_210' title='bbox 677 4024 721 4096; x_wconf 86' lang='lat' dir='ltr'><strong>Et</strong></span> <span class='ocrx_word' id='word_1_211' title='bbox 746 4022 805 4097; x_wconf 88' lang='lat' dir='ltr'><strong>hic</strong></span> <span class='ocrx_word' id='word_1_212' title='bbox 829 4030 915 4098; x_wconf 88' lang='lat' dir='ltr'><strong>nota</strong></span> <span class='ocrx_word' id='word_1_213' title='bbox 933 4023 1032 4117; x_wconf 85' lang='lat' dir='ltr'><strong>quod</strong></span> <span class='ocrx_word' id='word_1_214' title='bbox 1050 4024 1218 4098; x_wconf 86' lang='lat' dir='ltr'><strong>Cosentia</strong></span> <span class='ocrx_word' id='word_1_215' title='bbox 1235 4024 1303 4097; x_wconf 88' lang='lat' dir='ltr'><strong>luit</strong></span> <span class='ocrx_word' id='word_1_216' title='bbox 1320 4024 1407 4098; x_wconf 94' lang='lat' dir='ltr'><strong>olim</strong></span> <span class='ocrx_word' id='word_1_217' title='bbox 1434 4025 1561 4101; x_wconf 88' lang='lat' dir='ltr'><strong>civitas</strong></span> 
     </span>
     <span class='ocr_line' id='line_1_27' title="bbox 385 4142 1560 4241; baseline 0.003 -24"><span class='ocrx_word' id='word_1_218' title='bbox 385 4144 571 4237; x_wconf 85' lang='lat' dir='ltr'><strong>Lucaniae,</strong></span> <span class='ocrx_word' id='word_1_219' title='bbox 609 4142 708 4217; x_wconf 91' lang='lat' dir='ltr'><strong>unde</strong></span> <span class='ocrx_word' id='word_1_220' title='bbox 750 4143 817 4216; x_wconf 88' lang='lat' dir='ltr'><strong>luit</strong></span> <span class='ocrx_word' id='word_1_221' title='bbox 854 4142 1033 4217; x_wconf 88' lang='lat' dir='ltr'><strong>Henrieus</strong></span> <span class='ocrx_word' id='word_1_222' title='bbox 1071 4143 1190 4239; x_wconf 58' lang='lat' dir='ltr'><strong>milen</strong></span> <span class='ocrx_word' id='word_1_223' title='bbox 1229 4145 1293 4239; x_wconf 89' lang='lat' dir='ltr'><strong>qui</strong></span> <span class='ocrx_word' id='word_1_224' title='bbox 1326 4165 1394 4241; x_wconf 93' lang='lat' dir='ltr'><strong>pro</strong></span> <span class='ocrx_word' id='word_1_225' title='bbox 1429 4145 1560 4221; x_wconf 86' lang='lat' dir='ltr'><strong>Carolo</strong></span> 
     </span>
     <span class='ocr_line' id='line_1_28' title="bbox 385 4263 1560 4361; baseline 0.002 -23"><span class='ocrx_word' id='word_1_226' title='bbox 385 4265 536 4359; x_wconf 87' lang='lat' dir='ltr'><strong>praelato</strong></span> <span class='ocrx_word' id='word_1_227' title='bbox 566 4263 790 4337; x_wconf 90' lang='lat' dir='ltr'><strong>subornatus</strong></span> <span class='ocrx_word' id='word_1_228' title='bbox 817 4264 972 4359; x_wconf 81' lang='lat' dir='ltr'><strong>gestavit</strong></span> <span class='ocrx_word' id='word_1_229' title='bbox 1003 4265 1127 4360; x_wconf 82' lang='lat' dir='ltr'><strong>regale</strong></span> <span class='ocrx_word' id='word_1_230' title='bbox 1156 4264 1323 4339; x_wconf 88' lang='lat' dir='ltr'><strong>diadema</strong></span> <span class='ocrx_word' id='word_1_231' title='bbox 1359 4265 1396 4339; x_wconf 93' lang='lat' dir='ltr'><strong>in</strong></span> <span class='ocrx_word' id='word_1_232' title='bbox 1428 4266 1560 4361; x_wconf 73' lang='lat' dir='ltr'><strong>proelio</strong></span> 
     </span>
     <span class='ocr_line' id='line_1_29' title="bbox 385 4384 1559 4480; baseline -0.001 -19"><span class='ocrx_word' id='word_1_233' title='bbox 385 4391 512 4461; x_wconf 87' lang='lat' dir='ltr'><strong>contra</strong></span> <span class='ocrx_word' id='word_1_234' title='bbox 526 4384 786 4459; x_wconf 88' lang='lat' dir='ltr'><strong>Conradinum.</strong></span> <span class='ocrx_word' id='word_1_235' title='bbox 801 4384 855 4457; x_wconf 84' lang='lat' dir='ltr'><strong>lle</strong></span> <span class='ocrx_word' id='word_1_236' title='bbox 871 4384 938 4460; x_wconf 91' lang='lat' dir='ltr'><strong>ista</strong></span> <span class='ocrx_word' id='word_1_237' title='bbox 952 4384 1098 4459; x_wconf 76' lang='lat' dir='ltr'><strong>civitate</strong></span> <span class='ocrx_word' id='word_1_238' title='bbox 1115 4384 1328 4480; x_wconf 81' lang='lat' dir='ltr'><strong>frequenter</strong></span> <span class='ocrx_word' id='word_1_239' title='bbox 1350 4386 1435 4461; x_wconf 89' lang='lat' dir='ltr'><strong>lacit</strong></span> <span class='ocrx_word' id='word_1_240' title='bbox 1452 4408 1559 4475; x_wconf 87' lang='lat' dir='ltr'><strong>men-</strong></span> 
     </span>
     <span class='ocr_line' id='line_1_30' title="bbox 384 4502 1559 4602; baseline 0.003 -25"><span class='ocrx_word' id='word_1_241' title='bbox 384 4505 521 4579; x_wconf 85' lang='lat' dir='ltr'><strong>tionem</strong></span> <span class='ocrx_word' id='word_1_242' title='bbox 548 4502 681 4577; x_wconf 88' lang='lat' dir='ltr'><strong>Livius.</strong></span> <span class='ocrx_word' id='word_1_243' title='bbox 696 4508 826 4575; x_wconf 87' lang='lat' dir='ltr'><strong>—Per</strong></span> <span class='ocrx_word' id='word_1_244' title='bbox 851 4506 917 4577; x_wconf 88' lang='lat' dir='ltr'><strong>tor.</strong></span> <span class='ocrx_word' id='word_1_245' title='bbox 937 4503 1001 4577; x_wconf 87' lang='lat' dir='ltr'><strong>llic</strong></span> <span class='ocrx_word' id='word_1_246' title='bbox 1017 4504 1225 4579; x_wconf 88' lang='lat' dir='ltr'><strong>llanlredus</strong></span> <span class='ocrx_word' id='word_1_247' title='bbox 1243 4506 1437 4601; x_wconf 90' lang='lat' dir='ltr'><strong>respondet</strong></span> <span class='ocrx_word' id='word_1_248' title='bbox 1455 4528 1559 4602; x_wconf 88' lang='lat' dir='ltr'><strong>quae-</strong></span> 
     </span>
     <span class='ocr_line' id='line_1_31' title="bbox 384 4624 1559 4723; baseline 0.002 -24"><span class='ocrx_word' id='word_1_249' title='bbox 384 4624 490 4699; x_wconf 90' lang='lat' dir='ltr'><strong>stioni</strong></span> <span class='ocrx_word' id='word_1_250' title='bbox 516 4624 646 4717; x_wconf 71' lang='lat' dir='ltr'><strong>tacita,</strong></span> <span class='ocrx_word' id='word_1_251' title='bbox 664 4624 752 4717; x_wconf 90' lang='lat' dir='ltr'><strong>quia</strong></span> <span class='ocrx_word' id='word_1_252' title='bbox 768 4625 903 4699; x_wconf 86' lang='lat' dir='ltr'><strong>Dautes</strong></span> <span class='ocrx_word' id='word_1_253' title='bbox 920 4630 1064 4719; x_wconf 89' lang='lat' dir='ltr'><strong>poterat</strong></span> <span class='ocrx_word' id='word_1_254' title='bbox 1080 4624 1263 4700; x_wconf 91' lang='lat' dir='ltr'><strong>obiicere:</strong></span> <span class='ocrx_word' id='word_1_255' title='bbox 1290 4646 1380 4723; x_wconf 81' lang='lat' dir='ltr'><strong>ergo</strong></span> <span class='ocrx_word' id='word_1_256' title='bbox 1407 4648 1559 4703; x_wconf 88' lang='lat' dir='ltr'><strong>excom-</strong></span> 
     </span>
     <span class='ocr_line' id='line_1_32' title="bbox 387 4743 1559 4843; baseline 0.003 -24"><span class='ocrx_word' id='word_1_257' title='bbox 387 4744 597 4819; x_wconf 87' lang='lat' dir='ltr'><strong>municatus</strong></span> <span class='ocrx_word' id='word_1_258' title='bbox 622 4749 739 4840; x_wconf 90' lang='lat' dir='ltr'><strong>potest</strong></span> <span class='ocrx_word' id='word_1_259' title='bbox 760 4744 913 4819; x_wconf 81' lang='lat' dir='ltr'><strong>salvari:</strong></span> <span class='ocrx_word' id='word_1_260' title='bbox 939 4743 1023 4819; x_wconf 90' lang='lat' dir='ltr'><strong>dicit</strong></span> <span class='ocrx_word' id='word_1_261' title='bbox 1039 4745 1246 4819; x_wconf 88' lang='lat' dir='ltr'><strong>Manlredus</strong></span> <span class='ocrx_word' id='word_1_262' title='bbox 1268 4748 1369 4841; x_wconf 91' lang='lat' dir='ltr'><strong>quod</strong></span> <span class='ocrx_word' id='word_1_263' title='bbox 1384 4747 1453 4842; x_wconf 86' lang='lat' dir='ltr'><strong>sic;</strong></span> <span class='ocrx_word' id='word_1_264' title='bbox 1472 4748 1559 4843; x_wconf 88' lang='lat' dir='ltr'><strong>quia</strong></span> 
     </span>
     <span class='ocr_line' id='line_1_33' title="bbox 387 4864 1559 4960; baseline 0.003 -20"><span class='ocrx_word' id='word_1_265' title='bbox 387 4864 720 4941; x_wconf 85' lang='lat' dir='ltr'><strong>excommunicatio</strong></span> <span class='ocrx_word' id='word_1_266' title='bbox 737 4866 975 4960; x_wconf 89' lang='lat' dir='ltr'><strong>praelatorum</strong></span> <span class='ocrx_word' id='word_1_267' title='bbox 993 4886 1067 4939; x_wconf 92' lang='lat' dir='ltr'><strong>non</strong></span> <span class='ocrx_word' id='word_1_268' title='bbox 1088 4872 1207 4960; x_wconf 90' lang='lat' dir='ltr'><strong>polest</strong></span> <span class='ocrx_word' id='word_1_269' title='bbox 1232 4868 1361 4943; x_wconf 91' lang='lat' dir='ltr'><strong>tollere</strong></span> <span class='ocrx_word' id='word_1_270' title='bbox 1386 4867 1559 4943; x_wconf 88' lang='lat' dir='ltr'><strong>salvatio-</strong></span> 
     </span>
    </p>
   </div>
   <div class='ocr_carea' id='block_1_5' title="bbox 448 5051 1417 5193">
    <p class='ocr_par' dir='ltr' id='par_1_5' title="bbox 448 5051 1417 5193">
     <span class='ocr_line' id='line_1_34' title="bbox 448 5051 1417 5118; baseline -0.007 -14"><span class='ocrx_word' id='word_1_271' title='bbox 448 5055 475 5115; x_wconf 83' lang='lat'><strong>(&#39;)</strong></span> <span class='ocrx_word' id='word_1_272' title='bbox 491 5053 522 5103; x_wconf 83' lang='lat' dir='ltr'><strong>E.</strong></span> <span class='ocrx_word' id='word_1_273' title='bbox 537 5051 624 5103; x_wconf 87' lang='lat' dir='ltr'><strong>illum.</strong></span> <span class='ocrx_word' id='word_1_274' title='bbox 811 5052 839 5115; x_wconf 82' lang='lat'><strong>(¹)</strong></span> <span class='ocrx_word' id='word_1_275' title='bbox 855 5053 887 5103; x_wconf 86' lang='lat' dir='ltr'><strong>E.</strong></span> <span class='ocrx_word' id='word_1_276' title='bbox 902 5052 1006 5103; x_wconf 73' lang='lat' dir='ltr'><strong>montis.</strong></span> <span class='ocrx_word' id='word_1_277' title='bbox 1193 5052 1221 5117; x_wconf 83' lang='lat'><strong>(⁸)</strong></span> <span class='ocrx_word' id='word_1_278' title='bbox 1238 5056 1291 5115; x_wconf 83' lang='grc'><strong>117,</strong></span> <span class='ocrx_word' id='word_1_279' title='bbox 1309 5060 1417 5118; x_wconf 75' lang='lat' dir='ltr'><strong>ponunt.</strong></span> 
     </span>
     <span class='ocr_line' id='line_1_35' title="bbox 448 5129 1302 5193; baseline 0.002 -13"><span class='ocrx_word' id='word_1_280' title='bbox 448 5129 474 5193; x_wconf 70' lang='grc' dir='ltr'><strong>(Ἶ</strong></span> <span class='ocrx_word' id='word_1_281' title='bbox 492 5133 547 5191; x_wconf 82' lang='grc'><strong>117,</strong></span> <span class='ocrx_word' id='word_1_282' title='bbox 563 5130 691 5193; x_wconf 69' lang='lat' dir='ltr'><strong>lapidum</strong></span> <span class='ocrx_word' id='word_1_283' title='bbox 708 5134 736 5181; x_wconf 85' lang='lat' dir='ltr'><strong>et</strong></span> <span class='ocrx_word' id='word_1_284' title='bbox 750 5130 842 5181; x_wconf 79' lang='lat' dir='ltr'><strong>deindo</strong></span> <span class='ocrx_word' id='word_1_285' title='bbox 857 5144 913 5181; x_wconf 75' lang='lat' dir='ltr'><strong>ossa</strong></span> <span class='ocrx_word' id='word_1_286' title='bbox 929 5130 1059 5184; x_wconf 73' lang='lat' dir='ltr'><strong>ormnem</strong></span> <span class='ocrx_word' id='word_1_287' title='bbox 1074 5136 1176 5181; x_wconf 80' lang='lat' dir='ltr'><strong>remota</strong></span> <span class='ocrx_word' id='word_1_288' title='bbox 1192 5145 1206 5181; x_wconf 80' lang='lat' dir='ltr'><strong>a</strong></span> <span class='ocrx_word' id='word_1_289' title='bbox 1223 5136 1233 5182; x_wconf 91' lang='lat' dir='ltr'><strong>t</strong></span> <span class='ocrx_word' id='word_1_290' title='bbox 1234 5144 1302 5182; x_wconf 82' lang='lat' dir='ltr'><strong>rrrrr</strong></span> 
     </span>
    </p>
   </div>
   <div class='ocr_carea' id='block_1_6' title="bbox 0 0 2276 6841">
    <p class='ocr_par' dir='ltr' id='par_1_6' title="bbox 0 0 2276 6841">
     <span class='ocr_line' id='line_1_36' title="bbox 0 0 2276 6841; baseline 0 0"><span class='ocrx_word' id='word_1_291' title='bbox 0 0 2276 6841; x_wconf 95' lang='lat' dir='ltr'><strong> </strong></span> 
     </span>
    </p>
   </div>
  </div>
 </body>
</html>
