4542 6842
707 954 777 1022 let
1062 961 1269 1017 coumruu
1293 960 1514 1016 rununronn

704 1108 977 1195 continuatione
1009 1107 1110 1203 fingit
1141 1106 1251 1201 quod,
1276 1104 1522 1202 gratulatione
1547 1104 1680 1201 saepius
1710 1104 1878 1201 repetita,

706 1228 891 1303 Sordellus
916 1226 1042 1322 petivit
1067 1248 1089 1301 a
1115 1226 1265 1323 Virgilio
1291 1225 1374 1319 quis
1399 1231 1506 1319 esset,
1533 1231 1571 1300 et
1595 1226 1656 1302 ille
1682 1224 1877 1321 respondit.

706 1348 798 1422 Dicit
823 1369 935 1447 ergo:
963 1350 1101 1439 Sordel,
1127 1355 1165 1424 et
1191 1346 1337 1422 videtur
1361 1366 1498 1421 nomen
1522 1345 1755 1442 conveniam,
1773 1337 1879 1441 quasi

707 1489 839 1565 parum
866 1467 1033 1543 sordidus
1058 1466 1218 1562 libidine,
1238 1471 1269 1541 si
1289 1476 1414 1558 nosse,
1432 1466 1535 1559 idest,
1558 1486 1689 1561 parum
1713 1474 1814 1543 retro
1839 1487 1880 1542 se

708 1588 865 1683 reduxit,
892 1610 911 1662 e
947 1592 1060 1663 disse:
1091 1590 1149 1661 voi
1182 1590 1236 1661 cbi
1263 1591 1357 1680 tute,
1388 1586 1475 1682 quia
1505 1594 1612 1661 erant
1644 1586 1718 1662 duo
1753 1586 1879 1683 magni

708 1717 826 1806 poetae
852 1710 972 1804 simul,
998 1730 1096 1783 unus
1128 1708 1313 1803 antiquus,
1338 1708 1432 1782 alter
1461 1708 1679 1803 modernum
1705 1708 1763 1784 vel
1793 1707 1881 1782 dicit

709 1830 919 1925 simpliciter
956 1828 1115 1926 Virgilio,
1148 1849 1260 1903 causa
1280 1823 1317 1921 (¹)
1345 1828 1493 1903 honoris
1518 1834 1555 1903 et
1580 1828 1809 1921 reverentiae,
1842 1828 1881 1900 in

711 1950 854 2045 plurali,
879 1970 966 2045 vos3
994 1958 1031 2023 et
1056 1948 1123 2022 ista
1149 1948 1295 2023 videtur
1320 1948 1452 2023 melior
1476 1948 1665 2043 expositio,
1687 1947 1775 2043 quia
1800 1947 1883 2021 Vir·

710 2071 819 2168 gilius
843 2070 1075 2165 respondebit
1095 2070 1215 2144 solum
1234 2070 1280 2145 de
1296 2089 1348 2163 se,
1365 2074 1404 2143 et
1423 2090 1497 2143 non
1518 2069 1720 2143 nominabit
1739 2068 1881 2143 socium

712 2191 793 2266 bic:
823 2194 947 2284 poscio
976 2192 1035 2263 cle
1066 2192 1334 2283 toccoptoaze,
1359 2190 1463 2284 idest,
1493 2191 1769 2286 gratulationes,
1801 2208 1884 2264 am·

712 2311 909 2407 plexiones,
935 2318 1049 2383 onesta
1074 2332 1092 2383 e
1117 2313 1205 2401 licta,
1231 2331 1304 2385 uon
1330 2311 1476 2385 lascivae
1501 2312 1560 2385 rel
1577 2331 1694 2405 vanae,
1709 2314 1795 2404 suro
1822 2313 1886 2383 ite-

712 2438 802 2524 rao,
828 2430 919 2505 idest
944 2430 1048 2506 taotae
1073 2437 1109 2505 et
1136 2431 1282 2505 rosactae
1298 2421 1348 2524 ι’),
1365 2438 1418 2504 tre
1448 2437 1629 2521 eunoun
1652 2434 1754 2521 voto,
1781 2430 1885 2524 tuest,

714 2552 851 2647 pluries
867 2557 905 2625 et
921 2552 1068 2647 pluries.
1085 2551 1129 2624 lit
1147 2550 1206 2626 bic
1222 2558 1309 2625 nota
1326 2550 1425 2645 quod
1443 2557 1549 2646 poeta
1567 2551 1626 2626 bic
1642 2553 1887 2647 comprehen-

715 2672 768 2746 dit
792 2678 996 2765 utrumque
1021 2693 1235 2765 numerum,
1260 2672 1397 2747 scilicet
1422 2692 1550 2768 parem
1575 2678 1612 2747 et
1637 2672 1830 2767 imparem,
1847 2680 1887 2749 et

716 2792 904 2888 praemittit
928 2792 1107 2887 imparem
1135 2799 1325 2886 tamquam
1343 2791 1619 2887 perfectiorem
1638 2792 1736 2867 unde
1753 2813 1887 2869 nume-

718 2934 784 2986 rus
808 2914 926 3008 impar
951 2912 1047 3008 apud
1077 2913 1324 2988 arismetricos
1354 2913 1557 3007 appellatur
1583 2912 1794 3007 masculus,
1820 2934 1888 3009 par

718 3052 809 3107 vero
833 3032 983 3107 loemina
1013 3040 1163 3128 propter
1195 3032 1252 3107 sui
1284 3031 1609 3127 imperfectionem,
1634 3031 1730 3106 sicut
1763 3032 1889 3107 scribit

718 3153 922 3229 Macrobius
947 3154 984 3229 io
1010 3174 1078 3228 suo
1095 3143 1131 3246 (³)
1157 3153 1204 3229 de
1228 3152 1371 3228 somnio
1387 3151 1573 3248 Scipionis,
1593 3171 1780 3248 exponens
1800 3152 1889 3227 illud

718 3274 874 3370 Virgilii:
905 3278 935 3348 0
960 3282 1078 3367 terque
1103 3282 1290 3367 quomque
1314 3275 1405 3346 beuti
1420 3279 1488 3348 etc.
1507 3274 1551 3347 ut
1576 3273 1750 3347 continuo
1768 3273 1891 3348 subdit

719 3393 992 3489 responsionem
1020 3394 1167 3491 Virgilii,
1194 3394 1258 3489 qui
1288 3394 1449 3469 breviter
1478 3393 1574 3487 dicit,
1600 3393 1700 3487 quod
1731 3393 1815 3469 licet
1846 3393 1892 3468 sit

720 3516 778 3590 lric
805 3536 932 3610 novus,
951 3521 1006 3590 est
1025 3522 1196 3589 mortuus
1220 3521 1258 3590 et
1283 3515 1478 3615 damnatus
1494 3521 1695 3607 antequam
1717 3520 1814 3589 osset
1828 3534 1893 3588 or-

721 3637 886 3713 dinatum
913 3636 1184 3733 purgatorium,
1209 3636 1308 3710 circa
1339 3635 1440 3710 initia
1469 3635 1612 3731 imperii
1638 3635 1792 3710 Caesaris
1816 3636 1894 3708 bu·

722 3754 830 3855 gusti.
857 3755 991 3830 Ordina
1017 3756 1067 3830 sic
1092 3756 1258 3830 literam:
1275 3758 1302 3830 il
1320 3757 1411 3827 duca
1430 3758 1501 3829 mio
1519 3758 1656 3848 ra'spose
1677 3747 1761 3848 cosi,
1788 3754 1891 3850 idest,

723 3875 894 3973 Virgilius
920 3874 1103 3971 respondit
1128 3875 1292 3951 Sordello
1323 3875 1393 3949 sub
1425 3876 1493 3949 bac
1522 3875 1642 3949 forma
1667 3875 1893 3950 verborum:

725 4000 747 4071 Γ
758 4018 840 4071 ossa
873 4000 939 4070 mic
963 4000 1026 4090 sur
1058 4000 1186 4091 sepulte
1214 4017 1282 4089 per
1311 3998 1487 4087 Ottooion,
1517 3995 1563 4070 de
1596 4016 1671 4089 qua
1704 3996 1895 4091 sepultura

725 4116 862 4191 dictum
889 4122 945 4191 est
970 4136 1080 4212 supra
1108 4116 1215 4211 plene
1237 4115 1397 4211 capitulo
1422 4115 1477 4210 lll,
1504 4119 1626 4208 primo
1653 4118 1743 4189 cl'o
1777 4123 1895 4208 comto

725 4244 852 4329 amab,
886 4236 1021 4311 scilicet
1046 4236 1261 4333 purgatorii,
1292 4240 1409 4330 sosser
1435 4238 1522 4310 volte
1548 4238 1699 4308 ioniam
1724 4238 1835 4328 depae
1859 4238 1898 4310 di

725 4360 833 4432 solbe
858 4378 882 4431 o
907 4360 990 4445 Dio,
1016 4356 1119 4451 idest,
1144 4357 1277 4431 animae
1302 4356 1575 4451 salvandorum,
1599 4356 1689 4449 quta
1713 4364 1801 4433 anto
1829 4356 1897 4432 ad-

726 4486 878 4556 ventum
899 4478 1042 4574 Christi,
1061 4479 1124 4573 qui
1141 4479 1352 4553 incarnatus
1368 4483 1423 4553 est
1439 4477 1510 4552 sub
1526 4476 1705 4574 Augusto,
1723 4478 1898 4553 non'erat

726 4600 994 4697 purgatorium.
1017 4601 1060 4674 Et
1085 4606 1184 4674 tacto
1202 4606 1369 4695 tempore
1385 4598 1514 4674 mortis
1530 4605 1569 4674 et
1586 4599 1797 4695 sepulture,
1817 4605 1898 4675 tan·

726 4720 779 4817 git
803 4740 940 4795 nomen
970 4740 1081 4793 sunm
1113 4726 1151 4793 et
1181 4718 1310 4793 vitium
1343 4717 1571 4813 infidelitatis,
1601 4718 1748 4795 dicens:
1773 4723 1809 4793 io
1833 4740 1900 4794 son

738 4843 893 4931 Virgilio,
917 4860 940 4914 a
971 4839 1075 4937 virga
1106 4838 1466 4934 discendorum
1497 4845 1554 4913 est
1587 4839 1708 4934 primo
1736 4839 1896 4935 capitulo

795 5089 993 5155 t')11'l‚gratir
1012 5090 1126 5141 honoris.
1252 5086 1281 5152 ξ’)
1296 5088 1328 5139 B.
1344 5088 1458 5140 reiecta.
1517 5145 1522 5161 Ι
1584 5088 1612 5153 l')
1626 5088 1654 5139 S.
1667 5089 1696 5139 lu
1710 5101 1759 5139 suo
1773 5088 1842 5141 libro
1857 5088 1899 5141 dc.
