4542 6842
830 991 968 1047 caurus
990 992 1121 1052 nonus.
1345 999 1349 1007 ·
1489 980 1560 1050 259

388 1144 489 1215 caret
504 1130 542 1231 (⁴)
568 1138 604 1213 in
630 1137 744 1213 otiosa
771 1137 933 1213 umbrat
958 1136 1026 1215 Cui
1051 1136 1209 1212 Achilles
1240 1136 1434 1232 rospondit,
1461 1138 1559 1233 quod

388 1279 477 1333 suus
503 1257 599 1335 ensis
624 1264 818 1335 excusaret
847 1257 973 1332 iailum
1002 1257 1153 1333 matris:
1180 1262 1218 1331 ct
1242 1256 1368 1352 petivit
1392 1256 1559 1355 Ulyxem,

389 1377 487 1473 quod
505 1377 572 1454 sibi
589 1382 758 1456 narraret
782 1376 956 1472 principia
973 1384 1010 1451 et
1021 1377 1141 1472 justas
1156 1396 1287 1451 causas
1307 1375 1447 1451 irarum
1469 1398 1560 1452 con-

389 1504 445 1571 tra
469 1496 625 1571 Troiam.
653 1497 786 1593 ulyxes
812 1495 975 1573 narravit
999 1494 1047 1570 illi
1075 1502 1222 1590 raptum
1239 1496 1398 1592 Helenae,
1415 1503 1453 1571 et
1469 1496 1559 1575 dixit

388 1625 470 1713 post
495 1614 634 1691 muita:
661 1615 747 1712 quid
771 1636 902 1713 ageres
928 1615 956 1691 si
982 1613 1113 1708 aliquis
1130 1614 1201 1689 iret
1221 1635 1320 1689 nunc
1341 1615 1387 1689 ad
1412 1617 1559 1711 rapien-

388 1737 473 1811 dam
490 1729 526 1831 (¹)
551 1737 788 1831 Deidamiam
815 1743 853 1813 et
883 1740 1088 1831 asportaret
1112 1754 1135 1809 a
1159 1736 1277 1829 patria
1302 1735 1399 1814 iliam
1424 1738 1560 1813 attoni-

389 1862 465 1931 tam
491 1863 528 1936 et
553 1858 773 1934 clamantem
800 1874 936 1931 nomen
954 1854 1078 1952 magni
1096 1853 1267 1929 debitiist
1283 1856 1385 1930 Tunc
1404 1857 1559 1933 Achilles

389 1977 535 2053 reduxit
560 1998 712 2052 manum
739 1976 785 2051 ad
811 1975 997 2071 capulum,
1016 1980 1053 2051 et
1072 1994 1230 2071 magnus
1249 1976 1372 2075 'rubor
1395 1977 1560 2058 accendit

388 2096 519 2173 taciem
537 2096 625 2172 eius
640 2096 774 2192 Ulyxes
792 2100 985 2170 contentus
1006 2094 1060 2169 bis
1079 2095 1203 2169 tacuit.
1221 2094 1265 2169 ut
1282 2095 1455 2171 continuo
1472 2098 1559 2171 bio-

388 2216 514 2291 medes
538 2216 649 2312 coepit
672 2222 800 2312 petere
816 2200 999 2289 'Achillem
1021 2214 1067 2289 de
1083 2215 1163 2289 eius
1185 2214 1371 2289 nutritura
1388 2217 1457 2291 sub
1474 2218 1559 2292 Cbi-

386 2356 500 2431 mne3
527 2342 565 2411 et
594 2335 646 2411 sic
678 2334 952 2411 confabulantes
986 2340 1170 2409 venerunt
1200 2333 1248 2409 ad
1281 2355 1467 2432 campum,
1494 2337 1558 2412 ubi

384 2456 468 2533 iecit
493 2456 553 2533 illa
580 2455 745 2533 miranda
771 2474 856 2551 quae
881 2454 1005 2531 scribit
1026 2454 1210 2529 Homerus
1227 2454 1265 2529 in
1281 2478 1349 2532 sua
1373 2457 1492 2534 Hiade.
1515 2460 1559 2535 et

385 2574 445 2651 bic
471 2582 568 2670 nota,
593 2575 720 2669 lector,
747 2574 847 2669 quod
872 2575 965 2649 solet
988 2594 1086 2669 saepe
1111 2575 1253 2650 moveri
1278 2575 1446 2674 dubium,
1463 2600 1558 2675 qua-

386 2695 468 2771 liter
493 2704 549 2773 est
573 2696 752 2793 possibile,
779 2694 877 2790 quod
894 2695 1058 2791 Pyrrhus
1083 2693 1179 2769 iilius
1202 2694 1348 2771 Achillis
1377 2705 1485 2773 natus
1510 2718 1558 2774 ex

389 2814 577 2893 Deidamia
603 2814 745 2891 venerit
761 2814 807 2889 ad
825 2814 969 2889 troiam
989 2818 1068 2909 post
1086 2823 1245 2891 mortem
1265 2816 1377 2910 patris
1402 2817 1449 2892 ad
1465 2818 1560 2895 betia

387 2935 576 3032 gerenda?
602 2934 666 3011 sed
691 2942 804 3013 certe·
818 2934 870 3009 sic
895 2934 1102 3011 dubitantes
1119 2954 1193 3010 nou
1214 2935 1444 3011 considerant
1460 2937 1560 3031 quod

387 3063 585 3152 apparatus
611 3056 700 3131 tanti
726 3055 809 3133 belli
835 3075 909 3131 non
933 3053 1051 3151 potuit
1076 3054 1155 3131 fieri
1181 3056 1218 3131 in
1250 3056 1353 3132 brevi
1381 3062 1558 3153 tempore.

388 3176 491 3251 Unde
515 3177 626 3253 debes
651 3176 746 3252 scire
772 3174 870 3271 quod
888 3181 1055 3272 tempore
1075 3176 1203 3251 mortis
1223 3177 1398 3272 Hectoris,
1423 3178 1561 3253 Helena

383 3299 462 3394 J'am
488 3304 639 3373 steterat
664 3298 701 3373 in
725 3296 833 3371 Troia
859 3316 927 3391 per
952 3296 1109 3391 spatium
1140 3295 1267 3394 viginti
1295 3317 1492 3393 annorum,
1519 3305 1561 3372 ut

390 3417 513 3493 scribit
538 3418 721 3493 Homerus
746 3415 858 3493 xxlll
884 3415 1023 3489 Hiados
1049 3416 1102 3491 Ex
1129 3415 1232 3491 dictis
1257 3416 1368 3491 etiam
1390 3437 1562 3493 remore-

389 3546 450 3613 tur
475 3537 573 3614 aliud
599 3537 765 3631 dubium,
791 3536 969 3631 videlicet,
988 3536 1070 3631 quis
1095 3536 1206 3627 inerit
1227 3537 1442 3613 laudabilior
1455 3528 1493 3631 (⁸)
1511 3558 1561 3613 an

387 3658 533 3752 Hector,
559 3678 607 3732 an
633 3656 814 3733 Achilles?
844 3657 953 3733 Certe
987 3677 1059 3731 non
1089 3658 1208 3731 solnm
1244 3658 1427 3733 Homerus
1465 3677 1562 3755 grm-

389 3798 466 3872 cus,
488 3778 551 3853 sed
572 3776 754 3874 Virgilius,
775 3776 912 3853 Statius
934 3784 972 3853 et
989 3776 1112 3853 ceteri
1134 3783 1252 3873 poetae
1269 3778 1370 3853 latini
1391 3778 1561 3853 videntur

390 3898 566 3994 praeierre
590 3895 780 3992 bcbibem,
797 3896 859 3991 qui
883 3897 920 3971 in
946 3897 1164 3973 strenuitate
1183 3919 1377 3973 armorum
1404 3898 1473 3973 tuit
1496 3920 1562 3973 su·

392 4018 536 4114 perior3
574 4024 611 4092 et
648 4017 719 4093 alia
756 4018 874 4095 multa
907 4017 1167 4095 adscribuntur
1196 4019 1276 4115 sibi,
1309 4040 1394 4115 quae
1427 4020 1562 4097 Cbiron

392 4138 567 4235 magister
592 4156 684 4212 suns
712 4137 838 4213 docuit
861 4138 979 4234 ilium,
1004 4138 1068 4233 qui
1095 4139 1196 4215 novit
1214 4139 1373 4237 pulsare,
1399 4148 1561 4237 mutare,

390 4262 429 4332 ct
462 4256 707 4337 medicamina
742 4257 957 4353 barbarum,
989 4257 1128 4335 nobiles
1163 4280 1296 4356 mores,
1319 4261 1499 4357 justitiam
1525 4270 1563 4337 et

390 4377 542 4453 modurn
582 4377 749 4475 regendi,
780 4383 822 4452 ut
859 4376 983 4454 scribit
1012 4378 1160 4455 Statius.
1190 4380 1296 4453 Nunc
1328 4388 1384 4456 est
1416 4386 1563 4477 tempus

393 4500 562 4575 veniendi
587 4500 633 4575 ad
659 4499 816 4595 literam,
837 4519 921 4595 quae
947 4498 1023 4573 istis
1039 4499 1125 4574 risis
1143 4506 1311 4575 remanet
1328 4501 1434 4577 valde
1450 4503 1560 4577 clara.

391 4618 483 4695 Dicit
507 4638 618 4716 ergo:
645 4621 871 4695 subdiacon
896 4621 1095 4712 animent,
1121 4619 1225 4713 idest,
1250 4620 1426 4716 similiter,
1451 4624 1483 4696 si
1510 4625 1563 4697 n·-

389 4761 516 4833 scosse,
543 4739 679 4817 scilicet
710 4760 733 4815 a
767 4760 910 4835 somno,
936 4746 973 4815 et
1002 4738 1188 4837 evigilavit
1206 4729 1258 4836 (⁸),
1281 4744 1333 4833 qb·
1360 4744 1457 4815 cocti
1482 4764 1562 4817 sve·

388 4864 489 4954 otiati
510 4864 717 4954 &uoluendo
741 4862 778 4937 in
803 4864 898 4958 ciro,
926 4866 965 4935 ut
986 4860 1119 4936 audisti
1145 4862 1251 4956 piene
1275 4860 1313 4937 in
1339 4869 1487 4938 narrata
1506 4863 1563 4939 bi-

452 5055 480 5116 i'i
496 5059 551 5113 1¹7,
565 5058 691 5108 meamet
1003 5052 1030 5117 (¹)
1046 5052 1071 5105 S.
1088 5055 1250 5118 rapiendum.

453 5129 479 5193 ι’)
496 5130 521 5180 S.
537 5129 650 5184 nobilior
664 5143 699 5184 an
714 5129 822 5187 Hector.
1003 5130 1031 5195 (Ἴ
1047 5130 1077 5181 Β.
1093 5136 1120 5188 et
1135 5131 1258 5197 iniunt.
