4542 6842
676 991 816 1047 caurus
841 990 999 1046 nacruus
1023 990 1206 1045 sarrrnrus
1456 978 1527 1044 tot

356 1134 502 1209 ritatem
533 1135 658 1228 noetis,
693 1142 726 1207 at
755 1154 925 1207 erooomo
955 1137 1073 1228 offilo,
1109 1134 1212 1227 idest,
1243 1135 1528 1209 firmaveramus

354 1274 421 1329 nos
446 1253 495 1329 ibi
519 1276 541 1328 a
568 1254 686 1346 simili,
709 1275 781 1347 pur
804 1275 900 1328 corae
923 1274 1014 1328 nove
1037 1256 1087 1327 cll'
1101 1256 1175 1328 allo
1199 1257 1349 1347 pioppio
1380 1258 1528 1327 amaa:

353 1379 392 1449 et
417 1381 473 1449 est
497 1373 694 1448 similitudo
720 1374 867 1470 propria
884 1374 1001 1450 valde.
1022 1373 1123 1449 Siout
1145 1374 1242 1448 enim
1271 1374 1373 1448 navis
1399 1372 1527 1446 [irma-

355 1500 416 1568 tur
432 1493 480 1569 ad
499 1493 671 1591 plagiam,
690 1500 731 1567 ut
748 1501 819 1570 stet
835 1494 882 1569 ad
899 1499 1055 1591 tempus,
1074 1500 1111 1569 et
1131 1501 1257 1590 postea
1275 1495 1422 1570 tandem
1441 1513 1526 1590 per-

354 1615 476 1689 veniat
501 1613 548 1690 ad
572 1622 734 1709 portum,
751 1614 816 1687 nbi
835 1614 1015 1689 tutissime
1032 1615 1218 1709 quieseat3
1235 1614 1286 1688 ita
1307 1635 1406 1688 nuno
1422 1614 1527 1710 inge-

355 1734 457 1810 nium
483 1742 611 1831 poete,
638 1735 737 1830 qnod
763 1736 840 1832 ipse
859 1736 938 1830 jam
965 1734 1178 1810 assimilavit
1196 1734 1280 1808 navi
1297 1734 1335 1808 in
1351 1732 1527 1829 principio

354 1857 464 1931 huius
477 1855 690 1952 purgatorii,
709 1855 922 1931 firmaverat
939 1876 980 1931 se
996 1856 1042 1932 ad
1060 1854 1311 1930 summitatem
1329 1854 1448 1948 scalae,
1463 1853 1527 1927 ubi

354 1982 468 2050 staret
493 1996 559 2070 per
584 1982 750 2050 noctem:
777 1982 814 2050 et
839 1975 888 2049 ita
908 1976 986 2070 J'am
1013 1975 1098 2049 iecit
1116 1974 1212 2068 alibi,
1231 1981 1267 2048 et
1287 1974 1394 2048 iactet
1410 1972 1527 2048 donec

354 2096 542 2192 perveniat
567 2096 614 2170 ad
639 2095 770 2189 Deum,
797 2096 935 2190 inquo
962 2102 1153 2189 tamquam
1186 2095 1224 2168 in
1251 2094 1391 2191 placido
1417 2099 1526 2188 portu

355 2235 459 2290 mens
476 2221 557 2310 post
574 2216 722 2311 longam
740 2214 1011 2311 navigationem
1031 2215 1206 2310 quiescat.
1225 2214 1302 2289 Neo
1317 2219 1441 2288 tamen
1459 2233 1526 2288 vo-

354 2335 422 2409 luit
446 2334 601 2430 perdere
625 2332 801 2409 inutiliter
831 2332 937 2407 istam
969 2340 1134 2429 noetem3
1162 2333 1260 2408 unde
1285 2332 1390 2407 dicit:
1424 2335 1469 2406 ed
1491 2334 1527 2404 io

353 2458 453 2529 attasi
479 2474 527 2527 ua
555 2474 646 2548 poco
676 2456 705 2526 ε’
717 2456 752 2525 io
786 2456 918 2526 oodassi
950 2456 1077 2526 olonna
1107 2474 1204 2545 cosa,
1230 2454 1290 2526 vel
1322 2452 1526 2527 secundum

353 2575 462 2649 aliam
488 2573 643 2667 literam,
669 2574 790 2662 adue,
814 2574 873 2644 uel
898 2592 1014 2645 nuovo
1042 2575 1180 2664 pirena,
1206 2571 1353 2666 scilicet,
1381 2578 1526 2666 quarto,

354 2694 448 2771 siout
473 2700 554 2769 erat
579 2691 774 2787 aliquando
796 2691 923 2766 solitus
939 2692 1066 2767 videre
1082 2694 1143 2767 vel
1159 2691 1289 2767 audire
1313 2692 1351 2765 in
1376 2692 1527 2766 introitu

354 2814 511 2888 aliorum
538 2813 789 2907 circulorum3
815 2834 834 2885 e
859 2815 936 2906 poi,
963 2812 1109 2907 scilicet,
1135 2833 1221 2886 oum
1248 2812 1335 2886 nihil
1361 2812 1525 2887 viderem

355 2933 414 3007 vel
438 2932 619 3026 audirem,
637 2934 686 3004 mi
711 2934 799 3005 votet
822 2934 862 3004 ol
884 2936 953 3005 mio
972 2940 1138 3024 maestro,
1156 2930 1303 3026 scilieet,
1323 2931 1526 3028 Virgilium,

354 3052 419 3146 qui
443 3052 658 3127 informaret
683 3070 744 3125 me
768 3051 815 3125 de
840 3052 932 3145 loco,
959 3073 978 3124 e
1002 3054 1107 3125 dissi:
1135 3073 1158 3125 ο
1184 3055 1282 3126 dolce
1305 3054 1375 3124 mio
1395 3053 1525 3144 padre,

354 3172 518 3266 loquitur
543 3170 675 3245 blande
698 3170 827 3245 avidus
852 3170 1023 3246 audiendi
1043 3172 1254 3266 novitatem,
1272 3174 1335 3262 αι’,
1351 3175 1454 3263 quate
1470 3174 1527 3264 os-

351 3294 520 3387 seruiooe,
546 3290 649 3386 idest,
676 3289 783 3385 culpa
808 3289 995 3365 oilendens
1021 3291 1153 3385 Deum,
1177 3294 1210 3364 si
1236 3312 1356 3384 pra-pa
1386 3294 1446 3387 qui
1469 3292 1528 3362 uel

352 3417 434 3505 piro
451 3415 539 3486 dove
554 3418 677 3484 semo?
689 3410 824 3485 seilicet
845 3416 997 3505 quart03
1012 3418 1049 3486 et
1065 3412 1168 3485 dicit:
1185 3434 1222 3485 se
1236 3407 1324 3505 ipie'
1338 3415 1370 3485 si
1385 3419 1527 3502 stuuao,

315 3626 319 3632 .
353 3530 458 3626 quasi
482 3530 594 3604 dieat:
627 3529 657 3603 si
683 3550 757 3604 nou
786 3551 981 3626 possumus
1012 3532 1207 3606 ambulare
1238 3532 1285 3606 de
1309 3538 1428 3625 nocte,
1455 3551 1527 3604 uon

352 3656 420 3727 sliu
444 3659 503 3726 tuo
527 3670 713 3744 saranum
738 3651 825 3744 quia
850 3649 946 3725 bene
975 3672 1172 3747 possumus
1197 3652 1296 3745 loqui
1327 3651 1374 3727 de
1403 3651 1526 3746 aliqua

354 3770 508 3847 materia
532 3770 659 3865 pulcra
685 3790 758 3844 nou
783 3769 1039 3865 impertinente
1063 3771 1109 3845 ad
1133 3771 1373 3866 propositum.
1397 3772 1441 3843 Et
1467 3771 1526 3845 hic

355 3896 451 3986 nota,
481 3890 607 3985 lector,
638 3888 737 3984 quod
766 3895 873 3984 poeta
906 3895 1029 3965 noster
1065 3910 1200 3987 magna
1235 3896 1317 3965 arte
1346 3890 1431 3965 iacit
1465 3890 1524 3964 hic

354 4010 460 4086 istam
490 4009 759 4104 inquisitionem
793 4008 920 4084 utilem
950 4017 988 4085 et
1022 4010 1282 4104 necessariam,
1312 4032 1380 4106 per
1411 4031 1523 4105 quam

354 4130 437 4205 iacit
461 4128 726 4203 distinctionem
753 4129 891 4203 claram
922 4129 1033 4203 totius
1063 4129 1266 4227 purgatorii
1298 4149 1366 4225 per
1395 4148 1524 4203 omnes

353 4249 490 4347 gradus
507 4268 604 4341 suos,
622 4246 716 4321 siout
733 4246 817 4321 iecit
834 4247 870 4321 in
888 4268 963 4323 uno
981 4248 1140 4344 capitulo
1158 4248 1290 4323 inserui
1310 4268 1376 4344 per
1393 4267 1523 4323 omnes

354 4370 511 4445 oirculos
536 4375 605 4443 eto.
618 4408 668 4421 -
680 4372 725 4440 Et
740 4369 804 4441 elli.
824 4366 889 4441 llio
905 4374 1012 4463 poeta
1031 4369 1131 4463 ponit
1150 4369 1424 4464 responsionem
1444 4368 1526 4472 Vir-

353 4489 429 4587 gilii
453 4487 500 4564 ad
523 4508 564 4563 se
589 4486 730 4563 dicens:
757 4492 803 4560 Et
816 4490 873 4560 alli
892 4508 916 4559 a
937 4509 1004 4579 me,
1027 4489 1166 4584 supple,
1184 4488 1355 4585 Virgilius
1373 4509 1526 4584 respon·

353 4611 421 4686 dit:
448 4614 471 4684 t'
483 4630 587 4682 umor
616 4611 674 4682 del
702 4608 780 4700 beu,
805 4606 952 4701 seilicet,
978 4608 1055 4683 reri
1087 4608 1184 4703 boni,
1210 4630 1337 4702 soemo,
1366 4607 1527 4683 diminu-

354 4738 414 4804 tus
429 4721 464 4822 (¹)
499 4732 536 4804 et
569 4728 702 4821 lentus,
731 4729 789 4800 del
814 4748 878 4801 suo
904 4730 1033 4820 'donea
1064 4727 1111 4803 ad
1140 4727 1405 4822 acquirendum
1438 4725 1525 4800 illud

353 4850 514 4925 bouum:
531 4848 602 4922 hoc
626 4854 753 4922 autem
781 4852 926 4921 nonest
947 4846 1046 4921 aliud
1063 4847 1187 4922 dicere
1207 4846 1275 4921 nisi
1294 4845 1442 4921 accidia.
1464 4846 1527 4920 Est

418 5108 446 5173 (¹)
462 5108 493 5160 Ε.
510 5108 667 5160 diminutum
682 5113 710 5160 et
725 5110 834 5159 lentum.
893 5128 894 5131 ¹

488 5216 529 5259 lli.
1362 5218 1390 5261 tt)
