4542 6842
688 928 759 1003 3'38
1015 990 1017 997 .
1045 942 1250 997 counuruu
1274 943 1497 998 rurcnmuu

686 1113 765 1167 sua.
792 1090 897 1167 Stetit
921 1096 1047 1165 autem
1074 1108 1141 1184 per
1166 1096 1328 1183 quatuor
1351 1088 1428 1164 dies
1453 1090 1500 1163 ibi
1527 1089 1770 1166 simulans‘se
1795 1112 1861 1166 va·

686 1232 774 1289 care
790 1210 1018 1287 orationibus
1035 1209 1239 1284 secundum
1257 1210 1379 1305 legem
1394 1231 1512 1285 suam.
1527 1210 1716 1287 olofernes
1732 1219 1859 1287 autem

687 1334 820 1411 ardeus
846 1333 926 1407 eius
955 1352 1096 1426 amore,
1128 1350 1204 1405 uno
1233 1350 1318 1407 sero
1342 1352 1429 1405 cum
1460 1332 1497 1405 iu
1527 1332 1695 1407 convivio
1724 1354 1861 1430 magno

687 1455 836 1529 bibisset
861 1455 1056 1547 plusquam
1083 1471 1284 1545 umquam,
1312 1450 1435 1525 luditb
1465 1449 1596 1525 invasit
1620 1471 1707 1525 cum
1737 1454 1862 1548 sepul-

688 1582 768 1649 tum
794 1594 924 1675 somno
946 1578 982 1647 et
999 1571 1097 1665 vino,
1117 1577 1156 1645 et
1171 1577 1282 1665 caput
1299 1570 1394 1645 illius
1414 1570 1615 1645 abscissum
1637 1566 1796 1668 portavit
1815 1573 1862 1647 ad

688 1717 796 1789 su0s;
822 1693 968 1789 quode
993 1691 1249 1767 consiliosius
1274 1691 1391 1786 posito
1416 1690 1453 1764 in
1480 1712 1590 1767 muro
1609 1692 1774 1787 civitatis,
1795 1694 1861 1769 be·

690 1816 843 1892 thuliani
879 1820 1094 1910 eruperunt,
1128 1818 1167 1889 et
1203 1812 1410 1887 exercitum
1445 1812 1597 1888 faciliter
1630 1814 1863 1889 debellarunt

685 1938 763 2035 j'anr
791 1958 866 2031 prae
892 1935 1026 2008 timore
1042 1932 1255 2029 lugientem.
1273 1932 1378 2007 Ozias
1394 1940 1521 2008 autem
1540 1933 1637 2008 misit
1655 1934 1779 2009 literas
1796 1954 1862 2029 per
1892 1992 1896 1999 .

689 2077 819 2132 omnes
844 2055 1007 2131 civitates
1032 2054 1144 2127 lsrael
1169 2060 1206 2127 et
1231 2054 1414 2149 persecuti
1438 2060 1524 2127 sunt
1552 2075 1618 2130 ecs
1647 2055 1862 2149 peremnia

690 2178 820 2251 itinera
847 2166 1040 2249 montium.
1059 2174 1103 2247 tlt
1119 2173 1283 2248 loacbim
1310 2194 1481 2247 summus
1505 2173 1665 2269 pontiiex
1691 2173 1729 2248 in
1755 2174 1864 2249 Jeru-

522 2250 528 2263 Ι
555 2310 557 2317 ’
690 2298 803 2371 salem
830 2294 930 2369 venit
955 2293 1159 2368 bethuliam
1185 2292 1232 2367 ad
1257 2292 1452 2367 videndam
1469 2293 1604 2387 luditb,
1623 2314 1737 2387 quam
1759 2295 1864 2369 exal·

690 2417 780 2490 tavit
804 2421 842 2489 et
866 2412 1052 2488 benedixit
1077 2432 1189 2506 super
1221 2432 1351 2487 omnes
1383 2412 1568 2488 mulieres.
1602 2414 1655 2487 Er
1687 2414 1743 2488 bis
1774 2434 1864 2511 ergo

691 2544 790 2634 patet
815 2534 1002 2630 quomodo
1020 2533 1246 2607 intoleranda
1264 2534 1438 2628 superbia
1459 2533 1611 2608 contusa
1629 2540 1685 2609 est
1701 2554 1768 2630 per
1785 2556 1867 2609 ma·

692 2679 782 2731 num
809 2656 1025 2730 bumillimae
1051 2653 1226 2728 mulieris.
1253 2654 1307 2727 Ad
1333 2654 1476 2728 literam
1503 2675 1610 2751 ergo:
1630 2655 1716 2729 dicit
1736 2662 1864 2750 poeta:
1957 2659 1962 2667 '

693 2784 729 2851 et
755 2776 843 2851 illud
869 2775 1133 2871 pavimentum,
1159 2781 1354 2866 mortrado,
1379 2774 1428 2846 ibi
1455 2773 1670 2871 figuratum,
1696 2796 1793 2849 come
1816 2779 1868 2867 pli

693 2900 808 2972 Assirr'
835 2900 867 2970 si
894 2899 1039 2990 [nuptm
1063 2898 1100 2967 in
1125 2902 1234 2986 rotro,
1261 2894 1362 2988 quia,u
1387 2900 1427 2967 ut
1452 2895 1596 2969 dicetur
1611 2888 1648 2987 (¹)
1682 2895 1720 2969 in
1748 2895 1866 2990 litera,

693 3018 743 3091 ita
768 3016 988 3092 consternati
1014 3023 1111 3109 sunt,
1139 3023 1180 3088 ut
1206 3016 1328 3089 nullus
1355 3016 1570 3109 loqueretur
1586 3036 1674 3090 cum
1697 3017 1867 3111 proximo

693 3160 774 3234 suo,
797 3140 998 3231 potense
1023 3144 1138 3210 morto
1168 3140 1344 3230 oloferne,
1375 3145 1412 3211 et
1436 3138 1600 3232 sepultus
1625 3137 1662 3211 iu
1687 3138 1868 3233 sanguiue

692 3281 780 3354 su0;
811 3266 849 3333 et
872 3258 977 3333 dicit:
995 3265 1027 3331 et
1042 3279 1145 3349 anco,
1162 3256 1266 3351 idest,
1287 3256 1398 3332 etiam
1420 3258 1645 3352 ostendebat,
1671 3262 1702 3332 le
1725 3261 1869 3351 reliquie

692 3363 753 3455 del'
773 3382 936 3471 martiro,
963 3378 1109 3472 scilicet,
1135 3378 1335 3454 occisiones
1366 3379 1523 3453 militum
1551 3400 1720 3475 suorum,
1745 3388 1783 3455 et
1814 3381 1868 3456 la·

693 3521 817 3577 ceram
845 3500 983 3596 lugam.
1002 3500 1114 3573 Erant
1132 3499 1231 3573 euim
1248 3507 1399 3573 centum
1420 3499 1546 3595 viginti
1564 3499 1675 3575 millia
1691 3501 1869 3598 peditum,

694 3628 732 3697 et
757 3620 923 3715 equitum
944 3611 980 3713 β)
1001 3619 1219 3717 vigintiduo
1238 3618 1368 3713 millia;
1393 3620 1559 3695 similiter
1575 3628 1614 3696 et
1630 3622 1771 3716 praedas
1787 3644 1870 3697 ma-

693 3762 797 3839 gnae,
823 3761 907 3814 nam
935 3759 1064 3814 omnes
1089 3738 1190 3813 ditati
1216 3747 1302 3814 suut
1326 3739 1457 3834 spoliis.
1476 3740 1671 3815 Benedicta
1693 3723 1785 3838 ergo
1803 3742 1871 3815 Ju-

694 3863 769 3939 ditb
796 3862 969 3937 castitatis
987 3860 1212 3955 exemplum,
1230 3880 1316 3954 quae
1340 3860 1387 3935 de
1412 3860 1546 3936 invicto
1571 3868 1610 3935 et
1634 3860 1870 3957 insuperabili

695 3984 857 4082 principe
882 3988 957 4057 tam
985 3981 1268 4077 magnanimiter
1294 3982 1542 4076 triumphavit.
1564 4022 1615 4037 -
1635 3985 1779 4056 Vedeuo.
1804 3981 1870 4055 llic

697 4104 825 4179 ultimo
851 4110 958 4197 poeta
983 4101 1083 4197 pouit
1109 4120 1237 4197 regem
1263 4101 1453 4175 Priamum
1474 4102 1715 4179 memorabile
1740 4122 1871 4177 exem-

697 4225 798 4319 plum
824 4223 994 4313 tortunae,
1021 4228 1094 4295 tam
1124 4220 1332 4295 miserabile
1357 4241 1469 4315 quam
1498 4221 1601 4296 triste
1618 4223 1870 4317 spectaculum

696 4342 863 4418 omnium
877 4342 1136 4437 superborum.
1151 4342 1232 4436 lpse
1249 4339 1399 4434 quidem
1416 4340 1569 4435 antiquo
1581 4341 1761 4438 sanguine
1778 4343 1872 4417 llar-

697 4462 780 4537 dani
805 4482 1019 4558 generosus,
1038 4482 1157 4535 uxore
1182 4460 1278 4550 lelix,
1300 4460 1404 4553 prole
1428 4460 1605 4557 inclytus3
1631 4481 1716 4536 nam
1734 4481 1782 4536 ex
1799 4462 1872 4537 lle·

697 4583 793 4658 cuba
818 4583 945 4658 decem
973 4601 1106 4656 novem
1133 4579 1226 4655 lilios
1258 4580 1453 4675 utriusque
1486 4600 1599 4655 sexus
1629 4582 1799 4677 suscepit,
1824 4602 1870 4658 ex

615 4796 617 4802 k
701 4703 913 4779 concubinis
939 4702 1086 4799 triginta
1113 4723 1243 4795 unum,
1262 4722 1378 4797 regno
1397 4702 1675 4796 opulentissimo
1691 4704 1816 4777 clarus
1832 4710 1873 4777 ut

701 4824 856 4899 llesione
873 4824 1009 4897 sororis
1027 4822 1187 4897 dedecus
1204 4822 1369 4897 aboleret
1381 4812 1431 4915 (ἢ,
1445 4822 1582 4896 Helena
1600 4829 1703 4918 rapta
1721 4844 1787 4917 per
1804 4824 1874 4898 Pa-

763 5076 790 5140 p)
807 5075 837 5125 n.
854 5076 957 5127 dicitur.
1006 5140 1008 5145 Ι
1056 5074 1083 5137 (¹)
1101 5075 1132 5125 s.
1148 5038 1420 5138 murrum'uuouoom
1436 5074 1527 5125 mrim
1623 5073 1652 5137 r>
1666 5074 1698 5125 s
1714 5073 1872 5125 inureretur.
