4542 6842
709 962 778 1029 104
1064 971 1268 1027 ceuuurunr
1291 971 1513 1026 runenrunn

706 1124 833 1193 centra
858 1118 979 1213 legem
1006 1121 1160 1209 naturae,
1181 1122 1219 1190 et
1244 1114 1367 1189 omnia
1379 1115 1468 1209 jure
1488 1115 1651 1190 humanu
1677 1122 1714 1191 et
1730 1115 1876 1211 divina3

569 1325 571 1334 ,
707 1261 782 1315 nen
807 1259 963 1317 memor,
977 1237 1274 1332 persecutionum
1290 1230 1326 1328 (¹)
1355 1236 1466 1331 patris
1491 1236 1571 1311 eius
1595 1236 1740 1311 Henrici
1760 1244 1798 1312 et
1817 1237 1878 1312 avi

706 1361 785 1435 eius
810 1358 972 1435 Federici
997 1358 1021 1430 1.
1036 1356 1108 1436 Sic
1132 1378 1224 1454 ergo
1249 1357 1382 1432 videre
1400 1363 1514 1451 putes,
1532 1378 1650 1451 quare
1671 1357 1879 1433 Maniredus

705 1481 764 1556 hic
789 1479 945 1555 subticet
971 1498 1105 1553 numen
1130 1478 1254 1574 patris,
1273 1478 1337 1573 qui
1362 1477 1430 1552 init
1450 1498 1597 1574 semper
1615 1480 1801 1575 flagellum
1819 1498 1882 1555 ec-

705 1600 836 1693 clesie,
862 1600 1001 1693 etipse
1026 1599 1280 1674 reconciliatus
1312 1604 1367 1673 est
1392 1598 1469 1673 Dee
1502 1598 1540 1672 in
1572 1604 1704 1693 morte,
1730 1604 1768 1675 et
1792 1598 1878 1693 qnia

706 1720 774 1794 ruit
799 1721 976 1795 naturalis
999 1720 1111 1814 filius,
1147 1727 1184 1795 et
1215 1720 1301 1814 quia
1334 1719 1401 1793 init
1429 1719 1596 1795 conscius
1627 1721 1755 1795 mortis
1786 1721 1876 1796 eius.

707 1842 813 1917 Nunc
837 1842 883 1917 ad
909 1841 1073 1935 literam3
1100 1841 1186 1915 dicit
1210 1847 1317 1935 poeta
1341 1842 1440 1934 quod
1467 1841 1548 1917 iiie:
1568 1844 1633 1935 poi
1656 1844 1879 1935 commende,

706 1963 794 2057 quia
819 1962 941 2036 salvus
967 1967 1058 2055 erat,
1077 1962 1175 2055 quod
1197 1961 1421 2035 Dentesnun
1439 1962 1603 2058 putabat,
1620 1965 1737 2037 disse:
1753 1965 1788 2035 ic
1813 1982 1879 2035 son

707 2084 888 2177 Munsredi
910 2088 1032 2174 nepote
1047 2084 1086 2154 di
1107 2084 1295 2154 Costanziu
1314 2084 1534 2173 imperatrice
1540 2109 1555 2176 ;
1574 2082 1694 2177 petius
1711 2082 1879 2157 denomi-

707 2210 770 2278 nat
785 2195 821 2295 (²)
840 2223 880 2276 se
899 2202 947 2276 ab
969 2201 1036 2275 ista
1053 2208 1178 2275 sancta
1196 2201 1358 2296 soemine,
1377 2223 1490 2296 qnam
1508 2223 1530 2276 n
1548 2210 1653 2297 patre
1673 2210 1878 2297 peccatore.

706 2324 750 2395 Et
774 2322 859 2397 iacit
883 2320 1090 2395 iianiredus
1114 2321 1209 2395 sicut
1233 2321 1368 2415 mulus,
1388 2322 1450 2415 qni
1469 2322 1716 2419 interrogatus
1732 2344 1755 2397 a
1772 2323 1880 2399 leone

706 2443 812 2518 cuius
825 2442 920 2516 filius
937 2448 1043 2536 esset,
1061 2441 1224 2516 dicebat:
1243 2462 1325 2516 snm
1345 2462 1457 2537 nepos
1473 2442 1571 2537 equi,
1590 2463 1675 2519 curn
1695 2444 1771 2538 ipse
1784 2452 1880 2519 esset

592 2619 597 2630 .
707 2563 803 2637 iilius
827 2562 930 2636 esini.
956 2561 1082 2635 Simile
1106 2568 1162 2637 eet
1187 2562 1232 2656 ei,
1255 2561 1353 2655 quod
1379 2561 1502 2636 scribit
1527 2562 1662 2638 Statius
1682 2562 1712 2635 ll
1736 2563 1880 2640 Maioris

707 2685 755 2759 de
780 2683 962 2779 Polynice,
990 2682 1053 2776 qui
1079 2682 1325 2778 interrogatus
1354 2682 1403 2756 ab
1427 2682 1580 2758 Adrasto
1611 2702 1699 2778 rege
1732 2683 1880 2779 argivu-

707 2825 806 2899 rum,
840 2803 987 2877 neiebat
1016 2802 1209 2897 propalare
1241 2821 1376 2877 nomen
1405 2802 1517 2897 petris
1538 2801 1607 2875 -sui
1644 2801 1782 2897 OEdipi‚
1816 2802 1880 2897 qui

708 2923 852 2997 infamis
876 2928 1058 3019 genuerat
1082 2943 1170 2997 eum
1198 2942 1243 2997 ex
1266 2928 1384 2995 matre
1402 2922 1558 3017 propria.
1577 2920 1679 2997 Unde
1699 2921 1785 2996 dicit
1805 2920 1877 2995 ibi:

708 3048 771 3119 sed
800 3064 895 3116 mens
923 3043 989 3115 uti
1016 3045 1155 3115 corucia
1183 3046 1270 3135 sacti
1296 3046 1483 3116 cunctatur
1502 3045 1671 3135 preferre
1693 3047 1878 3133 putrem...

707 3171 771 3241 nst
792 3166 948 3256 yenitric
971 3167 1115 3244 Jocustu
1139 3165 1231 3237 miti.
1259 3162 1317 3238 Sic
1334 3182 1424 3259 ergo
1441 3168 1540 3258 patet
1557 3161 1656 3256 quod
1673 3162 1879 3237 Mansredus

708 3283 776 3359 iuit
801 3304 912 3378 nepes
929 3283 1149 3357 Constantiae
1169 3303 1242 3358 nen
1264 3282 1358 3357 iilius
1376 3283 1432 3357 vei
1451 3281 1651 3377 privignus,
1670 3288 1711 3355 ut
1730 3280 1879 3375 quidam

706 3405 859 3501 giusant.
898 3404 975 3479 Huc
1011 3403 1118 3497 dictu,
1157 3402 1363 3477 Mantredus
1401 3402 1486 3476 iacit
1522 3420 1627 3475 suam
1668 3400 1878 3497 petitionem

707 3525 826 3619 Danti,
847 3524 992 3601 dicens:
1014 3526 1096 3597 ond’
1109 3527 1145 3597 ie
1170 3526 1196 3597 ti
1216 3526 1341 3615 priene
1362 3526 1421 3595 cite
1438 3525 1579 3615 quurtdo
1600 3529 1635 3595 tu
1652 3526 1755 3614 nudi,
1777 3522 1881 3615 idest,

708 3646 905 3722 reverteris
929 3644 977 3720 ad
1004 3643 1185 3718 mundum
1212 3644 1395 3738 viverunt,
1422 3644 1507 3739 quia
1541 3644 1647 3718 vivus
1671 3664 1722 3737 ee,
1749 3645 1833 3717 varii
1857 3664 1882 3715 u

706 3770 779 3841 mia
803 3768 892 3840 belia
913 3769 1025 3859 finita,
1051 3765 1119 3838 ista
1145 3763 1212 3838 suit
1241 3765 1312 3839 alia
1343 3764 1552 3838 Constantia
1568 3753 1604 3856 (³)
1633 3784 1778 3860 magne,
1796 3782 1882 3857 quae

706 3888 774 3961 init
799 3886 871 3960 iilia
896 3884 1069 3960 Maniredi
1094 3890 1132 3960 et
1158 3905 1253 3959 uxor
1278 3884 1403 3959 domni
1429 3884 1526 3960 Petri
1553 3884 1650 3981 regis
1666 3888 1879 3980 Aragunum

706 4006 959 4099 strenuissimi,
973 4006 1033 4081 cui
1051 4010 1308 4079 successerunt
1324 4010 1399 4079 tres
1420 4004 1492 4099 iiiii,
1513 4004 1648 4079 scilicet
1663 4005 1880 4100 Alphonsus‚

707 4127 771 4222 qui
795 4126 1088 4201 adolescentulus
1113 4131 1285 4202 mortuus
1311 4133 1376 4219 est,
1399 4126 1479 4201 ideo
1504 4146 1576 4200 nen
1599 4124 1762 4199 nominat
1779 4144 1879 4220 eum,

708 4246 886 4322 iacobum
912 4253 949 4321 et
974 4245 1212 4340 Federicum3
1239 4244 1320 4320 ideo
1345 4244 1452 4321 dicit:
1478 4248 1655 4337 renititur,
1681 4244 1783 4339 idest,
1802 4265 1881 4319 ma-

708 4373 816 4460 trem,
842 4369 919 4439 deu
933 4387 1025 4439 onor
1054 4368 1091 4439 di
1124 4368 1243 4441 Cicilia
1267 4388 1287 4439 e
1317 4369 1354 4440 dt
1378 4372 1565 4458 Aruyunu,
1592 4366 1693 4459 idest,
1720 4366 1882 4442 honora·

706 4489 835 4563 bilium
864 4508 1009 4584 regum,
1035 4487 1122 4583 quia
1138 4487 1297 4563 domnus
1314 4487 1509 4563 Federicus
1526 4487 1594 4562 init
1612 4508 1676 4562 rex
1697 4485 1827 4561 Siciiiae
1845 4492 1883 4561 et

706 4608 865 4685 domnus
890 4608 1047 4682 incubus
1074 4629 1150 4689 rex,
1167 4607 1369 4704 Aragoniae.
1384 4608 1445 4683 ¹De
1465 4614 1569 4703 patre
1586 4614 1623 4682 et
1639 4606 1719 4682 filiis
1740 4606 1883 4685 dicetur

708 4729 802 4803 intra
826 4728 985 4823 capitulo
1012 4728 1072 4801 Vii
1099 4733 1136 4803 et
1161 4728 1245 4802 aiibi
1270 4747 1383 4822 saepe3
1409 4727 1574 4803 etrdicit:
1599 4749 1618 4800 e
1643 4729 1734 4800 unte
1757 4728 1883 4799 iivero

707 4869 734 4920 a
758 4851 801 4922 tei
824 4851 852 4921 ε’
866 4851 1015 4921 altresi
1047 4851 1133 4940 dice,
1159 4848 1306 4943 scilicet,
1339 4848 1497 4943 qualiter
1523 4869 1606 4922 sum
1633 4848 1768 4942 salvus,
1800 4847 1883 4922 iicet

772 5032 799 5095 t')
816 5034 842 5083 ⁸·
859 5034 1053 5097 perseeutione,
1242 5034 1270 5097 ι’)
1286 5034 1317 5085 n.
1334 5036 1510 5085 denominans

772 5109 799 5173 (')
816 5114 870 5171 117,
886 5109 1032 5163 Constantia
1048 5112 1212 5164 denominata
1229 5125 1244 5161 a
1259 5108 1405 5168 constantis
1420 5126 1522 5178 magns,
1538 5127 1596 5178 qne
1613 5112 1671 5163 tuit.
