4542 6842
805 989 944 1045 murus
966 988 1145 1055 Quaeres.
1495 976 1564 1044 135

390 1156 481 1214 vere
505 1136 609 1234 pigri,
635 1135 779 1209 dicens:
798 1141 843 1208 Et
863 1156 912 1208 on
931 1138 970 1209 et
985 1138 1052 1209 tor.
1070 1135 1104 1209 ls
1117 1126 1155 1227 ι’)
1174 1140 1256 1209 erat
1275 1134 1439 1229 Bilaquu,
1458 1134 1564 1209 cuius

391 1276 463 1332 vor
490 1257 589 1331 male
604 1262 780 1331 sonuerat
794 1246 832 1347 ι’)
850 1275 975 1351 supra,
991 1258 1052 1328 cte
1068 1258 1117 1327 net
1130 1254 1311 1327 semdtooo
1333 1257 1442 1344 torro,
1460 1254 1565 1349 idest,

392 1375 457 1470 qui
489 1374 682 1451 videbatur
715 1374 831 1449 lessus
864 1374 1035 1469 sedendo,
1065 1374 1153 1468 quia
1184 1395 1376 1469 nunquam
1410 1374 1565 1451 faciebat

391 1497 457 1571 nisi
483 1496 625 1592 sedere,
649 1500 774 1589 sedem
800 1496 900 1571 unde
923 1516 1011 1570 cum
1038 1494 1172 1569 [lantes
1196 1494 1395 1589 aliquando
1426 1496 1463 1569 in
1488 1498 1563 1571 vila

391 1616 598 1712 increparet
622 1638 711 1691 eum
737 1616 784 1691 de
807 1616 951 1712 pigritia
969 1636 1049 1710 sua,
1070 1615 1139 1689 iste
1156 1622 1238 1690 erat
1257 1616 1385 1690 solitus
1410 1636 1564 1711 respon-

391 1736 481 1811 dere
505 1737 605 1831 quod
628 1737 751 1812 anima
777 1736 936 1811 sedendo
961 1741 999 1810 et
1020 1735 1243 1830 quiescendo
1260 1734 1301 1811 lit
1320 1737 1479 1832 sapiens;
1500 1740 1564 1812 sed

390 1862 492 1932 certe
522 1857 651 1933 sedent
682 1856 876 1952 sapientes,
909 1855 1037 1931 cedent
1070 1854 1307 1951 negligentes.
1343 1855 1443 1930 Unde
1478 1862 1564 1935 nola

391 1976 489 2071 quod
514 1977 649 2071 duplex
675 1984 731 2051 εει
755 1976 897 2069 otium,
922 1976 1083 2049 alterum
1109 1974 1178 2049 viri
1211 1976 1381 2071 sapientis
1407 1976 1471 2070 qui
1498 1996 1565 2051 ue·

389 2096 552 2193 gotiatur
576 2096 675 2171 circa
699 2096 818 2170 studia
844 2097 1010 2189 honesta,
1037 2102 1076 2171 et
1100 2096 1169 2169 boc
1194 2096 1269 2170 otio
1295 2096 1382 2170 nibil
1409 2102 1465 2169 est
1481 2096 1564 2170 dul-

390 2216 487 2311 cius3
512 2217 612 2291 aliud
636 2223 691 2291 est
716 2216 944 2313 negligentis,
962 2215 1026 2309 qui
1045 2216 1121 2292 sola
1144 2216 1273 2310 requie
1293 2217 1509 2311 delectatur,
1527 2224 1565 2293 ει

391 2336 453 2413 tuli
478 2338 554 2413 ulio
578 2338 666 2411 nibil
691 2345 747 2411 εει
763 2336 905 2431 stedine,
923 2336 1010 2411 nibil
1028 2336 1181 2410 similius
1198 2337 1377 2432 sepulcro.
1397 2338 1561 2412 Primum

390 2466 445 2534 est
469 2459 731 2553 studiosorum,
757 2478 780 2533 a
806 2478 883 2552 quo
908 2458 1129 2552 proveniunt
1149 2458 1299 2555 egregia
1323 2478 1436 2553 opera
1462 2458 1563 2533 utiliu

390 2584 429 2653 ει
452 2578 680 2653 delectabilia
705 2577 855 2671 mundo,
887 2577 997 2671 quale
1028 2586 1084 2651 eet
1112 2577 1209 2651 istud
1238 2598 1332 2675 opus
1361 2578 1561 2674 gloriosum

393 2700 506 2774 nostri
532 2706 661 2794 poete.
688 2699 898 2773 Secundum
926 2698 1042 2773 otium
1068 2705 1124 2773 est
1148 2705 1276 2795 aptum
1311 2700 1472 2774 tristibus
1498 2700 1564 2774 de-

394 2818 476 2893 ditis
500 2818 619 2894 ventri
638 2825 677 2893 et
693 2838 836 2912 somno,
853 2817 953 2912 quud
969 2818 1173 2893 secundum
1192 2818 1382 2917 Virgilium
1402 2828 1457 2895 est
1474 2842 1564 2895 cou-

390 2942 636 3038 eanguineum
663 2938 803 3033 mortis,
827 2939 886 3013 vel
910 2940 1039 3014 saltem
1061 2946 1117 3013 est
1136 2940 1306 3034 quaedam
1328 2940 1450 3037 imago
1472 2941 1562 3017 eius.

390 3060 511 3135 Labor
535 3079 627 3157 ergo
652 3065 708 3134 est
732 3058 887 3134 materia
917 3058 1063 3133 virtutis
1092 3065 1131 3133 et
1162 3060 1304 3156 gloriae,
1330 3060 1447 3136 otium
1473 3082 1564 3136 vero

392 3182 487 3276 parit
520 3180 650 3254 vitium
684 3185 721 3255 et
752 3180 953 3273 infamiam,
979 3179 1090 3273 quale
1123 3187 1205 3254 erat
1238 3182 1354 3255 olium
1388 3182 1562 3276 Rilaquae.

390 3301 494 3377 Unde
519 3302 605 3376 audi
635 3300 665 3375 si
697 3301 792 3375 bene
817 3299 984 3394 sedebat,
1009 3300 1095 3377 dicit
1119 3300 1242 3375 enim:
1267 3308 1301 3374 et
1327 3303 1561 3375 obdroeeiooc

391 3424 642 3513 lepinoccbtm
667 3423 813 3495 noento
837 3423 865 3493 tl
887 3424 961 3493 uiso
985 3416 1046 3511 pol
1070 3422 1174 3493 besso
1199 3429 1257 3494 tra
1282 3442 1368 3512 esre,
1386 3421 1488 3516 idest,
1507 3422 1563 3496 in·

391 3548 448 3618 ter
473 3542 532 3616 illa
556 3562 692 3638 genua.
717 3542 876 3637 Dignum
902 3562 994 3638 ergo
1019 3548 1075 3616 est
1100 3542 1200 3635 quod
1215 3541 1276 3615 diu
1299 3541 1416 3616 tardet
1437 3542 1563 3617 videre

391 3663 538 3755 eoelum,
562 3662 625 3757 qui
650 3662 714 3736 diu
741 3681 813 3735 non
838 3660 994 3735 cessavit
1013 3660 1195 3757 respicere
1212 3668 1363 3735 terram.
1383 3660 1425 3734 Et
1442 3662 1563 3736 subdit

391 3782 579 3877 quomodo
608 3781 808 3857 ostenderit
840 3782 942 3855 illum
978 3782 1125 3877 Virgilio
1159 3802 1244 3856 cum
1281 3783 1564 3879 exprobratione

393 3905 548 4002 pigritiei
563 3894 613 3996 (³).
639 3903 731 3977 llicit
755 3923 869 3999 ergo:
894 3905 978 3976 dut
990 3907 1041 3976 to:
1068 3902 1205 3977 scilicet
1225 3904 1393 3999 Virgilio:
1419 3926 1441 3977 o
1466 3907 1564 3978 dolce

389 4028 505 4118 padre
529 4027 612 4115 mio,
629 4026 810 4112 edocebio,
827 4022 930 4115 idest,
948 4043 1035 4097 cum
1051 4023 1161 4098 oculo
1182 4024 1332 4119 respice,
1351 4023 1380 4096 si
1398 4024 1452 4097 vis
1469 4024 1563 4099 bene

393 4146 532 4221 ridere:
558 4148 649 4218 colui
671 4147 731 4217 cle
756 4150 890 4217 mostra
910 4164 948 4216 se
962 4138 1025 4236 pttl
1040 4145 1243 4235 negligente,
1261 4165 1307 4220 ex
1330 4145 1456 4219 babitu
1478 4166 1563 4221 cor-

392 4266 501 4361 poris,
533 4268 593 4339 cbe
621 4286 659 4338 se
683 4266 841 4357 pigritia
870 4268 965 4358 fosse
997 4284 1064 4337 cuc
1095 4267 1281 4355 somate,
1311 4266 1415 4359 idest,
1445 4288 1561 4362 soror,
1712 4280 1714 4287 ’

392 4386 496 4481 quasi
521 4386 636 4459 dicat:
654 4405 698 4459 ac
723 4385 752 4459 ei
779 4384 856 4479 ipse
880 4391 918 4459 ει
942 4382 1086 4480 pigritia
1112 4384 1186 4459 nati
1213 4390 1334 4459 esseut
1358 4405 1405 4459 ex
1431 4386 1560 4461 eodem

391 4514 500 4581 utero
527 4510 681 4580 naturae.
696 4508 868 4578 -Allon
895 4505 960 4578 llic
985 4510 1093 4600 poeta
1118 4504 1274 4579 ostendit
1306 4506 1493 4598 quomodo
1522 4528 1563 4582 oc

390 4627 563 4709 babuerit
587 4626 647 4701 illc
671 4625 825 4701 audiens
848 4626 916 4699 sibi
940 4624 1181 4720 improperari
1201 4624 1395 4720 pigritiam,
1413 4633 1451 4701 et
1467 4648 1563 4721 quo-

390 4748 501 4823 modo
527 4746 783 4843 recognoverit
807 4766 897 4821 eum
923 4766 969 4820 ex
994 4744 1137 4820 actibus
1157 4750 1195 4819 ει
1217 4744 1339 4818 verbis
1363 4744 1452 4819 eius.
1471 4747 1563 4821 llicit

391 4888 505 4963 ergo:
531 4870 639 4959 oller,
659 4867 762 4961 idest,
781 4873 871 4941 tunc
895 4865 956 4941 ille
979 4860 1128 4960 spiritus
1148 4864 1306 4939 sentiens
1332 4885 1372 4939 se
1397 4866 1495 4962 tangi
1517 4866 1563 4941 ad

454 5052 482 5114 ι’)
498 5053 529 5104 lt
546 5054 612 5104 idest
626 5054 741 5117 liliaque.
989 5048 1018 5113 (ἰ
1034 5050 1064 5101 Ε.
1080 5064 1096 5100 e
1113 5054 1168 5111 ¹17,
1185 5055 1329 5103 temneret.

455 5128 482 5189 ι’)
498 5128 529 5179 lt
544 5130 610 5193 pigri
626 5131 681 5181 otii.
699 5130 775 5181 llicit.
