4542 6842
733 909 804 978 tad
1090 916 1296 977 comburi
1319 916 1542 971 runcanonu

732 1063 763 1137 si
783 1062 847 1139 fiat
862 1064 900 1137 in
920 1082 1058 1139 aurora
1077 1061 1225 1157 quando
1241 1062 1365 1136 Venus
1382 1061 1443 1135 vel
1458 1059 1661 1135 llercuriua
1677 1066 1764 1135 sunt
1778 1060 1905 1135 orien-

732 1184 935 1293 tales-solet
951 1182 1075 1257 dicere
1091 1202 1236 1275 verum,
1251 1181 1319 1255 nisi
1336 1182 1431 1255 llars
1447 1180 1568 1253 obstet
1584 1180 1643 1255 vel
1659 1180 1784 1274 aliqua
1800 1181 1907 1257 atella

732 1302 779 1379 de
803 1310 937 1378 natura
961 1302 1095 1377 Martis.
1122 1301 1195 1377 Sed
1218 1301 1394 1397 quicquid
1419 1300 1541 1375 dicent
1566 1299 1652 1373 nihil
1677 1298 1790 1375 credo
1814 1321 1907 1397 geo·

733 1424 918 1499 mantibus
944 1442 1030 1499 cum
1058 1423 1145 1497 nibil
1162 1422 1312 1497 credam
1329 1420 1533 1517 astrologis
1552 1421 1642 1495 Etsi
1660 1422 1714 1495 vis
1731 1422 1825 1499 bene
1841 1443 1907 1497 or·

733 1542 861 1619 dirrare
886 1544 1028 1620 literam
1057 1544 1212 1638 incipea
1234 1544 1408 1639 rhythmo
1428 1540 1609 1635 sequenti,
1626 1540 1758 1617 deinde
1777 1562 1906 1619 rever-

734 1671 815 1739 tere
839 1686 950 1761 supra
975 1664 1021 1739 ad
1047 1664 1221 1761 primum.
1235 1666 1349 1737 -Mi
1365 1683 1482 1737 venne.
1501 1661 1568 1735 llic
1592 1668 1700 1757 poeta
1723 1662 1905 1759 descripta

734 1784 837 1881 bora,
856 1807 955 1861 nunc
974 1786 1145 1861 describit
1169 1786 1354 1861 somnium
1380 1784 1480 1879 quod
1496 1784 1580 1859 lecit
1600 1785 1638 1857 in
1657 1785 1720 1859 tali
1740 1788 1842 1861 hora.
1861 1788 1906 1861 lit

734 1905 782 1979 ad
807 1906 1091 1983 declarationem
1118 1906 1233 1981 literoe
1248 1906 1334 1979 volo
1350 1911 1388 1979 te
1406 1904 1514 1998 scire,
1533 1904 1634 1999 quod
1653 1911 1762 1999 poeta
1781 1913 1908 1983 noster

735 2047 801 2121 per
826 2026 922 2100 istud
941 2026 1106 2101 mirabile
1123 2026 1309 2101 somnium
1326 2025 1540 2121 praefigurat
1556 2026 1751 2101 materiam
1768 2026 1816 2101 de
1830 2049 1907 2121 qun

735 2154 961 2222 tractaturus
986 2154 1058 2241 est;
1084 2147 1172 2241 quia
1196 2146 1297 2221 enim
1316 2147 1397 2241 jam
1423 2152 1646 2221 tractaverat
1670 2146 1717 2221 de
1744 2156 1909 2242 quatuor

735 2267 829 2341 vitiis
855 2268 1080 2363 capitalibus,
1098 2286 1183 2362 quae
1203 2273 1289 2340 sunt
1312 2266 1514 2361 spiritualia
1536 2267 1740 2341 secundum
1767 2268 1911 2364 Grego-
2012 2342 2018 2349 ,

736 2388 846 2482 rium,
873 2408 972 2463 nunc
1004 2393 1163 2462 tractare
1193 2386 1383 2462 intendens
1417 2386 1463 2460 de
1497 2385 1645 2480 reliquis
1670 2387 1799 2481 tribus,
1824 2409 1911 2482 quae

736 2513 822 2582 sunt
847 2507 1050 2603 corporalia
1071 2513 1108 2583 et
1131 2513 1328 2582 versantur
1347 2506 1446 2581 circa
1461 2503 1699 2600 delectabilia,
1715 2506 1820 2603 lingit
1842 2508 1912 2582 sibi

736 2647 917 2724 apparere
943 2648 1055 2701 unam
1083 2626 1273 2701 ioeminam
1299 2626 1515 2701 mirabiliter
1543 2626 1799 2722 deformatam,
1825 2648 1912 2721 quur

737 2748 847 2844 paulo
873 2751 953 2843 post
975 2766 1041 2841 per
1062 2746 1321 2841 inspectionem
1340 2746 1421 2820 eius
1439 2745 1655 2821 mirabiliter
1672 2747 1911 2840 reformatur,

738 2874 775 2941 et
801 2867 929 2963 pulcra
951 2871 988 2941 et
1005 2866 1143 2962 placida
1161 2866 1318 2941 ridetur.
1338 2866 1432 2941 Nota
1449 2886 1540 2961 ergo
1557 2866 1776 2960 profundam
1794 2865 1911 2941 lictio·

739 3008 823 3063 nem
840 2980 876 3079 (¹)
903 2994 1036 3083 poetae:
1064 3008 1149 3061 nam
1176 3006 1242 3081 per
1262 2987 1368 3061 istam
1386 2987 1582 3061 mulierem
1600 2986 1652 3061 sic
1668 2988 1910 3062 transforma·

739 3113 815 3181 tam
841 3107 878 3179 in
904 3106 1126 3181 contrariam
1145 3106 1303 3203 figuram
1322 3113 1429 3201 poeta
1447 3105 1651 3202 figuraliter
1672 3112 1911 3200 repraesentat

740 3227 842 3303 nobis
859 3226 1068 3301 illecebram
1088 3232 1126 3301 et
1145 3227 1371 3322 voluptatem
1391 3224 1728 3319 mundanamque
1746 3233 1848 3301 recte
1863 3227 1912 3301 ad

739 3348 891 3423 medum
917 3346 1081 3421 mulieris
1108 3355 1164 3422 est
1195 3345 1231 3419 in
1261 3366 1302 3420 se
1330 3345 1459 3441 turpis,
1484 3344 1678 3441 horribilis,
1704 3353 1742 3420 et
1771 3346 1913 3421 odibilis

652 3495 659 3511 ·
739 3472 920 3563 quantum
946 3466 992 3541 ad
1019 3466 1251 3541 existentiam
1277 3472 1315 3541 et
1340 3466 1394 3541 rei
1420 3466 1634 3561 veritatem3
1659 3468 1724 3541 sed
1749 3473 1806 3542 ert
1830 3469 1917 3562 pul·

739 3608 815 3681 cra,
842 3585 1015 3681 placibilis
1045 3591 1082 3660 et
1112 3586 1278 3660 amabilis
1308 3592 1488 3679 quantum
1520 3586 1568 3660 ad
1600 3587 1852 3681 apparentiam
1878 3595 1917 3663 et

743 3707 914 3781 umbram
942 3705 1178 3781 exteriorem.
1205 3706 1307 3781 lianc
1332 3727 1423 3802 ergo
1448 3706 1644 3781 mulierem
1667 3706 1915 3803 prodigiosam

740 3834 849 3923 poeta
866 3825 1075 3901 describite
1093 3825 1258 3920 quinque
1271 3825 1418 3922 organis
1433 3825 1668 3901 defectuosis:
1682 3828 1814 3921 primo,
1827 3826 1917 3920 quia

741 3953 823 4021 erat
840 3944 1045 4021 balbutiens
1059 3944 1184 4041 lingua
1196 3968 1206 4040 ;
1219 3945 1394 4038 secundo,
1408 3945 1510 4020 lusca
1526 3945 1628 4039 visu3
1646 3947 1767 4040 tertio,
1783 3946 1917 4021 clauda

742 4066 853 4161 pede,
880 4071 1026 4159 quarto,
1052 4069 1184 4139 trunca
1201 4085 1334 4158 manu,
1351 4064 1492 4160 quinto,
1511 4066 1632 4141 tuceta
1656 4066 1791 4141 colore
1810 4067 1917 4141 Nunc

742 4206 833 4281 ergo
858 4186 914 4261 bis
940 4184 1134 4281 praemissis
1159 4185 1380 4261 veniendum
1406 4186 1534 4261 estad
1559 4187 1701 4263 literam
1726 4207 1918 4283 exponen-

742 4304 839 4401 dam,
867 4327 951 4399 quae
977 4306 1074 4380 male
1099 4304 1264 4400 exposita
1287 4312 1344 4379 ert
1374 4327 1398 4381 a
1431 4306 1566 4399 multis,
1596 4307 1660 4401 qui
1691 4314 1921 4402 putaverunt

743 4425 851 4500 istam
877 4425 1073 4501 mulierem
1091 4424 1255 4522 figurare
1269 4424 1390 4500 solum
1405 4416 1444 4516 (²)
1461 4426 1668 4521 avaritiam,
1685 4428 1733 4503 de
1748 4448 1826 4521 qun
1843 4436 1922 4504 ha—

743 4551 867 4619 etatur
892 4544 928 4619 in
954 4544 1124 4642 praesenti
1149 4544 1320 4640 capitulo,
1339 4544 1438 4639 quod
1463 4550 1588 4621 tamen
1613 4553 1669 4621 est
1685 4547 1832 4643 penitus
1855 4548 1924 4622 lal-

743 4686 839 4759 sum,
865 4666 942 4739 imo
968 4664 1104 4761 figurat
1125 4664 1332 4758 avaritiam,
1352 4664 1478 4759 gulam
1500 4672 1538 4739 et
1565 4666 1764 4762 luxuriam,
1782 4676 1826 4742 nt
1846 4675 1923 4744 sta-

745 4785 809 4858 tim
837 4785 987 4860 clarebit
1013 4806 1059 4860 ex
1087 4786 1165 4880 ipsa
1189 4784 1425 4879 expositione.
1452 4785 1544 4859 Dicit
1569 4806 1660 4883 ergo
1684 4794 1814 4883 poeta:
1842 4794 1923 4863 {lae

808 5041 834 5104 (¹)
851 5042 882 5093 Ε.
898 5042 1029 5093 betlehem
1044 5043 1112 5094 bane
1127 5048 1219 5108 posta.
1421 5043 1448 5104 Γ)
1463 5043 1495 5094 lt.
1510 5044 1592 5097 niu
1604 5002 1749 5096 andans
1788 4997 1792 5008 Ι
