4542 6842
802 980 941 1037 murus
966 980 1109 1035 SEXTUS·
1472 968 1541 1035 175

370 1146 444 1199 non
479 1124 601 1219 dubia,
640 1146 713 1199 non
749 1126 975 1221 scrupulosa,
1006 1147 1025 1199 e
1059 1129 1095 1199 lo
1128 1146 1307 1218 speranza
1340 1128 1379 1199 di
1410 1131 1542 1215 castor,

370 1266 483 1339 qnam
509 1251 651 1340 ponunt
675 1243 711 1319 in
737 1246 907 1342 precibus
937 1245 1074 1339 alienis,
1101 1266 1174 1319 nnn
1201 1248 1305 1338 sado,
1331 1245 1433 1340 idest,
1468 1264 1542 1319 uon

369 1371 424 1439 est
451 1384 557 1458 vana,
585 1371 626 1438 ut
651 1364 749 1458 dicis,
775 1364 869 1439 sicut
894 1364 979 1440 dicit
1004 1364 1153 1441 Boetius
1183 1364 1221 1438 iu
1247 1365 1338 1441 line:
1364 1366 1440 1440 Nec
1464 1363 1544 1439 fru-

369 1492 446 1560 stra
479 1490 564 1559 sunt
597 1484 634 1557 in
663 1476 791 1577 deod)
828 1504 977 1579 preces,
1009 1506 1048 1557 se
1079 1484 1144 1557 ben
1172 1488 1204 1557 si
1231 1488 1374 1575 yuurdn
1406 1504 1471 1558 con
1504 1488 1542 1559 la

369 1611 479 1677 mente
502 1626 607 1697 sano,
634 1604 737 1698 idest,
758 1604 867 1679 oculo
893 1604 1054 1679 mentali.
1082 1604 1126 1677 Et
1150 1604 1312 1679 declarat
1337 1604 1456 1700 prium
1482 1626 1542 1680 se·

370 1723 528 1799 cundem
553 1730 708 1821 partem,
734 1732 771 1799 et
796 1724 892 1818 dicit,
916 1724 1014 1817 quod
1040 1724 1069 1797 si
1096 1724 1278 1797 terminus
1302 1716 1539 1816 brevietur&

370 1842 445 1917 istis
470 1864 599 1919 amore
623 1850 833 1918 sanctarum
861 1863 1027 1939 precum,
1054 1864 1126 1917 non
1151 1849 1275 1917 tamen
1302 1850 1469 1917 mutatur
1494 1864 1540 1919 ex

369 1965 440 2039 hoc
465 1964 654 2039 consilium
681 1964 756 2039 liei.
775 1963 867 2038 Dicit
890 1984 998 2061 ergo:
1017 1961 1079 2039 cite*
1092 1968 1185 2037 nmo
1200 1966 1238 2038 dt
1253 1967 1418 2058 oiudcio,
1436 1964 1540 2057 idest,

369 2084 521 2160 altitudo
547 2092 585 2159 et
604 2084 828 2181 profunditas
845 2084 955 2159 divini
971 2085 1109 2180 judicii,
1128 2106 1200 2158 non
1219 2086 1247 2158 ε’
1260 2089 1416 2176 occulto,
1437 2086 1540 2177 idest,

369 2225 442 2279 non
467 2204 706 2301 demergitur,
732 2225 806 2279 non
831 2204 981 2299 tollitur,
993 2202 1123 2297 perata*
1143 2210 1224 2300 foco
1245 2208 1280 2279 d’
1294 2227 1411 2299 umor,
1437 2205 1541 2300 idest,

369 2324 480 2399 ardor
511 2325 671 2400 caritatis
704 2325 859 2400 alicuius
891 2326 989 2421 juste
1023 2326 1217 2421 precantis,
1251 2330 1389 2419 comptu
1421 2328 1460 2399 in
1494 2346 1545 2399 un

364 2452 489 2539 manto,
520 2445 621 2538 idest,
648 2444 810 2541 perficiat
843 2446 879 2519 in
907 2452 1106 2540 momento,
1132 2438 1186 2520 cst
1210 2449 1270 2520 cte
1295 2450 1356 2521 dee
1379 2451 1541 2542 sarusar,

371 2563 517 2658 scilicet,
543 2586 609 2660 per
634 2564 787 2663 longum
813 2572 969 2661 tempus,
995 2567 1049 2637 citt
1073 2569 1132 2658 qut
1150 2568 1335 2658 sustollo,
1352 2565 1455 2660 idest,
1480 2565 1543 2640 ille

370 2686 432 2780 qui
461 2685 521 2760 hic
553 2692 635 2781 stat,
662 2696 699 2761 et
729 2706 873 2760 moram
905 2686 989 2761 lacit
1019 2706 1084 2781 per
1118 2692 1263 2760 tantum
1292 2692 1450 2781 tempus,
1475 2706 1543 2783 per

370 2812 551 2900 quantum
581 2806 738 2881 tardavit
772 2806 1044 2901 poenitcntiam3
1072 2805 1158 2900 quia
1188 2806 1287 2902 apud
1317 2805 1435 2881 Deum
1469 2826 1544 2881 non

371 2925 489 3001 currit
514 2934 670 3021 tempus,
696 2933 733 3001 et
758 2926 834 3023 ipse
860 2946 988 3000 omnes
1013 2925 1174 3001 actiones
1190 2926 1383 3000 hominum
1401 2946 1544 3021 praeve-

372 3045 425 3119 nit
449 3053 486 3120 et
511 3045 677 3141 praevidit
701 3046 812 3141 istum
840 3054 1059 3143 rogaturum
1086 3067 1154 3143 pro
1179 3046 1259 3140 isto,
1284 3045 1378 3120 sicut
1401 3046 1545 3142 Grego-

372 3167 449 3242 rius
482 3167 602 3242 orarit
636 3187 703 3261 pro
736 3166 903 3261 Traiane,
934 3174 976 3240 ut
1007 3167 1151 3243 dicetur
1182 3167 1276 3242 inira
1309 3166 1468 3263 capitulo
1499 3167 1543 3240 ll.

372 3287 509 3363 Deinde
533 3286 696 3361 declarat
722 3285 882 3382 primum
904 3286 1041 3361 dictum
1063 3307 1189 3380 sunm,
1206 3292 1243 3361 et
1263 3286 1367 3361 dicit:
1384 3277 1457 3359 eid
1475 3288 1543 3359 do-

372 3412 404 3482 a’
416 3412 451 3483 io
474 3410 604 3502 [mmai
628 3414 753 3480 cotesto
780 3413 903 3500 panta
928 3406 1074 3502 scilicet,
1101 3407 1138 3481 in
1172 3406 1325 3500 inlerno,
1352 3406 1415 3479 ubi
1439 3406 1545 3480 affir-

371 3529 507 3603 mative
533 3528 638 3623 posui
665 3527 772 3601 istam
797 3526 1026 3621 sententiam,
1045 3527 1182 3603 scilicet
1206 3527 1305 3622 quod
1331 3528 1443 3601 homo
1469 3546 1544 3600 non

370 3648 478 3724 debet
503 3668 653 3744 sperare
677 3668 783 3743 pesse
803 3648 952 3722 flectere
972 3648 1153 3743 jndicium
1180 3648 1244 3724 Dei
1271 3648 1451 3743 precibus,
1472 3668 1545 3721 noa

370 3774 403 3845 si
418 3772 653 3844 cmmenduva
661 3790 728 3862 per
741 3790 878 3862 precor
900 3769 1033 3863 disctto,
1050 3776 1087 3843 et
1103 3768 1264 3866 assignat
1280 3789 1444 3863 causam,
1459 3789 1546 3861 per-

372 3888 469 3967 ctd'l
487 3911 601 3985 prece
625 3892 675 3964 do
699 3892 768 3963 Dio
785 3910 850 3962 erc
870 3892 1055 3983 damnum
1074 3889 1173 3984 quia,
1191 3890 1326 3965 scilicet
1345 3889 1382 3962 in
1404 3889 1547 3965 inferno

375 4010 486 4087 fiebat
506 4010 566 4086 illa
583 4010 755 4105 precatio,
774 4009 837 4084 ubi
864 4010 964 4083 nulla
981 4014 1037 4085 est
1059 4009 1286 4104 redempti03
1312 4016 1349 4084 et
1368 4008 1456 4103 quia
1476 4011 1547 4084 hoc

373 4131 442 4206 luit
466 4136 552 4205 ante
581 4130 782 4205 adventum
814 4128 1058 4225 Christique
1088 4136 1256 4225 tempore
1287 4128 1428 4205 etiamsi
1460 4150 1547 4203 san-
1682 4160 1686 4166 v

373 4250 555 4327 ctissimus
579 4251 731 4347 Moyses
757 4249 822 4345 qui
847 4250 1017 4346 precibus
1042 4249 1117 4324 suis
1144 4250 1275 4325 totiens
1300 4249 1401 4325 flexit
1424 4250 1543 4324 lleum

374 4372 559 4447 volentem
585 4368 740 4467 perdere
764 4370 942 4465 populum
969 4370 1006 4443 in
1032 4370 1087 4444 ira
1112 4390 1191 4466 sna,
1219 4376 1384 4467 rogasset
1401 4390 1468 4465 pro
1485 4390 1546 4445 sa·
1637 4423 1639 4427 ,

373 4492 451 4569 lute
488 4491 632 4587 loseph,
673 4490 733 4565 vel
766 4490 919 4565 alterius
946 4488 1036 4585 justi
1069 4490 1240 4584 defuncti,
1279 4510 1358 4564 non·
1390 4489 1549 4565 flexisset

375 4612 506 4706 Deum,
532 4611 620 4707 qnia
645 4611 697 4686 sic
721 4616 900 4685 statutum
927 4616 1008 4685 erat
1021 4601 1072 4706 (³),
1105 4632 1154 4686 ne
1180 4608 1313 4706 aliquis
1342 4611 1548 4686 salvaretur

374 4732 491 4809 donec
516 4732 659 4808 veniret
683 4730 861 4807 Salvator.
888 4732 932 4807 lit
957 4731 1077 4807 subdit
1107 4731 1280 4844 Virgilius
1309 4751 1421 4805 suum
1452 4731 1548 4828 opti·

373 4875 477 4929 mum
515 4853 705 4953 consilium
731 4852 829 4927 circa
863 4853 973 4927 talem
1008 4852 1215 4946 materiam,
1245 4857 1283 4927 et
1313 4853 1393 4927 vult
1424 4851 1547 4928 dicere

434 5042 463 5106 rt
478 5042 503 5093 8
520 5042 576 5094 1³0⁰
592 5042 682 5107 ponis
698 5054 763 5107 vrrs
781 5056 879 5107 proca,
896 5041 965 5107 culn.
981 5054 1007 5092 x
1022 5040 1077 5093 lea

436 5116 464 5181 Γ)
479 5118 511 5169 B.
526 5117 674 5169 merlam.-
1040 5115 1139 5179 (¹)117,
1154 5120 1212 5169 crat
1227 5122 1355 5178 tunm.
