4542 6842
704 953 774 1022 3911
1062 963 1267 1020 comrun
1290 963 1515 1020 rmunroan
1548 994 1551 1006 .

701 1110 845 1205 dixisse,
863 1109 899 1183 in
917 1109 1071 1204 spurios,
1089 1110 1205 1184 immo
1229 1110 1267 1184 in
1292 1111 1425 1204 mulos,
1450 1107 1572 1204 specie
1595 1116 1876 1204 permutata.-

705 1233 854 1318 Qnando
875 1233 914 1303 in
929 1232 1102 1322 Bolopau.
1129 1230 1195 1304 llic
1218 1229 1338 1306 Guido
1367 1229 1534 1304 nominet
1562 1229 1652 1304 alios
1680 1230 1775 1305 duos
1798 1230 1875 1304 vir-

699 1355 826 1424 tuosos
854 1348 900 1424 de
932 1348 1196 1445 Romundiola3
1226 1356 1265 1426 ct
1295 1350 1415 1446 primo
1447 1371 1564 1424 unum
1597 1349 1874 1442 bononiensem,

699 1469 844 1546 dicens:
870 1491 920 1543 cn
948 1471 1102 1561 Fuddro,
1133 1471 1202 1546 iste
1231 1471 1298 1544 suit
1327 1470 1457 1546 nobilis
1491 1471 1596 1545 miles
1625 1469 1672 1546 de
1696 1471 1874 1546 lamber-

698 1590 821 1666 tacciis
846 1590 893 1666 de
918 1591 1090 1686 Bononia,
1113 1593 1170 1666 vir
1188 1591 1337 1687 'sapiens
1362 1597 1400 1666 et
1424 1591 1548 1688 magui
1573 1591 1730 1685 consilii3
1756 1598 1795 1668 et
1818 1599 1874 1668 est

699 1711 757 1786 lric
785 1711 904 1787 Faber
933 1732 1068 1787 nomen
1096 1712 1298 1806 proprium.
1329 1712 1404 1786 Nec
1433 1711 1612 1807 intelligas
1639 1711 1686 1786 de
1711 1712 1871 1806 quodam

698 1830 817 1905 Fabro
849 1831 998 1906 tribuno
1032 1832 1157 1927 plebis,
1191 1832 1255 1926 qui
1288 1830 1493 1907 trucidatus
1525 1831 1594 1906 luit
1626 1834 1799 1907 Bononiae
1813 1828 1871 1929 (⁴);

698 1955 840 2042 quando
864 1955 896 2024 sc·
919 1956 1090 2044 rulliano,
1116 1952 1219 2046 idest,
1246 1951 1463 2046 renascitur,
1494 1953 1600 2046 quasi
1624 1952 1730 2049 dicat,
1755 1954 1871 2048 tarde,

696 2074 735 2144 io
753 2075 925 2166 Bolopno,
955 2093 1038 2167 quae
1063 2081 1118 2148 est
1144 2073 1253 2147 nidus
1278 2071 1579 2169 pbilosophorum
1610 2079 1648 2148 et
1673 2079 1794 2149 mater
1818 2076 1872 2150 le-

696 2212 800 2286 gum,
817 2192 1062 2287 omniumque
1088 2192 1273 2267 bonorum
1299 2192 1437 2287 fertilis,
1454 2193 1693 2267 humanitatis
1712 2194 1874 2289 piissima

696 2312 832 2386 nutrix.
871 2313 915 2386 Et
943 2312 1107 2388 nominat
1131 2312 1246 2388 alium
1273 2313 1498 2388 faventinum
1530 2313 1652 2386 virum
1686 2314 1871 2409 plebeium

697 2433 886 2530 sanguine,
914 2433 978 2509 sed
1002 2433 1162 2509 nobilem
1190 2433 1326 2508 virtute
1351 2433 1476 2529 aninni,
1494 2434 1635 2509 dicens:
1661 2439 1810 2524 Quando
1834 2440 1872 2510 in

696 2559 840 2628 Faenzo
860 2575 908 2628 un
924 2557 1126 2628 Bernardin
1144 2556 1182 2627 dt
1197 2559 1319 2627 Fusco.
1338 2555 1407 2628 lste
1423 2554 1674 2629 bernardinus
1691 2556 1759 2628 luit
1776 2555 1871 2630 lilius

695 2674 814 2767 Fusci,
839 2673 908 2747 viri
935 2673 1075 2767 rustici,
1096 2674 1161 2748 sed
1187 2673 1323 2749 virtute
1347 2694 1416 2748 sua
1442 2674 1645 2748 honoratus
1676 2675 1714 2748 in
1740 2677 1870 2772 patria,

695 2793 743 2868 ed
767 2813 878 2888 quern
897 2795 971 2867 non
988 2793 1256 2869 erubescebant
1273 2793 1412 2868 nobiles
1427 2793 1601 2869 tarentini
1621 2795 1870 2891 accederent

695 2913 865 2987 audirent
891 2912 971 2987 eius
995 2913 1110 2987 bonas
1140 2912 1336 2987 sententias
1362 2918 1398 2987 et
1423 2913 1551 3009 pulcra
1577 2923 1803 3010 scommata,
1830 2922 1868 2993 et

696 3033 777 3108 eius
800 3029 895 3106 dicta
921 3032 1073 3106 moralia
1098 3037 1137 3107 et
1162 3031 1321 3106 notanda
1345 3032 1563 3125 allegabant.
1585 3033 1671 3108 ldeo
1693 3036 1788 3111 bene
1813 3036 1869 3111 di-

695 3153 766 3228 cit:
793 3173 902 3243 verpa
926 3155 1034 3244 pectit
1056 3156 1094 3226 di
1114 3155 1263 3245 picciolo
1286 3156 1492 3246 911111ιί9111,
1522 3154 1628 3248 quasi
1654 3154 1774 3231 dicat:
1802 3177 1869 3231 no·

694 3271 775 3346 bilis
800 3272 921 3367 plenta
948 3279 1032 3346 nata
1058 3291 1104 3348 ex
1131 3272 1193 3347 vili
1213 3272 1346 3366 berba3
1368 3280 1405 3348 et
1421 3294 1469 3347 ex
1488 3275 1556 3348 boc
1574 3295 1647 3348 non
1666 3275 1789 3350 minus
1805 3296 1869 3352 co-

694 3393 803 3468 lenda
827 3393 921 3467 sicut
946 3414 1094 3487 aurum,
1122 3394 1219 3487 quod
1245 3393 1365 3467 oritur
1390 3413 1436 3468 en
1462 3399 1574 3488 terra,
1596 3401 1634 3469 et
1656 3416 1740 3470 rosa
1765 3417 1812 3471 en
1828 3388 1866 3488 (²)

694 3513 807 3610 spina,
834 3515 976 3604 quondo
1009 3517 1048 3586 in
1076 3518 1234 3603 Focnzo,
1266 3514 1406 3608 supple,
1430 3517 1463 3587 si
1491 3517 1659 3606 rollipno.
1694 3516 1868 3624 Faventia

694 3633 780 3708 olim
808 3633 983 3716 dictaest
1003 3635 1141 3708 Forum
1159 3633 1259 3707 Favii
1278 3655 1301 3708 a
1317 3631 1431 3708 Favio
1449 3634 1630 3728 Romano,
1654 3654 1767 3728 quarn
1787 3634 1868 3708 Fri-

646 3797 648 3802 ·
693 3754 840 3829 doricus
865 3754 894 3826 ll
920 3753 1014 3849 cepit
1044 3759 1124 3849 post
1152 3754 1377 3828 Ravennam.
1403 3754 1489 3828 llaec
1522 3753 1652 3828 diebus
1677 3753 1753 3829 istis
1778 3776 1865 3828 cum

693 3880 789 3950 esset
814 3875 988 3970 opulenta
1012 3873 1050 3947 iu
1074 3874 1173 3948 bono
1198 3874 1288 3948 llore
1312 3874 1382 3947 sub
1403 3872 1565 3948 dominio
1589 3881 1779 3969 pastorum
1803 3895 1866 3950 ec-

693 3994 824 4088 clesiae,
850 4001 1027 4090 occupata
1057 4000 1112 4070 est
1142 3993 1341 4088 proditorie
1369 3993 1418 4068 ab
1451 3993 1603 4089 anglicis
1626 3993 1866 4090 stipendiariis

693 4115 866 4208 ecclesiae,
901 4120 938 4188 et
974 4113 1131 4189 exclusis
1161 4112 1333 4188 omnibus
1366 4111 1519 4206 civibus,
1544 4113 1623 4188 siue
1655 4113 1755 4189 eaede
1790 4115 1866 4189 tota

693 4234 842 4330 spoliata
868 4241 924 4308 est
948 4240 985 4308 et
1009 4233 1156 4308 detenta
1182 4234 1278 4307 ultra
1302 4232 1388 4306 euni
1414 4232 1594 4306 circulum
1615 4235 1712 4308 inter
1733 4255 1866 4308 manus
2008 4230 2013 4238 '

693 4355 937 4428 barbarorum
964 4354 1318 4429 latronum-Non
1342 4355 1369 4426 o·
1392 4355 1637 4443 murauipliur.
1656 4353 1722 4427 llic
1745 4353 1865 4430 Guido

692 4479 911 4550 convertens
935 4493 1144 4549 sermonem
1171 4493 1281 4548 suum
1308 4471 1511 4567 specialiter
1536 4471 1583 4545 ad
1608 4473 1775 4567 Dantem,
1796 4494 1864 4549 no-

692 4593 807 4668 minat
832 4595 924 4669 duos
948 4595 1040 4670 alios
1055 4593 1102 4669 de
1118 4592 1368 4686 Romandiola,
1387 4591 1524 4666 viciuos
1542 4593 1667 4686 patriae
1684 4595 1765 4669 eius
1780 4595 1864 4671 Flo-

693 4713 839 4808 rentiae3
858 4714 956 4789 uude
975 4713 1079 4789 dicit:
1096 4717 1126 4786 s'
1138 4716 1174 4786 to
1187 4703 1225 4805 (⁸)
1241 4716 1388 4806 manco,
1410 4717 1532 4803 Tosco,
1549 4711 1651 4807 idest,
1669 4733 1693 4787 o
1710 4716 1862 4808 baulan

753 4941 781 5003 (¹)
800 4945 853 5000 117,
870 4954 884 4991 a
900 4941 1106 4992 bononiensibus.

753 5016 781 5079 (²)
798 5021 852 5077 117,
870 5032 901 5068 ex
916 5019 1002 5082 spinis.

754 5094 781 5156 (Ἴ
797 5093 827 5144 ¹⁵·
843 5106 858 5142 ⁰
873 5093 898 5144 ⁸·
916 5093 973 5145 Non
989 5093 1380 5158 11111111111111111111111111111,
1400 5093 1483 5149 Τωω,
1499 5091 1574 5143 idest.
