4542 6842
689 916 760 983 256
1048 924 1253 981 counurunr
1278 926 1498 983 euneuronu

687 1071 812 1147 audito
826 1093 933 1167 novo,
948 1071 1173 1148 exhilaratus
1189 1080 1246 1147 est
1261 1070 1379 1147 valde.
1394 1069 1713 1145 Discumbeutibus
1729 1069 1861 1145 deinde

686 1192 867 1289 omnibus,
888 1212 952 1267 rex
972 1192 1159 1267 mandavit
1176 1192 1276 1286 quod
1292 1212 1371 1266 suae
1390 1190 1473 1265 liliae
1490 1188 1676 1285 venirent3
1695 1190 1758 1265 sed
1774 1191 1861 1287 Uly-

689 1332 754 1387 res
778 1310 940 1389 intentus
956 1312 1078 1388 statim
1095 1312 1241 1409 collegit
1256 1320 1383 1409 gestus
1398 1310 1557 1405 Acbillls,
1570 1310 1633 1405 qui
1646 1332 1721 1385 non
1741 1312 1860 1387 stabat

685 1433 895 1507 verecunde
920 1439 958 1508 et
983 1430 1108 1507 timide
1133 1432 1228 1507 sicut
1247 1431 1330 1506 aliae
1348 1430 1550 1507 damlcellae
1566 1424 1616 1524 (¹),
1633 1438 1671 1506 et
1690 1432 1860 1510 ostende-

686 1552 748 1627 bat
773 1552 1065 1629 transversallter
1090 1552 1195 1626 illum
1221 1552 1398 1646 Diomedi,
1418 1559 1456 1627 et
1481 1552 1549 1626 nisi
1574 1550 1761 1629 Deidamia
1787 1555 1860 1628 sol-

685 1672 782 1749 licite
808 1678 1015 1749 revocasset
1040 1693 1127 1748 emn
1154 1680 1191 1747 et
1216 1673 1393 1747 tenuisset
1423 1672 1494 1747 sub
1528 1672 1705 1748 modestia
1728 1673 1859 1752 admo-

686 1793 806 1867 nendo
832 1794 935 1867 illum
961 1815 1060 1869 nunc
1085 1794 1188 1889 pede,
1220 1815 1319 1869 nunc
1351 1814 1476 1886 manu,
1502 1813 1602 1868 nunc
1633 1795 1752 1889 oculo,
1778 1795 1858 1889 J‘am

686 1921 782 1991 esset
799 1914 1050 1991 manifestatus
1064 1914 1218 1989 Achilles
1233 1913 1389 1989 ducibus
1400 1934 1621 2011 graecorum.
1635 1914 1753 1989 Finito
1769 1936 1860 1989 con·
1966 1948 1970 1954 v

686 2035 783 2110 vivio
810 2055 874 2146 rex
901 2035 1012 2131 coeplt
1036 2034 1170 2129 dicere,
1189 2035 1288 2128 quod
1309 2034 1468 2109 multum
1494 2034 1679 2111 invidebat
1703 2035 1859 2110 ducibus

685 2154 775 2250 illis3
802 2177 887 2231 nam
917 2155 947 2229 si
979 2161 1074 2231 esset
1099 2155 1237 2250 junior,
1269 2156 1328 2229 vel
1360 2155 1513 2230 baberet
1543 2157 1683 2250 prolem
1714 2155 1858 2230 virilem

685 2276 766 2367 iret,
788 2277 846 2351 vel
872 2276 1033 2351 mitteret
1049 2276 1095 2350 ad
1113 2276 1250 2351 bellum
1278 2275 1475 2350 troianum.
1496 2276 1598 2351 Tunc
1621 2282 1753 2351 cautus
1770 2276 1858 2371 Uly-

686 2418 763 2491 xes,
777 2402 920 2493 captuta
933 2396 1203 2492 opportunitate
1221 2396 1408 2491 temporis,
1422 2396 1626 2492 respondit:
1644 2396 1764 2489 Certe,
1779 2416 1858 2490 rer,

687 2524 727 2592 tu
753 2516 936 2592 desideras
963 2536 1042 2591 rem
1068 2516 1286 2611 gloriosam,
1307 2516 1389 2609 quis
1410 2516 1508 2591 euim
1534 2537 1607 2591 non
1633 2523 1787 2611 cuperet
1804 2515 1859 2590 vi·

686 2638 775 2713 dere
792 2636 898 2711 avide
916 2636 1222 2712 innumerabilem
1241 2638 1446 2712 exercitum
1472 2644 1510 2711 et
1532 2644 1587 2712 tot
1607 2658 1726 2733 reges,
1746 2636 1859 2711 duces

686 2769 725 2837 et
748 2762 938 2857 principes,
964 2783 1050 2836 curn
1086 2767 1164 2835 tota
1194 2760 1367 2836 tortitudo
1396 2767 1435 2836 et
1464 2760 1670 2856 pulcritudo
1702 2759 1859 2855 potentis

686 2883 844 2977 Europae
856 2881 1104 2957 coniuraverit
1123 2887 1252 2956 contra
1264 2880 1438 2955 Troiam?
1454 2881 1665 2974 Numquam
1681 2880 1772 2955 alias
1788 2879 1858 2955 luit

686 3001 770 3076 data
785 3007 859 3076 tam
874 3001 1018 3097 copiosa
1037 3001 1192 3076 materia
1209 3000 1318 3075 lamae
1337 3000 1492 3075 lontibus
1508 2999 1606 3073 viris
1619 3000 1706 3074 llaec
1722 2999 1858 3093 diceus,

687 3120 821 3218 Ulyxes
847 3121 1006 3217 respexit
1032 3121 1207 3197 Achillem
1235 3121 1414 3196 intentum
1440 3120 1708 3199 auscultantem
1735 3120 1857 3196 omnia

685 3240 839 3316 auribus
869 3241 1027 3335 attentis,
1058 3247 1095 3317 et
1128 3246 1230 3315 certe
1263 3240 1430 3315 saltasset
1457 3260 1481 3314 a
1511 3260 1639 3315 mensa
1672 3238 1739 3315 nisi
1773 3240 1859 3316 bei-

685 3360 806 3435 damia
831 3360 1042 3437 abduxisset
1067 3359 1531 3454 sororesetipsum.1pse
1556 3366 1681 3434 tamen
1707 3359 1859 3435 ultimus

686 3481 861 3557 recedens
887 3489 988 3558 retro
1005 3481 1201 3578 aspiciebat
1216 3471 1253 3572 (¹)
1270 3480 1435 3578 Ulynem.
1454 3480 1588 3577 Ulyxes
1612 3479 1744 3556 deinde
1768 3480 1859 3554 dtur

686 3602 766 3698 regi
784 3602 882 3695 quod
901 3610 1111 3677 remaneret
1128 3601 1166 3676 iu
1182 3622 1284 3696 pace,
1305 3607 1343 3675 et
1362 3610 1581 3696 procuraret
1604 3599 1704 3675 viros
1718 3590 1755 3692 (ἢ
1783 3600 1860 3673 suis

686 3721 840 3815 liliabus,
859 3742 943 3819 quoe
962 3729 1069 3797 erant
1088 3720 1308 3797 excellentes
1328 3720 1365 3794 iu
1385 3720 1639 3815 pulcritudine
1663 3720 1859 3815 Respondit

687 3861 772 3917 rex:
798 3842 891 3928 Quid
915 3841 1055 3917 diceres
1080 3841 1109 3915 si
1135 3839 1279 3916 rideres
1295 3860 1359 3915 eas
1382 3840 1505 3916 lacere
1521 3840 1699 3915 sacrificia
1715 3840 1859 3915 Baccho

687 3964 745 4039 vel
771 3962 934 4037 Palladit
960 3968 997 4037 et
1022 3959 1123 4037 cert'e
1148 3961 1178 4035 si
1202 3982 1285 4036 cras
1313 3962 1386 4036 erit
1418 3980 1574 4037 serenus
1604 3981 1671 4037 aer
1695 3961 1859 4057 poteritis

687 4084 823 4163 videre.
841 4084 942 4158 Tunc
966 4082 1080 4157 duces
1102 4089 1352 4176 conceperunt
1369 4082 1547 4159 maiorem
1566 4102 1681 4178 spem,
1698 4083 1763 4157 sed
1783 4102 1856 4156 nox

686 4205 746 4281 illa
769 4205 845 4280 visa
871 4210 926 4279 ost
951 4205 1059 4299 longa
1085 4201 1206 4299 sagaci
1224 4202 1340 4299 Ulyxi,
1358 4208 1396 4278 et
1415 4202 1644 4278 desiderabat
1663 4202 1736 4277 cito
1760 4202 1867 4277 diem-

595 4380 601 4393 .
687 4324 777 4400 lieri.
803 4322 1027 4399 Advenienlc
1050 4322 1121 4417 die,
1147 4329 1341 4418 coeperunt
1364 4322 1500 4417 pulsari
1526 4329 1699 4419 tympana
1724 4328 1763 4397 et
1786 4321 1858 4397 alia

686 4446 928 4520 instrumenta
944 4443 1087 4538 Bacchi,
1106 4450 1144 4519 et
1160 4444 1230 4519 ille
1248 4442 1408 4541 virgines
1433 4449 1626 4539 coeperuut
1643 4442 1857 4538 tripudium,

686 4566 749 4643 sed
774 4564 927 4640 Achilles
952 4564 1118 4639 ordinem
1146 4584 1220 4639 non
1243 4562 1425 4639 servabat
1450 4563 1643 4638 Diomedes
1667 4572 1795 4639 autem
1811 4560 1858 4637 ad

686 4684 901 4759 mandatum
928 4684 1052 4780 Ulyxis
1078 4693 1274 4780 paraverat
1288 4671 1325 4776 (⁸)
1352 4682 1521 4776 quedam
1548 4681 1700 4758 donaria
1724 4680 1858 4758 mulie-

685 4806 765 4880 bria
784 4804 951 4879 donanda
969 4804 1036 4878 illis
1053 4804 1090 4879 in
1107 4802 1302 4899 praemium
1322 4802 1472 4896 laboris3
1488 4808 1525 4878 et
1541 4809 1647 4898 patre
1663 4822 1753 4899 rege
1768 4822 1859 4877 cou-

749 4994 778 5054 l'l
792 4992 823 5044 E·
839 4992 991 5043 domicella.
1224 4989 1251 5053 (Ἴ
1268 4994 1323 5050 117,
1339 4990 1501 5053 rupiclelrat.

687 5092 693 5103 ·
750 5067 777 5131 (⁸)
794 5069 824 5119 li.
840 5070 911 5120 rlroe
926 5068 1034 5121 llllabuc
1222 5068 1251 5131 (⁸)
1266 5068 1298 5119 ll.
1312 5067 1433 5131 portatu
1447 5068 1568 5133 «μω
1581 5067 1649 5118 dum
1663 5064 1810 5117 muliebrlr.
