4542 6842
669 916 739 983 268
1025 929 1231 987 connurorr
1255 930 1475 985 runcaronu

667 1074 834 1169 lilerum3
852 1095 870 1147 c
886 1077 995 1149 disse:
1012 1079 1064 1171 [α’
1080 1078 1140 1149 cle
1160 1078 1232 1149 toci
1247 1082 1360 1169 queste
1379 1076 1520 1168 picoto,
1546 1073 1633 1169 quia
1658 1075 1726 1151 isla
1751 1096 1838 1173 pec-

667 1198 748 1267 cata
768 1199 854 1267 sunt
873 1193 1027 1269 vulnera
1047 1194 1180 1271 animae
1204 1195 1330 1291 peiora
1349 1214 1463 1290 quam
1489 1194 1660 1289 quelibet
1681 1195 1838 1274 vulnera

667 1312 841 1407 corporis,
868 1315 1009 1405 quaudo
1033 1318 1080 1389 sc'
1096 1316 1235 1407 dentre
1261 1315 1356 1391 intra
1382 1314 1478 1391 istud
1502 1315 1771 1413 purgatorium.

745 1436 881 1505 curere.
906 1432 976 1507 lsta
1003 1445 1059 1511 est
1083 1441 1216 1529 quarta
1241 1441 1279 1509 et
1304 1434 1432 1509 ultima
1463 1456 1547 1530 pars
1580 1436 1773 1532 generalis,
1798 1435 1837 1509 in

667 1574 740 1649 qua
775 1554 944 1629 describit
966 1546 1002 1649 (⁴)
1037 1577 1147 1630 suurn
1182 1556 1372 1664 introitum
1411 1555 1448 1629 in
1481 1555 1762 1652 purgatorium:
1798 1561 1837 1631 et

667 1674 786 1771 primo
811 1674 980 1750 describit
1004 1677 1138 1771 claves,
1164 1676 1298 1770 quibus
1331 1675 1502 1750 sacerdos
1530 1676 1675 1770 aperuit
1698 1677 1833 1751 ostium

667 1803 705 1872 et
730 1796 988 1871 vestimentum
1015 1797 1084 1871 sub
1105 1817 1180 1891 quo
1207 1803 1306 1871 tenet
1330 1818 1413 1891 eas3
1433 1796 1531 1871 unde
1546 1796 1651 1871 dicit:
1672 1818 1836 1871 moueo

539 1928 541 1935 '
667 1924 765 1990 ter-ro
790 1918 849 1989 obe
873 1920 904 1989 si
927 1920 1006 1990 cour·
1028 1937 1140 2009 succo,
1164 1921 1262 2012 sora,
1288 1915 1389 2010 idest7
1407 1916 1513 2010 soret,
1540 1919 1635 1990 d’uu
1660 1920 1760 1991 color
1782 1921 1838 1992 cot

667 2058 731 2111 suo
757 2039 972 2109 vestimento:
997 2036 1067 2111 hoc
1096 2043 1163 2130 est,
1194 2035 1294 2130 quod
1327 2035 1438 2111 vestis
1469 2036 1551 2110 eius
1580 2043 1661 2111 erat
1691 2036 1834 2132 pallida,

666 2156 824 2250 humilis,
850 2176 917 2251 per
942 2155 1042 2249 qnod
1066 2162 1179 2250 notat,
1206 2155 1305 2250 quod
1330 2155 1360 2229 si
1386 2155 1565 2249 poenitens
1583 2153 1692 2232 debet
1708 2176 1749 2230 se
1765 2157 1837 2229 bu-

667 2276 819 2370 miliare,
846 2281 884 2349 et
907 2274 1077 2349 sacerdos
1102 2296 1176 2348 non
1201 2275 1310 2349 debet
1336 2282 1462 2350 tenere
1487 2274 1610 2350 claves
1633 2275 1704 2349 snb
1728 2296 1837 2350 arro·
1907 2274 1911 2279 ’

667 2396 810 2494 gantia3
837 2402 874 2470 el
898 2415 988 2471 vere
1013 2393 1090 2469 islae
1116 2396 1238 2469 claves
1258 2394 1396 2469 iaciunt
1417 2396 1552 2470 multos
1572 2396 1680 2469 nimis
1704 2417 1837 2493 super-

666 2517 743 2591 bos.
783 2516 875 2591 Dicit
905 2536 1015 2613 ergo:
1050 2537 1069 2588 e
1103 2522 1216 2588 trosse
1240 2518 1306 2589 due
1334 2518 1448 2590 etiem
1476 2518 1515 2589 di
1544 2523 1634 2591 sotto
1668 2520 1717 2591 do
1746 2521 1837 2611 quet,

667 2636 812 2731 scilicet,
833 2635 1059 2731 vestimento,
1078 2635 1166 2730 quia
1185 2635 1278 2709 duas
1303 2635 1424 2711 claves
1440 2636 1617 2731 pretiosas
1643 2644 1742 2713 tenet
1766 2639 1838 2713 sub

667 2766 769 2834 reste
794 2764 870 2831 tam
897 2755 957 2831 vili
982 2755 1132 2830 abiecta.
1160 2755 1205 2829 Et
1228 2755 1399 2831 describit
1428 2757 1493 2829 bas
1521 2758 1644 2833 claves
1668 2779 1691 2832 a
1718 2765 1837 2833 mate-

668 2879 733 2971 ria,
755 2876 839 2971 quia
858 2882 945 2949 sunt
961 2895 1008 2949 err
1025 2874 1170 2949 duobus
1186 2875 1454 2969 perfectissimis
1471 2876 1637 2950 metallis.
1658 2876 1713 2951 nd
1729 2877 1836 2953 cuius

667 2996 940 3094 intelligentiam
964 3002 1108 3090 oportet
1133 2995 1227 3070 scire
1252 2996 1351 3089 quod
1377 2995 1501 3089 clavis,
1521 3002 1632 3091 prout
1656 2997 1715 3073 bic
1738 2999 1836 3074 acci·
1870 3086 1874 3093 ,

667 3119 765 3215 pitur
791 3116 1003 3213 theologice,
1030 3122 1084 3191 est
1108 3122 1268 3211 potestas
1293 3116 1503 3191 absolvendi
1526 3122 1564 3191 el
1589 3117 1734 3214 ligandi,
1761 3140 1850 3213 qua-

666 3236 1063 3333 ecclesiaslicus.judex
1090 3235 1219 3333 dignos
1245 3235 1420 3331 recipere,
1446 3236 1613 3335 indignos
1637 3240 1836 3317 excludere

666 3358 774 3433 debet
804 3378 827 3431 a
859 3377 984 3454 regno.
1018 3356 1147 3431 Claves
1178 3356 1256 3430 istae
1285 3362 1372 3430 sunt
1400 3356 1495 3451 duae,
1521 3357 1656 3433 scilicet
1686 3359 1835 3435 scientia

665 3477 903 3572 discernendi,
930 3483 967 3551 et
991 3476 1152 3572 potentia
1176 3476 1310 3573 ligandi
1336 3483 1374 3551 et
1397 3476 1608 3552 absolvendi
1624 3470 1681 3574 (²);
1713 3486 1752 3554 et
1775 3499 1836 3555 se·

667 3599 787 3675 cunda
812 3596 922 3674 clavis
947 3603 1012 3692 est,
1039 3617 1122 3693 quae
1148 3596 1358 3671 immediate
1382 3598 1500 3692 aperit
1528 3619 1649 3673 seram
1676 3598 1835 3695 peccati3

666 3719 730 3795 sed
756 3719 876 3815 primo
902 3717 1057 3793 ostendit
1078 3717 1138 3792 cui
1159 3716 1354 3811 aperienda
1384 3716 1439 3792 sit.
1470 3717 1561 3792 uicit
1590 3738 1700 3815 ergo:
1720 3722 1836 3793 L’uno

667 3862 731 3915 cro
756 3842 882 3930 doro,
908 3838 976 3912 ista
993 3828 1047 3913 est
1064 3837 1243 3911 autoritas
1254 3836 1470 3912 absolvendi
1491 3842 1528 3911 et
1544 3837 1699 3934 ligandi;
1717 3860 1736 3911 e
1752 3841 1835 3913 tot-

666 3970 725 4037 tro
745 3982 809 4035 ero
825 3963 860 4033 d
873 3966 1040 4050 macuto:
1057 3955 1125 4031 ista
1142 3964 1198 4031 est
1214 3957 1365 4031 scientia
1380 3956 1619 4053 discernendi,
1637 3979 1704 4055 per
1721 3980 1833 4053 quam

666 4080 835 4157 sacerdos
860 4078 1044 4175 cognoscit
1070 4098 1182 4172 quam
1208 4098 1355 4171 poenam
1386 4083 1575 4154 mereatur
1599 4084 1770 4174 peccator
1798 4086 1835 4157 et

667 4201 753 4297 quid
777 4199 984 4296 agendum3
1011 4204 1048 4273 et
1072 4197 1132 4273 ille
1157 4196 1327 4272 sacerdos
1352 4196 1512 4293 prudens
1537 4204 1739 4294 elbodone,
1763 4204 1837 4294 fece

666 4326 739 4398 otta
762 4328 868 4415 porto
892 4312 922 4393 sl
946 4321 996 4393 ct’
1009 4322 1044 4392 to
1066 4320 1120 4413 sui
1143 4324 1313 4410 contento,
1334 4317 1420 4413 quia
1445 4316 1581 4393 scilicet
1606 4318 1722 4394 libere
1745 4340 1835 4415 ape·

666 4444 742 4520 ruit
775 4441 874 4535 mibi,
905 4442 1117 4534 primumn
1147 4443 1183 4513 ta
1208 4440 1345 4531 tuneo,
1372 4438 1509 4513 scilicet
1533 4446 1721 4536 argentea,
1747 4442 1835 4535 quia

665 4561 813 4639 scientia
830 4559 1056 4635 discernendi
1073 4558 1245 4655 praecedit
1260 4558 1461 4654 potentiam
1481 4558 1703 4655 absolvendi,
1727 4581 1746 4632 e
1765 4582 1835 4653 po-

664 4686 739 4759 scto
762 4704 829 4756 con
854 4684 890 4755 to
913 4683 1036 4773 atella,
1063 4680 1165 4775 idest,
1190 4699 1276 4754 cum
1302 4699 1430 4773 aurea,
1455 4680 1542 4775 quia
1567 4680 1749 4756 absolutio
1774 4703 1835 4759 se-

665 4805 793 4898 quitur
810 4801 1072 4878 consessionem
1092 4800 1298 4875 discretam.
1312 4840 1362 4855 -
1378 4802 1625 4892 Qwuduoouc.
1644 4800 1709 4875 llic
1725 4810 1832 4897 poeta

729 5052 756 5114 (¹)
774 5055 827 5112 lli,
844 5056 919 5115 poen
935 5050 1062 5102 describit.
1250 5048 1277 5111 l')
1295 5048 1324 5098 E
1340 5060 1356 5097 e
1374 5052 1427 5109 m,
1444 5047 1568 5101 solvendi.
