4542 6842
706 983 779 1052 358
1069 997 1273 1053 conmunnu
1297 997 1516 1053 ronosmnu

705 1143 784 1215 baec
808 1148 846 1216 et
870 1141 930 1217 illa
955 1141 1093 1216 iaciunt
1118 1149 1245 1216 contra
1276 1142 1460 1216 invidiam.
1493 1139 1586 1214 Dicit
1616 1160 1709 1238 ergo
1738 1141 1785 1218 de
1810 1143 1880 1221 isto

705 1261 832 1357 fraeno,
857 1265 1048 1336 credonio
1079 1265 1246 1354 ludunt,
1272 1262 1418 1354 scilicet,
1444 1262 1482 1335 iu
1508 1261 1581 1337 line
1605 1263 1791 1356 sequentis
1816 1284 1880 1340 ca-

705 1381 819 1476 pituli,
846 1403 913 1477 per
938 1385 1008 1455 neo
1032 1385 1168 1473 nomso,
1192 1375 1294 1476 idest7
1313 1383 1349 1456 ni
1377 1381 1492 1475 lallor,
1516 1384 1637 1475 pmmn
1661 1385 1720 1457 olle
1735 1386 1880 1476 pmnolti

705 1505 744 1574 nl
761 1523 871 1596 passo
900 1505 958 1576 del
980 1505 1158 1596 perdono,
1184 1503 1330 1597 scilicet,
1355 1504 1453 1578 circa
1484 1502 1595 1576 tinem
1626 1505 1777 1578 secundi
1807 1505 1880 1579 cir-

705 1622 777 1697 culi
803 1630 889 1696 ante
916 1623 1166 1697 remissionem
1200 1623 1353 1717 invidiae,
1380 1629 1418 1697 et
1450 1623 1693 1700 remotionem
1721 1625 1877 1699 fiendam

705 1741 753 1815 ab
777 1744 919 1840 angela.
942 1744 986 1815 Et
1004 1762 1076 1816 non
1096 1744 1177 1816 nult
1192 1742 1293 1818 aliud
1308 1743 1432 1817 dicere
1451 1742 1530 1836 uisi,
1547 1749 1747 1838 autequam
1768 1765 1879 1821 exeas

706 1861 816 1935 istum
833 1862 1012 1936 circulum
1032 1861 1160 1936 audies
1177 1883 1288 1938 voces
1307 1862 1397 1937 alias
1414 1871 1628 1938 resonantes
1649 1865 1877 1940 eontrarium

699 1969 743 2055 ¹iu
768 2002 857 2057 aere
872 1975 921 2074 (¹).

780 2107 842 2175 Mo
856 2103 954 2194 finon.
974 2102 1045 2178 lsta
1061 2113 1116 2179 est
1132 2103 1293 2176 secunda
1311 2124 1396 2198 pars
1413 2104 1605 2200 generalis,
1624 2105 1661 2178 in
1679 2125 1754 2198 qna
1771 2113 1877 2200 poeta

706 2221 875 2297 describit
896 2243 1044 2317 poenam
1071 2229 1108 2298 et
1133 2223 1389 2319 purgationem
1412 2223 1620 2299 invidorum
1642 2225 1679 2298 in
1696 2223 1879 2322 generali3

707 2343 769 2418 sed
782 2350 981 2437 autequam
996 2343 1194 2440 procedam
1210 2343 1364 2419 ulterius
1376 2345 1422 2419 ad
1437 2345 1711 2442 intelligentiam
1725 2347 1829 2420 istius
1840 2337 1877 2438 (¹)

707 2485 837 2560 poeuae,
864 2485 976 2559 quam
1002 2471 1109 2560 poeta
1135 2465 1198 2540 dat
1221 2465 1349 2560 generi
1374 2464 1596 2558 invidorum,
1622 2474 1678 2540 est
1694 2466 1789 2540 bene
1815 2485 1881 2540 no-

709 2583 858 2659 tandum
878 2591 1058 2678 quantum
1077 2584 1123 2659 sit
1140 2585 1495 2660 convenientissima.
1514 2585 1634 2682 Fingit
1650 2587 1760 2679 enim,
1783 2585 1887 2680 quod·

708 2712 803 2781 stant
828 2705 994 2781 sedentes
1019 2705 1248 2780 adbaereutes
1281 2706 1407 2800 monti,
1433 2707 1668 2782 sublevantes
1702 2729 1798 2781 unus
1828 2707 1882 2781 al-

678 2927 679 2930 x
710 2833 831 2901 terum
857 2847 942 2901 cum
969 2827 1142 2919 humero,
1164 2832 1312 2901 orantes
1328 2825 1573 2921 devotissime,
1590 2829 1753 2922 cooperti
1774 2847 1881 2901 mau-

567 3011 570 3018 *
710 2945 801 3024 tellis
825 2945 921 3021 lividi
948 2946 1091 3041 coloris,
1118 2947 1294 3022 babentes
1310 2948 1437 3022 oculos
1459 2949 1604 3022 clausos
1621 2967 1708 3022 cum
1727 2947 1790 3022 iilo
1807 2948 1881 3022 ler-

710 3088 784 3143 reo.
799 3066 903 3141 Modo
920 3065 966 3141 ad
983 3067 1207 3162 propositum
1221 3091 1231 3139 z
1245 3067 1330 3160 quia
1352 3065 1485 3141 invidia
1499 3058 1537 3159 (⁸)
1556 3076 1613 3144 est
1628 3068 1733 3142 dolor
1751 3069 1880 3143 alienae

709 3185 896 3280 felicitatis,
922 3187 1034 3260 bomo
1060 3187 1187 3260 voleus
1211 3206 1373 3282 purgare
1399 3185 1435 3259 iu
1460 3207 1501 3261 se
1526 3186 1622 3261 istud
1649 3187 1791 3282 vitium,
1816 3188 1881 3263 de-

709 3307 769 3381 bet
794 3313 922 3400 sponte
946 3327 1139 3382 assumere
1162 3307 1199 3379 in
1225 3327 1265 3381 se
1291 3306 1627 3401 medicinamque
1655 3309 1757 3382 tollat
1782 3310 1881 3384 huuc

707 3425 896 3501 dolorem:
934 3426 994 3500 ubi
1028 3426 1126 3500 enim
1158 3426 1298 3500 solebat
1329 3426 1448 3520 primo
1481 3427 1692 3502 discurrere
1721 3429 1882 3502 notanda

709 3545 894 3623 felicitates
919 3547 1068 3639 alienas,
1095 3566 1195 3620 nunc
1220 3545 1323 3621 sedet
1347 3545 1529 3623 inhaerens
1555 3534 1681 3641 monti,
1706 3547 1808 3642 idest,
1826 3548 1883 3622 in·

709 3667 826 3741 nitens
852 3667 1001 3760 virtuti3
1027 3672 1064 3740 et
1090 3666 1154 3738 ubi
1180 3665 1321 3740 solebat
1345 3672 1475 3760 optare
1509 3667 1687 3740 damnum
1720 3667 1882 3761 alterius,

710 3807 807 3860 nunc
843 3792 925 3860 orat
958 3807 1025 3880 pro
1060 3786 1178 3859 salute
1211 3783 1388 3879 alterius3
1423 3792 1461 3860 et
1493 3787 1557 3861 ubi
1592 3787 1732 3861 solebat
1768 3787 1882 3861 laetari

709 3906 814 3980 ruina
827 3906 990 3999 alterius,
1001 3926 1099 3980 nnnc
1112 3905 1266 4001 porrigit
1285 3926 1436 3979 manum
1452 3905 1668 3981 adiutricem
1684 3908 1732 3981 illi
1748 3908 1881 4000 ruenti,

708 4034 746 4101 et
780 4027 920 4102 relevat
950 4027 1091 4122 ipsum3
1121 4033 1158 4100 et
1192 4024 1254 4100 ubi
1295 4025 1435 4101 solebat
1468 4047 1555 4100 cum
1593 4027 1720 4102 dolore
1758 4028 1882 4102 videre

707 4147 844 4222 alienas
876 4146 1074 4240 felicitates,
1105 4167 1205 4220 nunc
1235 4145 1308 4218 suit
1340 4145 1407 4220 sibi
1439 4147 1577 4240 oculus,
1610 4168 1657 4220 ne
1689 4147 1882 4242 respiciant

707 4267 828 4342 invide
852 4267 970 4342 aliena
996 4267 1104 4360 bona,
1130 4273 1168 4340 et
1192 4265 1355 4360 conperit
1380 4285 1421 4340 se
1445 4267 1506 4341 rili
1532 4265 1659 4361 cilicio,
1686 4267 1882 4340 humilians

708 4408 747 4463 se
772 4389 860 4481 Deo,
887 4387 973 4483 quia
1000 4387 1118 4460 omnis
1144 4385 1287 4460 invidus
1312 4391 1367 4460 est
1392 4387 1594 4480 superbus3
1616 4387 1715 4460 unde
1741 4387 1879 4461 bonnm

589 4569 597 4584 .
708 4515 788 4584 erat
813 4507 912 4603 quod
937 4509 1049 4582 etiam
1074 4506 1232 4580 dedisset
1253 4505 1306 4579 eis
1331 4506 1492 4579 cinerem
1520 4505 1557 4579 in
1582 4506 1711 4601 capite,
1740 4505 1882 4580 relabi

709 4628 873 4704 solebant
898 4634 1046 4722 portare
1078 4631 1198 4701 vestes
1230 4626 1434 4719 invidiosas,
1467 4646 1566 4699 nuuc
1597 4633 1743 4720 portant
1775 4627 1884 4700 mise-

710 4748 854 4842 rabiles
881 4755 917 4822 et
942 4749 1010 4822 isto
1037 4747 1147 4822 modo
1171 4746 1309 4841 optime
1334 4753 1515 4842 purgator
1540 4746 1609 4820 iste
1638 4746 1791 4820 morbus
1820 4765 1884 4821 oc·

708 4869 830 4942 cultus
864 4867 1031 4961 interior,
1069 4874 1106 4941 et
1144 4866 1305 4961 erumpit
1344 4886 1392 4940 ne
1428 4872 1680 4960 apostnmetnr
1718 4866 1880 4940 interius.

771 5055 798 5118 (¹)
816 5055 845 5104 E.
863 5068 936 5116 ουτος
953 5060 980 5104 el
995 5055 1032 5104 sic
1049 5055 1104 5104 linit
1121 5055 1205 5116 prima
1222 5066 1282 5117 pars
1298 5050 1433 5116 generalis.
1559 5051 1586 5113 (¹)
1603 5050 1634 5100 E.
1651 5051 1727 5100 buius
1743 5063 1834 5112 pmum.

772 5125 799 5192 (⁸)
816 5129 846 5180 Ε.
865 5131 996 5181 iracundia
1012 5135 1059 5181 eal.
