4542 6842
808 936 947 993 caurus
970 936 1141 1001 ecrtvus.
1495 930 1566 997 aet

395 1078 526 1155 timens
543 1080 630 1155 milri
649 1081 814 1156 exomni
837 1090 953 1177 parte,
978 1106 997 1157 c
1020 1090 1140 1157 stretto
1165 1087 1373 1159 m'accostct
1395 1092 1480 1159 tutto
1503 1108 1566 1177 pe-

392 1203 477 1292 tato,
501 1202 588 1295 quia
614 1201 748 1276 nimius
766 1202 876 1277 timor
894 1204 1011 1280 reddit
1029 1204 1216 1280 homiuem
1234 1212 1354 1280 totum
1376 1206 1561 1303 trigidum,

392 1320 479 1414 quia
504 1320 653 1417 sanguis
684 1322 844 1395 recurrit
868 1324 915 1397 ad
940 1344 1017 1418 cor,
1044 1331 1086 1397 ut
1111 1325 1371 1418 sepedictum
1403 1332 1469 1419 est,
1495 1328 1566 1401 alle

389 1441 497 1530 fidula
520 1442 643 1533 spelte,
660 1440 795 1515 scilicet
812 1440 963 1538 Virgilii,
980 1442 1027 1518 ad
1052 1464 1166 1537 quem
1191 1443 1345 1519 tidenter
1369 1465 1472 1519 eram
1504 1464 1565 1517 so-

393 1560 478 1633 litus
503 1580 709 1635 recurrere.
736 1562 780 1634 lit
805 1562 933 1657 pulcre
959 1562 1061 1659 tingit
1085 1564 1167 1656 hoc,
1186 1563 1271 1657 quia
1293 1563 1465 1639 historice
1484 1584 1565 1639 ser-

393 1700 482 1775 pens
507 1686 562 1755 est
587 1701 652 1775 per
682 1687 852 1755 naturam
885 1681 1052 1756 iuimicus
1084 1682 1251 1777 hominis,
1281 1683 1363 1757 ideo
1393 1684 1564 1757 terribilis

393 1805 431 1875 et
455 1800 709 1895 formidabilis3
726 1807 764 1876 et
781 1800 862 1875 ideo
880 1801 948 1899 iste
964 1822 1114 1897 serpens
1134 1801 1197 1896 qui
1223 1796 1371 1897 prius(¹)
1392 1802 1565 1898 propina-

393 1920 446 1994 vit
471 1940 656 1995 venenum
683 1920 803 2016 primo
829 1920 979 2016 homini,
1018 1928 1056 1995 et
1092 1921 1191 1995 dedit
1216 1928 1376 1997 mortem
1408 1921 1458 1995 illi
1494 1921 1565 1995 im-

393 2039 550 2134 mortali,
571 2040 653 2135 plus
677 2040 810 2113 terruit
835 2060 934 2115 nunc
959 2050 1106 2136 poetam
1133 2040 1296 2116 noudum
1324 2042 1424 2117 risus
1449 2059 1563 2135 quam

391 2162 522 2255 aliquis
546 2166 771 2256 serpentum,
792 2182 886 2255 quos
905 2161 1037 2235 viderit
1061 2161 1097 2235 in
1122 2182 1238 2235 arena
1255 2162 1398 2257 inserui,
1415 2162 1480 2257 qui
1497 2162 1564 2236 da·

391 2280 479 2355 hant
504 2286 580 2355 tam
596 2272 633 2373 (²)
661 2280 781 2355 varias
808 2287 945 2355 mortes
969 2281 1234 2377 peccatoribus.

324 2495 329 2507 Ι
463 2403 622 2475 Sordello
639 2420 786 2473 aurora.
804 2402 873 2473 lsta
891 2407 946 2475 est
966 2400 1127 2475 secunda
1144 2420 1230 2494 pars
1246 2399 1405 2495 capituli,
1427 2400 1465 2473 in
1485 2421 1561 2494 qua

391 2528 499 2617 poeta
525 2526 649 2595 noster
673 2519 844 2595 describit
872 2520 1106 2617 singulariter
1140 2540 1252 2593 unam
1285 2520 1448 2593 animam
1481 2541 1563 2594 mo·

392 2639 544 2715 dernam
572 2639 751 2715 illustrem
777 2660 861 2733 quae
886 2639 1112 2714 familiariter
1145 2638 1401 2714 confabulatur
1432 2660 1560 2713 secum

391 2762 437 2837 de
463 2760 534 2835 tilia
559 2766 597 2835 et
622 2781 764 2856 uxore;
791 2766 827 2835 et
857 2759 976 2855 primo
1005 2780 1072 2855 pro
1104 2758 1377 2834 continuatione
1405 2760 1563 2835 ostendit

392 2881 549 2977 qualiter
574 2880 771 2974 Sordellus,
790 2899 863 2954 non
882 2886 1074 2955 contentus
1094 2879 1293 2953 ostendisse
1309 2879 1362 2953 eis
1382 2881 1430 2954 ab
1455 2887 1562 2956 extra

391 3001 537 3097 spiritus
557 3001 724 3074 virorum
749 2999 944 3073 illustrium
972 3006 1009 3075 et
1032 3006 1136 3074 actus
1154 3019 1298 3092 eorum,
1316 3000 1510 3075 deduxerit
1522 2992 1559 3093 (³)

391 3142 456 3197 eos
480 3120 526 3195 ad
552 3121 685 3195 locum.
713 3119 805 3194 llicit
829 3139 940 3215 ergo:
963 3122 1121 3193 Sordelto
1147 3140 1296 3211 anema,
1314 3121 1453 3215 supple,
1471 3121 1562 3195 dixit

391 3241 506 3336 nobis,
532 3243 745 3315 αυυαίἱίαηιο
771 3241 882 3331 omui,
912 3238 1020 3333 idest,
1050 3238 1315 3315 descendamus
1347 3239 1395 3313 ad
1425 3239 1559 3314 dictam

389 3362 535 3456 vallem,
562 3368 620 3433 tra
646 3360 677 3432 tc
700 3360 833 3451 mandi
853 3358 985 3450 ordre,
1003 3356 1150 3453 scilicet,
1169 3378 1390 3454 magnorum
1416 3365 1454 3433 et
1481 3378 1562 3431 ma·

387 3482 647 3580 gnauimorum
674 3478 853 3571 virorum,
871 3499 890 3550 c
912 3480 1119 3571 parleremo
1136 3480 1187 3551 ud
1204 3498 1291 3568 esse,
1308 3477 1411 3572 idest,
1427 3477 1562 3570 aliqui·

386 3604 467 3678 bus'
482 3621 528 3677 ex
559 3598 692 3673 nostris
721 3597 860 3691 italicis,
886 3603 928 3670 ut
957 3597 1114 3693 patebit:
1140 3604 1179 3671 et
1202 3598 1363 3693 assignat
1394 3617 1562 3691 causam,

386 3724 485 3818 quia,
504 3723 674 3813 prezioso
696 3721 748 3813 fic
772 3720 829 3791 tor
855 3720 995 3791 eederet
1018 3720 1129 3809 assai,
1147 3716 1249 3811 idest,
1268 3716 1354 3811 quia
1380 3718 1450 3791 erit
1474 3717 1562 3791 satis

385 3849 548 3939 gratum,
574 3840 649 3914 imo
673 3824 923 3937 gratissimum
948 3836 1024 3911 istis
1056 3836 1182 3911 videre
1215 3856 1281 3910 ros
1313 3835 1407 3910 duos
1440 3842 1561 3909 tantos

385 3969 512 4060 poetas
528 3949 578 4056 (⁴),
605 3960 693 4055 quia
723 3958 792 4034 riri
825 3957 982 4033 illustres
1014 3963 1051 4031 et
1082 3956 1249 4031 moderni
1281 3976 1428 4031 summe
1459 3956 1561 4030 dele-

387 4090 533 4171 ctantur
558 4081 684 4157 videre
708 4086 747 4155 et
770 4078 901 4154 audire
930 4083 1067 4173 poetas,
1093 4076 1158 4171 qui
1187 4075 1323 4172 possint
1356 4077 1479 4151 lacere
1511 4076 1559 4151 de

388 4206 441 4282 eis
466 4202 684 4278 memoriam
711 4206 749 4277 et
778 4200 926 4291 lamam,
953 4197 1046 4271 sicut
1070 4195 1358 4292 sapientissimus
1388 4216 1456 4270 rex
1484 4196 1560 4270 Ro-

389 4327 517 4402 bertus
542 4320 736 4397 honorarit
766 4329 805 4395 et
835 4316 1016 4392 laureavit
1047 4316 1286 4390 novissimum
1317 4323 1463 4412 poetam
1490 4317 1558 4391 Pe-

387 4446 586 4537 trarcham,
613 4440 676 4535 qui
702 4439 841 4533 ubique
865 4437 951 4512 tacit
976 4436 1067 4511 altas
1084 4436 1419 4511 commendationes
1435 4437 1482 4511 de
1501 4456 1558 4511 eo.

386 4565 489 4641 Sicut
513 4582 603 4658 ergo
629 4560 697 4635 luit
721 4558 851 4633 nobilis
871 4555 1004 4630 invidia
1021 4555 1215 4630 Alexandri
1236 4556 1356 4653 llagni
1375 4556 1421 4631 ad
1438 4555 1560 4630 Aclxil-

385 4685 471 4779 lem,
497 4682 603 4757 cuius
627 4680 783 4779 gloriam
810 4679 993 4753 Homerus
1018 4677 1156 4753 lecerat
1174 4683 1365 4773 aternam,
1384 4678 1434 4753 ita
1454 4678 1560 4753 uobi-

385 4806 427 4881 lis
455 4804 566 4877 timor
590 4800 786 4877 Alexandri
813 4796 1043 4895 imperatoris
1072 4796 1232 4871 timentis
1266 4798 1365 4871 viros
1396 4797 1560 4882 literatos

450 4989 477 5051 (¹)
494 4988 526 5039 lt.
542 4988 649 5051 primns.
869 4982 898 5046 (¹)
914 4983 945 5033 li.
962 4986 1015 5033 tam
1031 4996 1111 5034 noras
1127 4988 1233 5035 mortes.

450 5064 478 5130 θ
495 5068 549 5125 ur,
566 5064 679 5115 deduxit.
872 5061 898 5123 (¹)
914 5060 946 5111 lt.
962 5064 1051 5125 poem
1066 5060 1111 5125 qut
1127 5060 1225 5137 possint
1239 5060 1326 5112 iacere
1341 5060 1374 5109 de
1388 5060 1434 5110 cis.

522 5172 563 5216 ΠΙ.
1398 5169 1425 5211 16
