4542 6842
826 983 969 1037 3333333
994 982 1123 1037 nonus.
1491 970 1564 1037 ato

391 1128 480 1203 dnm
510 1145 629 1222 usque
653 1124 700 1199 ad
725 1132 870 1220 tempus
896 1124 1029 1199 nubilis
1051 1125 1180 1219 aetatis,
1200 1125 1342 1223 fingens
1362 1146 1444 1201 esse
1460 1144 1566 1199 soro·

391 1269 471 1323 rem
498 1246 660 1341 llcbillis3
686 1252 723 1322 31
749 1246 818 1320 sub
844 1245 912 1320 isto
937 1247 1061 1321 colore
1091 1246 1292 1321 excusabat
1320 1246 1351 1319 si
1376 1246 1565 1322 videretur

390 1368 498 1443 nimis
525 1368 646 1462 virilis,
673 1388 808 1464 rogans
835 1374 875 1441 ut
899 1373 1049 1441 caveret
1071 1388 1095 1441 3
1121 1367 1290 1462 31333113,
1317 1374 1355 1443 31
1379 1368 1564 1463 praecipue

392 1508 439 1563 33
464 1488 606 1563 3331331
631 1488 676 1564 ad
702 1488 787 1561 litus
813 1509 860 1562 33
885 1488 979 1562 13313
1015 1496 1212 1582 raperetur
1235 1508 1258 1561 3
1284 1489 1444 1584 troianis,
1470 1489 1563 1563 sicut

392 1608 530 1684 Helena
562 1630 586 1683 3
614 1606 755 1683 Paride.
781 1606 948 1703 Virgines
972 1627 1063 1682 3333
1090 1607 1172 1681 filie
1205 1608 1302 1704 regis
1334 1608 1564 1683 mirabantur

393 1729 571 1825 virginem
599 1749 745 1823 novam,
768 1728 1008 1821 honorabant,
1027 1734 1064 1801 31
1082 1734 1235 1825 tangere
1259 1729 1479 1824 gaudebant.
1504 1729 1565 1804 ln-

394 1848 501 1924 terim
520 1848 660 1923 Graecia
677 1856 715 1923 et
732 1855 808 1923 tota
825 1848 969 1943 Europa
990 1854 1093 1942 parat
1110 1847 1248 1922 bellum
1263 1855 1391 1923 contra
1404 1849 1563 1944 Troiam,

393 1974 431 2043 et
457 1988 564 2065 reges
588 1988 717 2043 omnes
742 1988 783 2043 se
809 1967 1069 2063 praemuniunt,
1090 1972 1126 2041 et
1153 1968 1276 2063 popuii
1297 1975 1493 2043 armantur
1517 1969 1565 2044 ad

394 2089 569 2164 ultionem
597 2096 673 2163 tum
699 2088 834 2163 atrocis
858 2086 1021 2161 iniurias:
1048 2093 1083 2161 et
1110 2086 1257 2161 medem
1289 2108 1420 2191 omnes
1439 2110 1566 2165 naves

392 2229 603 2305 grecorum
628 2216 881 2285 convenerunt
906 2207 1004 2303 apud
1030 2207 1196 2283 Aulidem
1217 2207 1387 2303 insulam,
1404 2231 1489 2304 quae
1507 2218 1566 2285 ext

393 2328 430 2402 in
464 2329 557 2403 mari
587 2328 760 2423 Euboico,
786 2335 824 2402 et
854 2348 983 2402 ornnes
1019 2327 1115 2403 vires
1145 2336 1378 2424 congregate
1409 2337 1495 2403 sunt
1525 2330 1564 2403 13

395 2470 513 2523 unum
536 2471 672 2545 corpus
698 2448 768 2523 sub
793 2469 869 2523 uno
895 2468 985 2544 rege
1010 2448 1307 2545 Agamemnone3
1334 2455 1371 2523 et
1395 2450 1569 2544 quamvis

394 2568 442 2642 ibi
473 2576 569 2644 esset
597 2568 700 2644 lortis
728 2568 933 2663 Diomedes,
968 2575 1111 2643 astutus
1145 2568 1289 2664 Ulyxes,
1324 2569 1567 2644 3311331133-

395 2687 588 2783 lamonius,
614 2688 703 2763 Aiax
730 2688 851 2763 etalii
880 2688 984 2761 multi
1010 2686 1192 2785 magnifici
1223 2686 1413 2784 principes,
1442 2696 1565 2764 tamen

396 2814 472 2883 lota
498 2809 692 2884 multitudo
718 2809 924 2905 suspirabat
949 2809 1123 2883 Achillem
1150 2810 1352 2903 absentem,
1373 2815 1410 2884 et
1430 2830 1566 2884 nomen

396 2928 476 3003 eius
500 2930 685 3031 amabant,
711 2936 748 3005 31
773 2930 872 3005 solus
905 2929 1059 3005 Achilles
1088 2936 1215 3004 contra
1241 2930 1436 3005 llectorem
1462 2938 1566 3027 pete-

396 3049 516 3125 batur.
543 3052 596 3123 Ex
623 3071 698 3146 qno
722 3058 803 3145 post
827 3052 975 3147 longam
1002 3051 1306 3126 consultationem
1329 3052 1480 3127 Calchas
1505 3072 1567 3127 sa·

396 3170 524 3245 cerdos
550 3178 587 3245 et
611 3190 734 3268 augur
759 3172 818 3247 ad.
831 3170 1112 3267 postulationem
1131 3168 1331 3264 Protesilai,
1349 3192 1462 3265 quem
1488 3172 1566 3246 ior·
1673 3174 1678 3185 '

396 3296 486 3364 tuna
512 3290 679 3365 trahebat
703 3290 740 3364 in
767 3291 917 3384 bellum,
944 3290 1033 3364 dixit
1058 3291 1157 3384 quod
1183 3297 1303 3365 mater
1326 3292 1568 3367 absconderat

396 3431 483 3486 eum
510 3410 547 3484 in
572 3411 657 3485 aula
685 3411 781 3507 regis
805 3410 1020 3507 Lycomedis
1041 3411 1077 3485 in
1099 3412 1217 3485 iorma
1237 3411 1421 3505 ioeminea,
1439 3418 1477 3486 31
1491 3419 1568 3487 313·

396 3530 461 3605 tim
486 3530 680 3605 Diomedes
706 3532 935 3625 preveniens
956 3530 1123 3627 Ulyxem,
1143 3530 1252 3604 dixit:
1271 3532 1344 3605 Nos
1369 3538 1476 3607 33331
1501 3533 1569 3608 1313

396 3650 510 3743 labor,
528 3651 588 3725 cui
603 3650 736 3748 Ulyxes
757 3652 925 3727 laetanter
941 3650 1104 3725 assensit.
1122 3650 1256 3725 Parata
1273 3671 1364 3746 ergo
1386 3652 1470 3726 3331
1489 3673 1569 3728 coe-

396 3778 531 3867 perunt
555 3771 1236 3869 3331333333303313333,’3113311313
1261 3793 1436 3868 prospero
1456 3782 1568 3849 33313

396 3897 646 3986 pervenerunt
670 3891 717 3967 ad
742 3892 880 3988 Scyron
907 3892 1149 3987 scopulosam,
1175 3899 1212 3967 et
1236 3893 1497 3970 descendentes
1521 3896 1567 3971 ad

397 4010 482 4084 11133
507 4011 723 4085 dimiserunt
748 4032 880 4086 navem
907 4032 995 4085 cum
1021 4010 1140 4107 sociis,
1161 4032 1208 4087 ne
1224 4012 1273 4086 1111
1293 4014 1341 4087 de
1356 4012 1474 4089 133313
1492 4022 1568 4090 ter-

397 4136 581 4225 rerentur,
598 4139 635 4207 31
659 4132 725 4227 ipsi
750 4132 825 4207 duo
849 4139 1084 4207 accesserunt
1100 4133 1147 4207 ad
1165 4133 1309 4226 urbem,
1326 4139 1364 4207 et
1382 4141 1569 4228 portantes

397 4272 545 4325 ramum
560 4244 598 4345 (¹)
615 4253 721 4327 olivae
746 4250 967 4327 invenerunt
985 4274 1112 4351 regem
1131 4254 1169 4327 in
1186 4253 1335 4327 introitu
1356 4261 1490 4350 portae3
1508 4256 1569 4330 cui

397 4371 575 4446 bonnam
597 4373 730 4469 Ulyxes
751 4373 913 4447 33333311
934 4374 1094 4467 qualiter
1119 4380 1226 4448 erant
1245 4372 1345 4446 missi
1370 4373 1418 4448 ad
1442 4373 1570 4471 explo-
1659 4423 1664 4431 -

398 4494 554 4568 randum
590 4494 667 4569 3133
705 4500 743 4567 31
780 4514 918 4589 passus,
954 4514 1001 4568 ue
1037 4494 1173 4569 auxilia
1200 4494 1295 4569 irent
1328 4493 1374 4568 ad
1410 4494 1570 4570 Troiam.

396 4614 474 4689 llex
495 4614 574 4689 illos
598 4620 788 4711 333133133
814 4620 980 4709 receptos
1005 4614 1208 4688 introduxit
1226 4612 1264 4688 in
1281 4614 1416 4689 aulam.
1438 4614 1572 4711 Ulyxes

396 4726 621 4829 providuslb
644 4740 763 4809 tolum
791 4734 931 4831 regiam
958 4732 1200 4809 consideravit
1225 4733 1340 4808 oculis
1370 4735 1400 4809 si
1426 4742 1572 4811 3313331

398 4854 445 4927 ibi
472 4853 618 4949 aliquod
643 4854 837 4952 vestigium
866 4853 1016 4951 virginis
1042 4854 1227 4929 masculae.
1253 4854 1407 4929 Achilles
1431 4864 1570 4951 antem,

459 5107 487 5168 (¹)
500 5107 534 5157 E.
549 5122 646 5159 rmus.
894 5110 925 5174 (¹)
938 5110 969 5161 lt
985 5110 1101 5173 provide.
