4542 6842
702 925 773 995 158
1063 938 1268 995 oouunruu
1293 938 1511 995 runoarmm

697 1106 870 1181 suorum3
891 1085 990 1161 unde
1015 1084 1084 1159 luit
1109 1084 1314 1160 trucidatus
1332 1085 1381 1159 ab
1398 1082 1640 1159 urbinarlbns.
1659 1084 1729 1171 Qui
1746 1084 1876 1162 babuit

696 1207 833 1283 multos
857 1207 961 1301 lilios,
985 1205 1121 1281 scilieet
1158 1205 1331 1279 comitem
1357 1204 1557 1301 Gelasium,
1583 1206 1757 1283 comitem
1787 1205 1876 1280 Nol-

696 1328 824 1423 pbum,
849 1334 887 1403 et
911 1328 1014 1420 alios,
1040 1326 1087 1401 de
1112 1326 1247 1420 quibus
1275 1346 1348 1399 non
1374 1345 1592 1421 prosequor,
1610 1346 1658 1400 ne
1675 1326 1826 1423 elongor
1851 1346 1875 1405 a

695 1450 891 1543 proposito.
918 1450 962 1523 Et
987 1447 1073 1523 dicit
1098 1447 1322 1521 Boncoutes:
1344 1450 1464 1539 percu
1477 1449 1512 1519 io
1531 1468 1574 1519 ao
1593 1455 1652 1520 tro
1668 1454 1785 1521 costor
1802 1466 1869 1519 con

698 1569 804 1642 bosso
825 1572 957 1663 fronte,
982 1568 1130 1661 scilicet,
1156 1587 1201 1641 ex
1228 1566 1356 1641 dolore
1381 1572 1418 1641 et
1442 1566 1605 1661 pudore;
1636 1565 1723 1660 quia
1751 1566 1874 1641 nullus

699 1694 756 1762 est
780 1688 817 1761 in
842 1689 978 1783 seculo,
1005 1687 1068 1781 qui
1094 1692 1202 1783 roget
1226 1686 1345 1761 Deum
1376 1706 1444 1781 pro
1478 1706 1548 1762 me.
1567 1692 1675 1761 -Et
1702 1689 1736 1759 to
1766 1689 1873 1763 altri.

699 1807 766 1882 llic
790 1814 898 1903 poeta
922 1806 1089 1901 ostendit,
1107 1806 1294 1899 quomodo
1320 1806 1548 1901 inquisiverit
1572 1828 1596 1882 a
1621 1808 1808 1883 Bonconte
1828 1807 1874 1883 de

701 1928 782 2003 eins
806 1929 1006 2024 sepultura,
1033 1948 1118 2021 quae
1144 1948 1348 2022 numquam
1376 1928 1444 2001 luit
1469 1927 1568 2003 scita.
1600 1929 1645 2002 Et
1676 1927 1724 2001 ad
1755 1928 1876 2003 decla-

702 2048 882 2123 ratiouem
908 2048 1011 2123 istius
1037 2048 1164 2139 literae,
1191 2067 1274 2140 quae
1301 2067 1374 2120 non
1400 2054 1455 2121 est
1480 2047 1576 2122 bene
1601 2047 1795 2140 intellecta,
1822 2053 1876 2123 est

700 2169 980 2265 praesciendum,
1006 2166 1106 2262 quod
1138 2188 1235 2241 anno
1260 2166 1404 2241 Domini
1435 2167 1717 2262 llCCLlllllllll,
1743 2167 1877 2243 lloren-
1906 2156 1912 2171 '

701 2288 765 2362 tini
790 2289 928 2364 sociato
953 2288 1084 2363 Carolo
1101 2286 1132 2358 ll
1150 2286 1213 2380 qui
1232 2286 1489 2363 revertebatur
1507 2289 1707 2384 Neapolim,
1727 2286 1877 2363 venicus

697 2408 748 2483 ‘de
773 2408 967 2505 aragonia,
994 2407 1058 2481 ubi
1084 2407 1207 2481 iuerat
1231 2407 1408 2503 captivus,
1435 2418 1478 2485 ut
1502 2409 1645 2484 dicetur
1675 2408 1772 2503 alibi,
1798 2407 1877 2482 ive-

704 2538 792 2604 runt
816 2536 945 2604 contra
970 2527 1138 2602 Aretium
1169 2548 1254 2603 cum
1286 2528 1393 2624 duce,
1420 2549 1532 2624 quem
1565 2529 1716 2604 dederat
1745 2528 1797 2601 eis
1822 2526 1878 2601 di·

703 2656 787 2725 ctus
819 2649 984 2742 Carolus,
1010 2648 1074 2742 qui
1101 2655 1252 2723 vocatus
1283 2655 1338 2724 est
1369 2648 1585 2745 aymericus
1615 2648 1662 2723 de
1693 2648 1875 2741 Nemone,

704 2770 761 2843 vir
777 2764 813 2860 (¹)
841 2768 978 2863 probus
1004 2775 1040 2843 et
1065 2768 1227 2861 prudens
1257 2768 1294 2842 in
1323 2768 1464 2864 proelio,
1489 2768 1685 2844 contractis
1716 2767 1879 2861 undiquc

704 2890 844 2963 viribus
868 2888 1113 2985 guelpborum
1141 2887 1187 2961 de
1216 2888 1330 2983 Senis,
1356 2889 1466 2984 Luca,
1492 2888 1658 2983 Pistorio‚
1685 2885 1877 2981 vulterris,

703 3015 743 3084 et
768 3009 879 3083 etiam
904 3008 951 3081 de
975 3008 1148 3083 Bononia.
1175 3008 1219 3081 ut
1245 3008 1339 3082 iuter
1364 3010 1454 3085 alios
1484 3008 1584 3083 venit
1609 3008 1646 3081 in
1671 3008 1875 3083 subsidium

704 3128 984 3203 florentinorum
1010 3128 1268 3222 Maghinardus
1293 3128 1475 3224 Paganus,
1501 3128 1558 3201 vir
1585 3128 1725 3223 peritus
1754 3146 1879 3201 armo·

705 3269 803 3343 rum,
828 3248 875 3323 de
899 3268 975 3342 quo
999 3248 1137 3323 dictum
1169 3255 1225 3323 est
1257 3250 1368 3343 paulo
1399 3269 1520 3343 supra.
1549 3248 1600 3321 Ex
1633 3249 1749 3323 altera
1776 3255 1880 3344 parte

705 3368 896 3463 episcopus
921 3367 1088 3443 aretinus
1112 3368 1159 3444 de
1184 3368 1377 3463 Ubertinis,
1395 3370 1597 3445 Boncomes
1621 3368 1668 3444 de
1693 3368 1881 3446 Moutelel-

705 3495 776 3583 tro,
801 3495 838 3563 et
864 3509 989 3565 comes
1013 3489 1131 3563 Guido
1157 3490 1341 3585 Novellus,
1361 3497 1448 3563 tunc
1463 3491 1628 3564 Potestas
1649 3490 1775 3584 Aretii,
1793 3510 1878 3565 cum

704 3609 871 3685 exercitu
909 3617 1093 3685 venerunt
1126 3609 1315 3704 bibenam,
1350 3616 1388 3685 et
1419 3610 1571 3685 fidentes
1602 3610 1690 3684 viris
1728 3608 1882 3685 valenti-

704 3730 788 3822 bus,
806 3730 893 3824 quia
909 3730 1094 3807 habebant
1110 3752 1237 3806 secum
1257 3731 1450 3807 duodecim
1468 3730 1704 3807 electissimos
1720 3723 1770 3827 (²),
1789 3752 1883 3825 quos

706 3850 890 3927 Palatinos
917 3852 1109 3945 vocabant,
1133 3852 1344 3946 petiverunt
1368 3872 1530 3949 pugnam
1558 3874 1643 3927 cum
1671 3851 1882 3945 llorentinis,

707 3993 782 4048 uon
807 3972 978 4049 timentes
1003 3992 1204 4047 numerum
1231 3972 1404 4067 bostium,
1431 3972 1496 4068 qui
1528 3981 1634 4047 erant
1664 3973 1738 4047 duo
1771 3972 1883 4047 millia

707 4092 876 4185 equitum
902 4099 940 4167 et
964 4092 1158 4169 duodecim
1194 4092 1306 4167 millia
1336 4092 1512 4187 peditum.
1546 4092 1614 4187 lpsi
1644 4113 1735 4169 vero
1768 4092 1883 4167 habe-

707 4212 796 4288 bant
821 4214 940 4287 solum
972 4212 1201 4309 octingentos
1234 4213 1376 4307 equites
1408 4220 1446 4288 et
1474 4221 1558 4287 octo
1591 4213 1702 4287 millia
1733 4213 1883 4308 pedites.

707 4334 761 4410 lix
794 4354 870 4427 quo
895 4333 1113 4430 dymericus
1144 4334 1192 4409 de
1223 4334 1393 4409 Narbona
1408 4323 1444 4425 (³)
1477 4334 1595 4409 lertur
1627 4334 1785 4409 dixisse:
1811 4333 1885 4408 dut

707 4474 837 4529 sumus
862 4453 1007 4549 proditi,
1032 4460 1099 4529 aut
1123 4454 1182 4528 isti
1208 4460 1293 4529 sunt
1314 4453 1380 4527 viri
1399 4453 1533 4547 insani;
1552 4459 1589 4528 et
1605 4454 1779 4528 contiuuo
1798 4474 1884 4529 mu·

707 4572 798 4650 tavit
822 4578 943 4648 totum
968 4575 1136 4649 ordinem
1155 4574 1250 4648 belli.
1268 4573 1408 4649 Aretini
1426 4580 1550 4649 tamen
1571 4573 1884 4669 parvipendebant

707 4693 830 4769 hostes
852 4701 995 4771 temere
1011 4694 1183 4789 dicentes,
1202 4694 1301 4787 quod
1319 4694 1499 4769 florentini
1516 4693 1645 4768 molles
1669 4701 1776 4769 erant
1802 4714 1884 4771 ma-

708 4812 765 4910 gis
789 4815 986 4894 familiares
1011 4815 1173 4909 Veneris,
1191 4836 1303 4908 quam
1330 4815 1464 4910 Martis,
1482 4815 1566 4889 licet
1588 4821 1685 4891 esset
1710 4816 1884 4911 antiquus

773 4998 801 5059 (¹)
818 4998 844 5049 S.
856 5000 998 5059 virbonus,
1010 5004 1038 5050 st
1048 5000 1146 5063 probus
1156 5005 1184 5050 at
1194 5000 1306 5063 prudens
1316 5000 1342 5049 ln
1354 5000 1457 5062 proello.
1554 5000 1580 5063 (Ἰ
1597 5000 1628 5051 Ε.
1645 5000 1883 5054 excellentissimos.

773 5076 802 5138 (¹)
818 5081 874 5137 tlt,
890 5076 1011 5128 limbum
1026 5078 1150 5141 mondus
1166 5078 1219 5133 dux
1234 5077 1297 5129 lrclll
1311 5076 1397 5129 lertm
1413 5077 1514 5131 dlxlsm.
