4542 6842
703 1003 869 1097 ⁸caurus
892 1003 1051 1060 nncmus
1075 1003 1255 1072 ausurus.
1504 993 1575 1062 379

400 1156 438 1227 et
460 1149 598 1225 divisus
618 1171 725 1226 mons
741 1151 893 1226 Pelorus
910 1151 947 1225 in
965 1151 1094 1226 Sicilia.
1112 1151 1158 1225 Et
1174 1149 1233 1225 bic
1251 1155 1336 1226 nota
1353 1152 1453 1244 qnod
1469 1173 1577 1228 mons

399 1270 610 1366 Apenninus
634 1271 776 1347 solebat
799 1271 888 1346 olim
909 1271 1116 1347 continuari
1133 1291 1254 1368 usqne
1279 1271 1317 1345 in
1341 1271 1513 1366 Siciliam,
1533 1280 1577 1353 nt

401 1390 550 1466 tradunt
574 1412 704 1467 omnes
720 1397 882 1486 autores,
901 1391 965 1467 sed
984 1391 1166 1487 abruptus
1181 1389 1250 1466 brit
1270 1393 1329 1466 vel
1347 1397 1575 1488 terremotu,

400 1510 458 1586 vel
484 1511 626 1606 impetn
642 1511 804 1585 duorum
824 1510 998 1605 marium,
1016 1511 1154 1586 scilicet
1169 1510 1313 1586 Adriaci
1330 1520 1368 1587 ct
1384 1513 1574 1609 Tyrrheni,

374 1679 378 1696 .
400 1629 464 1705 ubi
490 1651 589 1705 nnnc
614 1637 671 1705 est
694 1631 850 1725 pbarum
876 1632 1061 1706 Messanae.
1088 1633 1191 1706 lions
1220 1650 1312 1729 ergo
1335 1633 1400 1726 qui
1426 1653 1575 1708 reman-

401 1750 447 1824 sit
470 1769 517 1824 ex
544 1757 648 1846 parto
672 1749 802 1824 Siciliae
828 1757 981 1826 vocatus
1007 1757 1062 1826 est
1078 1751 1232 1826 Pelorus
1247 1771 1271 1826 a
1287 1751 1419 1828 Peloro
1435 1753 1574 1850 guber·

400 1875 530 1944 nature
555 1869 773 1944 Hannibalis.
801 1871 893 1943 Nam
920 1891 1005 1944 cum
1024 1871 1203 1945 Hannibal
1222 1871 1394 1948 transiret
1410 1871 1457 1947 de
1472 1873 1574 1948 ltalia

400 1988 436 2063 in
463 1989 618 2065 Siciliam
646 1989 772 2063 videns
797 2009 838 2064 se
862 1989 983 2064 subito
1009 1991 1241 2085 translatum,
1268 1991 1421 2067 credidit
1445 2012 1486 2067 se
1509 1992 1575 2068 do·

399 2117 548 2205 ceptum
574 2109 704 2184 fraude
728 2109 861 2203 Pelori,
882 2117 919 2184 et
939 2109 1056 2185 iratus
1080 2131 1168 2185 cum
1194 2110 1322 2186 lurore
1337 2110 1575 2206 precipitavit

399 2230 518 2326 ipsum
550 2230 587 2305 in
620 2229 742 2323 mare3
769 2229 833 2305 sed
864 2236 1002 2325 postea,
1028 2251 1160 2306 errore
1191 2229 1391 2327 recognito,
1416 2231 1501 2306 lecit
1524 2231 1574 2306 illi

399 2359 549 2426 mortuo
574 2350 772 2447 spectabile
797 2351 1021 2446 sepulcrum,
1043 2344 1242 2446 quando(')
1269 2350 1396 2426 vivum
1419 2373 1491 2426 uon
1509 2371 1575 2447 po·

400 2477 496 2546 terat
520 2472 715 2545 bonorare.
743 2471 797 2544 llb
823 2471 891 2544 isto
916 2491 1007 2567 ergo
1037 2491 1144 2544 mons
1174 2471 1327 2546 Pelorus
1357 2470 1573 2546 denomina-

401 2591 536 2666 tionem
564 2591 730 2686 sumpsit.
757 2589 802 2664 Et
825 2590 929 2665 dicit:
946 2593 1006 2662 cle
1028 2611 1118 2683 poco
1143 2593 1220 2664 loco
1242 2611 1353 2683 possa
1377 2593 1472 2664 oltra
1496 2592 1576 2681 procl

398 2732 516 2802 semro.
543 2711 629 2785 Vult
654 2710 776 2786 dicere
801 2710 899 2805 quod
927 2731 1031 2785 mons
1050 2709 1263 2805 Apenninus
1287 2717 1344 2785 est
1368 2731 1501 2806 parum
1517 2709 1572 2784 al-

400 2831 471 2906 tior
497 2832 534 2906 in
559 2832 681 2926 aliqua
709 2839 813 2928 parte
834 2832 902 2927 sui,
920 2851 1033 2925 quam
1059 2829 1096 2904 in
1122 2830 1204 2906 loco
1228 2831 1291 2906 ubi
1318 2832 1481 2908 nascitur
1501 2834 1571 2907 br-

400 2973 480 3026 nns.
508 2953 551 3025 Et
575 2952 680 3026 dicit:
700 2955 800 3044 infin,
818 2951 910 3026 idest
931 2972 1050 3044 usque
1070 2950 1117 3026 ad
1135 2972 1252 3046 mare,
1269 2943 1306 3026 tri
1322 2974 1386 3026 oue
1400 2955 1433 3025 si
1448 2955 1571 3046 rende,

397 3071 464 3166 ipsi
491 3071 596 3165 mari,
619 3091 686 3164 per
709 3075 854 3163 rubro,
880 3070 972 3146 idest
1001 3091 1069 3166 pro
1102 3071 1381 3163 restauratione,
1414 3074 1452 3145 di
1482 3074 1573 3164 quel,

399 3191 491 3266 idest
516 3191 563 3266 de
588 3191 647 3264 illa
672 3211 782 3285 aqua,
808 3194 868 3264 ube
884 3193 911 3264 'l
932 3193 998 3265 ciel
1021 3195 1179 3284 canopo,
1205 3191 1307 3285 idest,
1333 3193 1482 3266 attrabit
1506 3213 1573 3288 per

400 3331 567 3408 vapores,
594 3314 686 3385 dello
712 3315 868 3403 moino,
887 3311 977 3386 idest
998 3332 1044 3387 ex
1063 3311 1169 3407 mari,
1189 3315 1294 3403 oncle,
1310 3312 1403 3387 idest
1426 3312 1473 3386 de
1497 3332 1571 3406 qua

398 3433 553 3526 murina,
578 3435 711 3524 ifiumi
735 3435 853 3506 launo
878 3425 932 3506 oiri
955 3435 1016 3506 cle
1041 3455 1087 3506 oo
1111 3455 1179 3506 con
1202 3436 1294 3525 loro,
1315 3432 1407 3508 idest
1435 3453 1571 3526 aquas,

395 3561 434 3630 el
459 3555 497 3628 in
524 3555 593 3629 boe
618 3553 735 3650 tangit
759 3553 1034 3651 generationem
1061 3553 1206 3649 pluvie.
1233 3555 1338 3648 Nam,
1364 3561 1407 3628 ut
1430 3553 1569 3628 dictum

396 3682 452 3750 est
489 3695 601 3770 supra
639 3673 798 3770 capitulo
823 3673 865 3766 ll,
895 3672 948 3748 sol
977 3674 1102 3748 calore
1133 3694 1203 3747 sno
1231 3670 1384 3749 attrabit
1414 3692 1571 3766 vapores

396 3816 535 3890 aqueus
561 3795 598 3868 iu
623 3795 773 3888 nubem,
793 3815 876 3890 quae
903 3793 1098 3868 resolvitur
1116 3793 1154 3868 in
1171 3793 1354 3889 pluviam,
1376 3800 1414 3866 et
1429 3792 1482 3868 sic
1499 3794 1584 3894 tlu-⁴

398 3916 495 3990 mina
523 3915 688 3990 referunt
712 3913 760 3988 ad
786 3933 890 3988 mare
915 3912 950 3986 id
976 3914 1076 4008 quod
1101 3913 1215 3990 stellae
1239 3913 1468 3988 abstulerant
1489 3912 1567 3988 sibi.

395 4077 447 4092 -
462 4037 570 4110 oruc.
592 4033 657 4107 llic
673 4033 791 4107 Guido
808 4053 856 4108 ex
876 4031 979 4108 dictis
1005 4032 1189 4108 concludit
1208 4031 1565 4108 transformationem

396 4155 599 4230 incolarum
626 4154 729 4228 istius
761 4154 874 4246 vallis,
901 4151 1043 4228 diceus:
1069 4157 1119 4245 pli
1148 4155 1316 4227 obitutori
1331 4155 1423 4227 dello
1440 4156 1570 4227 mucro

396 4277 498 4366 nullo,
525 4275 660 4350 scilicet
684 4273 783 4368 brui,
810 4276 929 4347 loono
952 4265 983 4346 si
1008 4279 1144 4347 motolo
1164 4275 1222 4346 lor
1236 4279 1382 4362 noman,
1399 4271 1487 4366 quia
1504 4294 1570 4348 na·

394 4395 562 4471 turaliter
579 4403 664 4468 sunt
681 4393 864 4470 industres
879 4385 917 4486 (¹)
934 4393 981 4468 ad
999 4392 1123 4470 omnia
1141 4413 1256 4488 opera
1272 4398 1311 4466 et
1329 4392 1492 4487 subtiles,
1509 4393 1570 4466 olle

392 4539 465 4610 pur
489 4518 549 4590 obe
576 4519 673 4589 Circe
696 4519 747 4605 pli
771 4536 891 4587 averse
914 4517 951 4586 iu
980 4521 1148 4613 pastura,
1182 4512 1263 4587 illos
1294 4517 1568 4588 transmutatos.

395 4637 438 4711 Et
463 4637 520 4711 bic
542 4641 627 4710 nota
645 4635 745 4729 quod
764 4635 833 4709 ista
851 4633 966 4726 Ciroe,
984 4633 1031 4707 de
1052 4653 1126 4726 qua
1148 4632 1243 4708 iacta
1269 4637 1326 4706 est
1353 4631 1492 4706 mentio
1509 4631 1571 4706 ln·

395 4756 486 4832 terni
512 4755 671 4851 capitulo
697 4753 822 4847 xxvi,
849 4752 916 4827 luit
940 4751 1182 4827 famosissima
1208 4771 1317 4847 maga
1344 4757 1382 4826 et
1406 4749 1570 4828 incanta-

395 4877 465 4951 trix
491 4875 578 4950 olim
605 4876 641 4949 in
667 4875 780 4970 ltalia,
808 4895 893 4969 quae
916 4873 993 4948 suis
1019 4871 1204 4948 veneficiis
1233 4871 1368 4947 dicitur
1392 4871 1569 4946 transtor-

458 5065 484 5122 (·)
502 5066 556 5122 117,
573 5065 695 5127 quoniam
711 5064 800 5114 virum
816 5075 868 5112 nun
885 5065 994 5124 poterat.

460 5137 487 5200 ι’)
504 5142 557 5200 111,
574 5139 683 5190 lnrlnslrl
700 5139 732 5192 ad
747 5139 835 5191 omniu
850 5151 937 5202 opera.
