4542 6842
707 889 753 954 44
1065 898 1270 954 cuunnrunr
1294 900 1515 954 runerronu

705 1051 828 1140 tatem,
854 1065 948 1118 onus
977 1043 1123 1118 iamiliae
1153 1052 1191 1118 et
1221 1045 1345 1118 omnia
1382 1044 1522 1140 gravia,
1548 1065 1617 1119 uec
1648 1052 1797 1120 secutus
1822 1054 1878 1121 est

703 1164 914 1259 exemplum
941 1163 1086 1237 Catonis
1112 1163 1148 1236 iu
1174 1163 1412 1259 desperando,
1430 1185 1543 1258 quem
1563 1171 1686 1240 tamen
1709 1167 1878 1260 sequitur

704 1285 741 1358 in
765 1285 972 1360 accedendo
996 1285 1042 1358 ad
1061 1285 1249 1358 virtutem.
1267 1287 1312 1358 Et
1328 1285 1387 1358 bic
1404 1292 1502 1378 uota,
1520 1287 1646 1380 lector,
1664 1288 1763 1381 quud
1784 1288 1880 1363 sicut

705 1405 828 1479 notavi
850 1406 886 1478 in
909 1405 1082 1500 principio
1101 1406 1229 1480 inierni
1248 1412 1285 1480 et
1303 1412 1427 1500 postea
1444 1407 1642 1501 saepissime
1658 1427 1724 1502 per
1745 1415 1877 1503 totum,

705 1525 804 1618 quod
830 1525 993 1600 infernus
1020 1532 1075 1599 est
1099 1524 1247 1620 duplex,
1268 1525 1403 1599 scilicet
1428 1525 1628 1599 essentialis
1654 1535 1692 1601 et
1716 1528 1877 1624 muralis,

706 1654 744 1721 et
761 1646 859 1741 quod
878 1653 984 1742 poeta
1001 1647 1183 1721 alterutro
1199 1647 1291 1720 calle
1308 1645 1508 1741 procedens
1525 1648 1692 1725 tractavit
1708 1647 1755 1722 de
1772 1655 1878 1723 utro-

707 1787 792 1860 que,
818 1773 855 1840 et
888 1767 1072 1861 praecipue
1100 1766 1147 1839 de
1180 1766 1309 1840 morati
1342 1765 1503 1839 maxime
1534 1765 1719 1841 iudendo
1749 1789 1877 1862 poenas

706 1886 876 1960 omnibus
892 1886 1089 1982 generibus
1106 1893 1363 1980 peccatorum;
1381 1887 1429 1958 ita
1447 1907 1468 1958 a
1490 1885 1597 1958 simili
1618 1887 1874 1982 purgatorium

705 2013 759 2080 est
784 2005 930 2101 duplex,
957 2006 1090 2080 scilicet
1116 2006 1307 2080 essentiale
1331 2012 1368 2080 et
1393 2007 1545 2080 morale.
1568 2007 1653 2080 ldeo
1677 2014 1788 2080 autor
1813 2008 1878 2082 de-

704 2127 906 2221 scripturus
938 2125 1195 2221 purgatorium
1228 2125 1357 2200 eodem
1390 2126 1499 2200 modo
1533 2148 1632 2200 nunc
1664 2134 1798 2202 tractat
1833 2127 1879 2203 de

704 2248 896 2340 essentiali,
924 2267 1020 2320 nunc
1045 2247 1092 2320 de
1117 2246 1259 2339 morali,
1281 2246 1343 2320 sed
1362 2245 1659 2341 principalissima
1679 2248 1726 2322 de
1747 2249 1877 2322 morali

704 2369 740 2441 in
757 2367 994 2442 describendo
1011 2360 1046 2458 (¹)
1075 2367 1185 2440 situm
1212 2373 1249 2439 et
1273 2366 1538 2441 distinctionem
1556 2368 1722 2441 omnium
1750 2389 1878 2463 poeua-

703 2507 787 2560 rum
816 2485 1081 2582 poenitentium.
1108 2486 1210 2560 Unde
1238 2493 1278 2559 ut
1303 2487 1426 2560 rideas
1457 2488 1556 2562 clare
1591 2488 1689 2580 quod
1705 2481 1741 2580 (²)
1769 2495 1877 2584 poeta

704 2607 866 2700 loquitur
901 2606 1090 2697 moraliter
1123 2606 1161 2678 in
1194 2605 1435 2700 descriptione
1465 2608 1573 2680 buius
1603 2609 1683 2702 loci,
1720 2610 1804 2683 volo
1840 2616 1877 2683 te

704 2729 797 2802 scire
822 2726 944 2820 aliqua
969 2725 1065 2800 circa
1091 2726 1348 2820 purgatorium
1372 2727 1574 2801 essentiale.
1592 2728 1636 2800 Et
1653 2729 1772 2822 primo
1792 2729 1875 2822 qui-

703 2847 787 2922 dem
815 2854 911 2941 nota,
938 2846 1036 2940 quod
1054 2847 1165 2920 locus‘
1179 2847 1393 2943 purgatorii,
1411 2848 1614 2922 secundum
1635 2868 1872 2924 communem

704 2969 910 3063 opinionem
929 2967 1199 3061 theologorum,
1219 2967 1352 3041 dicitur
1369 2987 1450 3042 esse
1466 2967 1536 3040 sub
1554 2973 1665 3061 terra,
1686 2967 1774 3062 quia
1792 2968 1873 3044 talis

704 3088 805 3162 locus
831 3088 910 3161 ritis
941 3087 1202 3180 correspondet
1233 3086 1358 3160 vilitati
1385 3087 1553 3160 ioeditatis
1585 3087 1783 3182 culpabilis,
1810 3089 1873 3182 qui

702 3207 804 3282 locus
838 3207 999 3282 creditur
1032 3228 1112 3282 esse
1142 3228 1227 3301 pars
1257 3207 1387 3282 inierni
1418 3229 1440 3281 a
1472 3207 1691 3301 quibusdam
1722 3217 1874 3304 propter

702 3328 858 3402 verbum
880 3327 1045 3422 Gregorii
1065 3334 1198 3421 quarto
1223 3327 1467 3423 dialogorum,
1490 3327 1551 3400 ubi
1568 3327 1665 3420 dicit,
1685 3329 1784 3421 quod
1803 3331 1874 3403 sub

701 3446 830 3522 eodem
862 3448 946 3543 igne
976 3449 1113 3522 electus
1146 3455 1339 3542 purgatur,
1374 3455 1412 3521 et
1443 3449 1640 3522 damnatus
1671 3456 1871 3523 crematur.

701 3567 802 3642 Unde
828 3568 904 3641 sola
930 3588 1036 3662 poena
1063 3569 1156 3664 ignis
1181 3574 1236 3642 est
1269 3567 1306 3639 in
1336 3567 1562 3663 purgatorio.
1593 3567 1716 3642 Potest
1748 3575 1872 3644 tamur

700 3707 746 3762 en
772 3688 892 3764 divina
917 3687 1184 3783 dispensatione
1208 3688 1292 3760 alibi
1324 3688 1446 3761 anima
1476 3688 1639 3783 purgari,
1669 3689 1763 3762 sicut
1788 3688 1873 3764 dicit

700 3809 832 3883 ibidem
858 3809 1059 3905 Gregorius
1084 3808 1130 3884 de
1156 3809 1278 3882 anima
1306 3809 1461 3882 Pascasii
1492 3809 1555 3902 qui
1571 3799 1607 3900 (³)
1643 3810 1872 3904 purgabatur

700 3928 737 4001 iu
762 3928 889 4024 glacie,
922 3928 1020 4023 quod
1053 3929 1152 4003 Deus
1185 3927 1350 4002 concedit
1381 3929 1440 4001 vel
1470 3935 1619 4023 propter
1650 3929 1869 4003 velociorem
1950 3998 1952 4001 ,

700 4049 964 4142 liberationem,
992 4056 1033 4122 ut
1057 4049 1168 4144 possit
1192 4049 1272 4122 aliis
1296 4069 1401 4122 suam
1429 4049 1663 4144 indigentiam
1690 4051 1870 4144 revelare,

609 4144 615 4162 ’
700 4170 795 4244 sicut
818 4171 934 4265 patuit
959 4170 996 4242 in
1023 4169 1188 4244 Pasoasio
1214 4168 1397 4263 predicto,
1427 4145 1563 4243 relad
1593 4169 1868 4245 instructionem

701 4297 875 4384 nostram,
898 4297 938 4363 ut
956 4311 1064 4385 poena
1082 4288 1230 4364 evidens
1249 4309 1316 4362 uos
1338 4295 1487 4382 terreat,
1507 4289 1602 4365 sicut
1622 4290 1670 4364 de
1688 4290 1872 4384 aliquibus

698 4411 820 4485 audivi
847 4433 869 4485 a
894 4411 1112 4504 viventibus,
1139 4409 1198 4485 vel
1222 4414 1372 4506 propter
1397 4409 1691 4504 impetrationem
1716 4411 1871 4485 alicuius

698 4531 811 4604 sancti
838 4531 918 4624 viri,
944 4531 1039 4605 sicut
1064 4537 1213 4604 sauctus
1229 4529 1408 4603 Patricius
1433 4529 1642 4624 impetravit
1661 4530 1760 4623 quod
1787 4531 1870 4625 qui-

698 4650 782 4724 dam
819 4657 1043 4745 purgaretur
1076 4649 1112 4722 in
1147 4649 1307 4743 quodam
1335 4651 1415 4724 loco
1440 4650 1694 4745 subterraneo,
1720 4673 1766 4726 ex
1794 4673 1871 4746 quo

698 4777 823 4864 postea
850 4771 1013 4844 fabulose
1043 4777 1167 4866 ortum
1199 4778 1254 4844 est
1283 4770 1331 4843 ibi
1358 4791 1439 4844 esse
1470 4772 1747 4866 purgatorium3
1773 4773 1870 4850 sicut

761 5023 788 5087 p)
804 5023 830 5074 s.
847 5023 990 5075 scribendo.
1116 5023 1143 5088 (¹)
1160 5025 1185 5075 s·
1202 5025 1271 5088 arod
1287 5024 1330 5074 nro
1345 5029 1429 5088 poem
1554 5024 1581 5087 (Ἴ
1596 5025 1628 5076 R
1644 5039 1711 5090 ΨΜ·
