4542 6842
711 940 781 1005 540
1073 950 1277 1005 commacu
1301 948 1520 1005 eununmnu

709 1096 904 1191 quitatum,
921 1096 1033 1171 Josue
1049 1096 1217 1191 princeps
1232 1094 1356 1191 populi
1376 1094 1489 1168 lsrael
1509 1103 1591 1188 post
1614 1095 1775 1190 lloysem
1794 1112 1882 1167 cum

710 1216 879 1292 intrasset
904 1222 1042 1291 terram
1069 1216 1328 1312 promissionis,
1345 1215 1498 1289 transito
1522 1213 1681 1290 lordane
1706 1214 1802 1310 oepit
1826 1211 1880 1287 ci-

710 1336 860 1411 vitatem
886 1336 1042 1429 Iericho,
1069 1343 1106 1410 et
1130 1336 1322 1429 destruxit,
1350 1342 1391 1408 ut
1414 1334 1558 1409 dicetur
1587 1334 1694 1428 plene
1718 1330 1881 1425 Paradisi

711 1456 870 1550 capitulo
888 1456 947 1529 lll.
966 1455 1036 1529 Sed
1061 1476 1148 1529 cum
1161 1456 1270 1550 jussu
1292 1454 1358 1529 Del
1377 1453 1583 1527 mandasset
1601 1460 1643 1527 nl
1660 1453 1783 1527 nullus
1802 1459 1883 1525 tan-

711 1582 816 1673 geret
840 1574 976 1669 aliquid
1001 1574 1048 1650 de
1072 1575 1196 1670 praeda
1222 1574 1386 1669 civitatis,
1407 1572 1556 1668 quidam
1578 1572 1728 1647 nomine
1744 1573 1882 1645 Acheru

712 1695 823 1769 nimia
850 1694 1046 1791 cupiditate
1070 1694 1221 1768 abstulit
1244 1694 1394 1789 pallium
1422 1692 1580 1767 rubeum
1602 1698 1801 1767 etcertum
1820 1710 1883 1764 ar·

711 1821 866 1912 gentum
892 1820 929 1888 et
953 1834 1102 1904 aurum,
1120 1808 1257 1908 quael')
1276 1812 1464 1889 abscondit
1480 1812 1551 1887 sub
1571 1820 1671 1887 terra
1696 1813 1733 1885 in
1759 1811 1884 1886 taber·

713 1934 845 2008 naculo
861 1953 940 2007 suo.
961 1933 1040 2020 Qua
1068 1953 1109 2007 re
1134 1933 1250 2007 iratus
1275 1933 1451 2008 Dominus
1468 1932 1564 2025 lecit,
1581 1932 1681 2027 quod
1697 1931 1762 2025 qui
1780 1930 1882 2004 missi

713 2060 819 2129 erant
847 2060 975 2127 contra
1000 2054 1107 2128 aliam
1135 2053 1321 2129 civitatem
1350 2054 1499 2127 nomine
1527 2053 1606 2148 llay
1632 2051 1716 2127 victi
1741 2051 1790 2126 ab
1815 2052 1884 2127 ho-

714 2172 828 2246 stibus
860 2179 963 2269 terga
989 2173 1182 2267 dederunt,
1206 2172 1348 2247 amissis
1373 2173 1515 2267 aliquot
1542 2171 1589 2246 de
1613 2172 1707 2265 suis;
1733 2177 1884 2266 propter

711 2292 811 2387 quod
836 2294 948 2368 Josue
974 2293 1103 2389 lugens
1129 2293 1313 2368 invocavit
1336 2292 1547 2386 Dominum,
1565 2297 1602 2365 et
1625 2282 1796 2382 habitol²l
1823 2308 1885 2364 re·

711 2432 843 2507 sponso
869 2412 967 2507 quod
993 2412 1141 2507 puniret
1166 2433 1273 2487 reum
1305 2412 1402 2506 lurti,
1435 2412 1529 2487 lacto
1558 2410 1720 2507 diligenti
1750 2408 1885 2485 scruti-

712 2532 785 2625 nio,
803 2532 941 2607 Acham
959 2532 1193 2607 confitentem
1212 2532 1353 2605 lurtum
1372 2531 1456 2606 lecit
1472 2530 1622 2626 lapidari
1647 2552 1669 2605 a
1695 2530 1829 2625 populo
1846 2539 1886 2605 et

712 2651 836 2727 omnia
861 2673 929 2727 sua
954 2652 1040 2749 igne
1065 2653 1244 2745 cremari;
1269 2659 1307 2727 et
1331 2652 1383 2726 sic
1412 2651 1567 2725 cessavit
1598 2650 1704 2724 luror
1728 2648 1882 2723 Domini.

712 2771 804 2847 Dicit
829 2792 920 2869 ergo
949 2773 1073 2869 llugo:
1104 2777 1263 2863 ciascun,
1288 2772 1425 2847 scilicet
1452 2771 1663 2847 canentium
1684 2772 1753 2865 hic,
1776 2774 1808 2845 si
1830 2775 1886 2845 η’-

712 2895 839 2981 corda,
856 2891 901 2966 ad
923 2892 1180 2989 purgationem
1198 2891 1373 2985 avaritiae,
1390 2913 1474 2987 quae
1492 2891 1560 2964 luit
1577 2892 1626 2965 ita
1643 2891 1768 2986 punita
1785 2884 1897 2965 saris

713 3017 750 3085 et
775 3010 942 3104 dammis,
973 3014 1031 3083 del
1054 3014 1139 3105 folle
1167 3013 1312 3102 Aetam,
1338 3012 1395 3086 vel
1420 3002 1458 3103 (³)
1490 3011 1621 3087 melius
1652 3010 1784 3103 donar,
1815 3010 1883 3104 qni

713 3130 780 3204 luit
806 3129 911 3203 nimis
937 3132 1157 3206 temerarius
1186 3140 1314 3207 contra
1344 3139 1569 3227 praeceptum
1600 3132 1754 3225 Domini,
1786 3152 1884 3205 conce

599 3320 601 3325 .
712 3247 798 3344 sord
823 3254 853 3323 le
877 3254 1021 3344 spoplic,
1046 3252 1254 3327 decivitate
1280 3252 1471 3327 maledicta
1488 3272 1511 3325 a
1530 3250 1686 3326 Domino
1702 3251 1768 3346 qui
1787 3273 1886 3347 prae-

712 3375 860 3465 ceperat
885 3370 1023 3445 destrui
1050 3378 1165 3447 lotam
1191 3379 1229 3447 et
1253 3372 1338 3469 igne
1363 3371 1552 3465 succendi3
1577 3370 1659 3446 ideo
1691 3372 1786 3447 bene
1816 3372 1886 3445 luit

712 3510 859 3583 poenam
885 3490 922 3564 in
949 3490 1033 3565 vita.
1060 3492 1163 3566 Unde
1187 3491 1289 3567 dicit:
1306 3484 1336 3565 sl
1353 3494 1412 3565 clue
1433 3496 1528 3565 l'lra
1547 3488 1720 3582 dilecturi,
1738 3496 1798 3583 qul
1811 3512 1885 3585 por

712 3630 825 3683 nacor
850 3612 948 3684 cte't
970 3615 1117 3707 morda3
1144 3618 1182 3687 et
1207 3632 1297 3687 vere
1322 3633 1457 3709 magna
1483 3612 1551 3686 init
1574 3613 1630 3686 ira
1654 3612 1778 3705 Josue,
1795 3611 1883 3705 quia

712 3730 795 3805 lecit
825 3730 916 3805 lilios
951 3739 988 3807 et
1018 3732 1108 3807 lilias
1140 3739 1177 3807 et
1201 3733 1372 3828 jumenta
1405 3730 1576 3823 cremari,
1609 3731 1706 3825 quod
1738 3732 1885 3807 videtur

711 3850 900 3946 iniustum,
925 3857 962 3927 et
988 3874 1060 3927 non
1087 3852 1208 3943 minor
1234 3853 1379 3928 videtur
1404 3852 1459 3926 ira
1483 3850 1561 3944 Dei,
1581 3852 1645 3945 qui
1671 3852 1787 3925 iratus
1803 3859 1886 3927 erut

712 3977 839 4045 contra
857 3978 975 4045 tolum
995 3972 1171 4066 populum
1190 3971 1419 4047 innocentem
1441 3977 1589 4066 propter
1608 3971 1754 4067 culpam
1773 3970 1885 4045 unius

712 4090 991 4163 avari-lodi.
1019 4091 1083 4165 llic
1107 4091 1215 4188 llngo
1240 4090 1356 4186 tangit
1379 4090 1494 4165 alium
1527 4097 1652 4165 actum
1684 4089 1763 4164 vilis
1792 4110 1883 4165 avu-

712 4211 813 4286 ritiae.
841 4210 945 4305 Nam,
973 4218 1013 4285 ut
1044 4218 1143 4307 patet
1172 4211 1273 4285 omui
1302 4211 1509 4321 christipno,
1535 4211 1572 4284 in
1601 4210 1783 4305 primitiva
1814 4210 1885 4284 Ec·

712 4330 822 4405 clesia
848 4330 1088 4405 multitudinis
1113 4331 1342 4405 credentium
1362 4335 1442 4405 erat
1463 4350 1528 4403 cor
1553 4351 1670 4403 unum
1698 4337 1735 4405 et
1758 4329 1883 4405 anima

712 4472 805 4545 una;
832 4459 939 4526 erant
963 4452 1073 4529 etiam
1100 4451 1168 4525 illis
1192 4451 1317 4526 omnia
1342 4451 1564 4525 communia.
1591 4450 1654 4523 Vir
1679 4470 1770 4547 ergo
1799 4450 1885 4544 qui-

710 4570 796 4645 dam
823 4572 972 4646 nomine
996 4572 1154 4646 Ananias
1179 4578 1218 4647 et
1242 4570 1394 4665 Saphira
1411 4590 1508 4645 uxor
1525 4570 1604 4645 eius
1624 4570 1661 4643 in
1678 4570 1884 4645 Jerusalem

711 4692 875 4767 volentes
909 4692 1013 4786 sequi
1039 4692 1223 4787 apostolos
1249 4690 1489 4765 vendiderunt
1519 4711 1653 4787 agrum
1680 4690 1883 4785 proprium,

711 4822 749 4889 et
774 4819 877 4906 parte
903 4812 1008 4905 pretii
1036 4819 1190 4906 relenta,
1209 4811 1390 4905 reliquam
1408 4818 1665 4906 presentarunt
1685 4811 1793 4885 beato
1814 4812 1885 4886 Pe·

775 4994 802 5055 (¹)
818 4993 850 5043 Ε.
865 5008 923 5057 qous
940 4997 1026 5045 omnia
1042 4997 1183 5047 abscondit.
1308 4993 1337 5059 (¹)
1353 4999 1409 5054 11⁷,
1425 4994 1515 5045 heburti
1531 5008 1692 5058 responsum.

776 5072 804 5135 (¹)
819 5070 850 5121 Β.
867 5071 909 5122 vel
925 5070 1014 5123 Achar
1030 5075 1074 5137 qui
1091 5073 1142 5125 luit
1156 5074 1318 5125 temerarius.
