4542 6842
675 922 753 989 288
1018 933 1225 988 couaurou
1249 934 1470 989 uunoaromr

682 1080 740 1155 hic
765 1086 851 1154 nota
885 1078 984 1174 quod
1009 1078 1121 1173 aliqui
1156 1079 1332 1173 scribunt,
1359 1079 1458 1174 quod
1488 1079 1629 1155 occisor
1659 1078 1763 1153 istius
1794 1076 1857 1153 lilii

681 1200 748 1273 luit
774 1200 869 1273 lilius
894 1198 1049 1293 Traiani,
1077 1206 1114 1274 et
1144 1199 1245 1294 quod
1275 1199 1453 1273 Traianus
1488 1197 1633 1272 tradidit
1666 1198 1787 1293 ipsum
1819 1198 1857 1273 iu

681 1319 796 1393 filium
823 1320 909 1394 huic
935 1318 1079 1393 mulieri
1105 1340 1192 1393 cum
1219 1340 1353 1416 magna
1371 1318 1591 1413 substautia3
1612 1320 1675 1395 sed
1694 1320 1763 1394 lroc
1781 1340 1855 1394 nou

681 1439 803 1527 credo,
829 1438 916 1534 quia
942 1460 1149 1534 numquam
1176 1440 1297 1515 inveni
1315 1439 1512 1513 Traianum
1535 1439 1705 1515 habuime
1724 1440 1853 1535 lilium,

681 1559 756 1634 imo
782 1560 858 1655 ipse
883 1559 1068 1655 adoptavit
1097 1560 1299 1634 Adrianum
1332 1559 1622 1634 valentissimum
1655 1553 1884 1656 imperato-⁴

683 1700 773 1755 rom.
800 1682 844 1755 lii
869 1680 968 1776 ponit
994 1680 1268 1776 responsionem
1286 1680 1456 1775 principis
1473 1679 1616 1755 dicens:
1634 1687 1668 1753 et
1682 1684 1750 1771 epo
1766 1702 1791 1753 a
1807 1683 1853 1755 lei

680 1802 898 1893 rispomlcre,
912 1802 1055 1897 supple,
1070 1800 1282 1877 videbatur:
1296 1820 1366 1873 oro
1377 1807 1513 1892 ospello
1523 1806 1621 1873 tanto
1633 1802 1684 1873 clt’
1697 1803 1733 1875 io
1746 1804 1856 1891 torni,

677 1921 811 1995 melius
836 1921 961 1995 suisset
985 1921 1014 1994 si
1041 1920 1283 1995 commisisset
1309 1918 1490 2014 justitiam
1522 1920 1650 2014 alteri3
1674 1942 1695 1993 c
1720 1924 1853 2012 quella,

680 2041 819 2136 supple,
848 2042 1039 2117 videbatur
1065 2041 1298 2137 respondere,
1315 2061 1412 2113 come
1428 2062 1584 2132 persono
1607 2045 1645 2115 io
1669 2046 1726 2115 cui
1748 2046 1854 2117 dolor

678 2164 872 2255 rameru,
907 2162 993 2257 quia
1018 2162 1122 2235 dolor
1150 2160 1304 2235 iaciebat
1333 2180 1417 2235 eam
1443 2160 1693 2256 impatientem
1721 2182 1854 2256 morae3

671 2285 810 2373 ..iipoor
836 2286 919 2373 mio,
943 2304 981 2355 se
1011 2289 1046 2355 tu
1079 2302 1151 2355 non
1180 2285 1299 2355 torni?
1325 2281 1413 2374 quia
1446 2279 1580 2355 dubius
1612 2288 1668 2357 est
1698 2290 1855 2359 eventus

680 2403 788 2496 belli3
816 2412 853 2477 et
878 2403 938 2478 illc
962 2403 1141 2477 Traianus
1166 2401 1359 2476 videbatur
1377 2402 1617 2498 respondere:
1637 2407 1715 2495 quei
1729 2406 1789 2477 cte
1801 2406 1855 2496 fia

675 2526 760 2597 dov’
774 2527 822 2616 io,
849 2524 951 2617 idest,
979 2523 1015 2597 in
1042 2524 1121 2598 loco
1148 2523 1234 2617 mei,
1253 2526 1290 2596 to
1314 2526 1341 2597 ti
1352 2513 1454 2617 sorti,
1471 2523 1617 2619 scilicet,
1639 2523 1754 2619 ipsam
1773 2524 1854 2599 vin-

680 2644 814 2718 dictam
836 2646 961 2740 juste3
992 2666 1011 2717 c
1040 2648 1168 2738 puella,
1210 2643 1350 2738 supple,
1385 2643 1577 2717 videbatur
1607 2644 1852 2739 respondere:

675 2766 702 2837 ’ἴ
715 2768 824 2839 altrat
855 2766 937 2838 bene
968 2785 992 2837 a
1027 2768 1144 2838 lecim
1170 2768 1235 2857 pio,
1264 2763 1366 2857 idest,
1393 2761 1481 2857 quid
1494 2756 1532 2855 (¹)
1558 2763 1746 2857 prodesset
1776 2763 1851 2857 tibi,

675 2904 716 2955 sc
731 2887 757 2958 't
786 2892 844 2957 loo
870 2887 962 2959 metti
988 2887 1028 2958 in
1059 2884 1176 2957 oblio?
1205 2883 1307 2978 idest,
1338 2883 1368 2957 si
1400 2890 1508 2957 tuum
1536 2883 1674 2957 bonum
1699 2884 1852 2979 Jusooae

677 3004 790 3077 tradis
815 3003 999 3099 oblivioni,
1026 3011 1067 3077 ut
1092 3005 1190 3079 enim
1217 3003 1329 3078 vadas
1353 3003 1399 3078 ad
1415 2994 1452 3095 (²)
1478 3003 1736 3100 expurgandos
1764 3005 1851 3078 har-

678 3123 799 3217 baros‚
821 3123 920 3199 cives
935 3126 1056 3199 hostes
1073 3124 1201 3219 patriae
1218 3123 1393 3218 relinquis
1410 3121 1675 3218 impunitos-
1688 3126 1848 3198 011&th

678 3244 743 3317 llic
761 3244 891 3319 ultimo
912 3251 1018 3339 poeta
1045 3244 1145 3339 ponit
1169 3243 1342 3318 ellectum
1360 3243 1502 3318 dicens:
1526 3246 1694 3335 Ond'etli
1711 3239 1850 3339 supple,

678 3364 856 3439 Traianus
877 3364 1070 3440 videbatur
1089 3364 1326 3460 respondere:
1344 3386 1389 3437 or
1408 3368 1435 3439 ti
1450 3368 1626 3458 conforta,
1638 3363 1742 3459 idest,
1760 3385 1850 3461 ergo

677 3485 880 3578 consolare,
901 3484 1044 3577 mulier,
1057 3478 1119 3557 citi
1132 3504 1296 3575 convene,
1313 3504 1360 3559 cr
1381 3505 1458 3577 quo
1481 3484 1625 3559 debitor
1648 3491 1734 3558 tuus
1754 3506 1850 3579 sum,

676 3605 775 3677 ct'io
799 3608 900 3678 solvo
925 3608 951 3679 tt
975 3608 1045 3678 mio
1070 3608 1211 3692 dooere,
1236 3604 1341 3697 idest,
1360 3604 1502 3679 solvam
1522 3625 1648 3679 meum
1671 3605 1847 3699 debitum,

676 3725 799 3797 'nanze‘
822 3727 874 3798 clt'
885 3727 920 3797 io
938 3746 1065 3799 muooo
1074 3752 1089 3818 ,·
1108 3724 1303 3799 eratenim
1315 3724 1395 3820 iam
1414 3723 1450 3797 in
1471 3722 1673 3819 procinctu,
1691 3731 1729 3799 et
1744 3723 1846 3801 dicit:

674 3848 838 3938 pimario
864 3849 962 3921 vuele
978 3837 1103 3939 epictet
1121 3848 1170 3919 mi
1185 3848 1317 3920 ritem.
1343 3846 1388 3919 Et
1416 3845 1475 3919 hic
1501 3852 1587 3920 nota
1613 3845 1713 3940 quod
1737 3846 1850 3942 aliqui

676 3967 802 4043 dicunt
827 3968 885 4042 hic
911 3966 1010 4063 quod
1039 3966 1107 4043 iste
1137 3974 1243 4042 actus
1268 3966 1411 4043 Traiani
1444 3965 1561 4063 magis
1591 3965 1736 4041 videtur
1766 3987 1850 4062 spe·

676 4094 779 4165 ctare
804 4088 1058 4183 adjustitiam,
1080 4109 1194 4182 quam
1211 4088 1257 4162 ad
1283 4087 1537 4163 humilitatem.
1565 4086 1616 4161 td
1643 4086 1742 4180 quod
1767 4087 1848 4163 dico

674 4208 775 4303 quod
801 4209 858 4283 laic
884 4208 952 4283 luit
978 4228 1111 4305 magna
1122 4207 1264 4303 iustitia
1280 4214 1320 4283 et
1335 4207 1542 4302 clementia,
1560 4228 1646 4302 quae
1661 4214 1748 4282 suot
1764 4208 1848 4283 duae

677 4328 830 4401 virtutes
865 4328 1078 4424 principales
1113 4328 1330 4423 principum,
1366 4328 1430 4404 aed
1464 4328 1626 4404 maxima
1662 4328 1847 4405 humilitus

674 4448 742 4523 luit
769 4449 1048 4525 fundamentum
1075 4448 1185 4523 huius
1210 4448 1366 4525 virtutis.
1393 4449 1501 4523 Certe
1528 4448 1690 4523 maxima
1722 4449 1846 4524 humi-

676 4568 774 4645 liatio
800 4568 868 4643 luit
892 4568 991 4665 quod
1015 4569 1213 4643 altissimus
1238 4568 1406 4665 princeps
1435 4568 1485 4646 ita
1515 4568 1707 4643 inclinaret
1731 4568 1848 4665 impe-

677 4690 850 4765 cutoriam
875 4690 1102 4767 maiestatem
1120 4690 1167 4764 ad
1183 4688 1403 4764 audiendam
1422 4688 1680 4763 mulierculam
1699 4689 1844 4783 ploran-
1959 4736 1962 4740 «

676 4817 752 4884 tam
776 4809 847 4885 sub
872 4809 1038 4905 superbis
1063 4810 1174 4907 signis
1199 4810 1237 4884 in
1253 4797 1391 4904 Campo
1408 4808 1536 4885 Martio
1555 4809 1727 4904 superbo,
1751 4808 1846 4885 inter

739 5062 765 5125 (¹)
782 5062 812 5114 Ε.
828 5064 890 5127 quid
907 5064 1011 5127 prodest
1027 5066 1088 5115 troii
1213 5062 1243 5127 (¹)
1258 5064 1288 5116 E.
1304 5078 1320 5115 c
1337 5069 1391 5123 117,
1408 5064 1440 5114 ad
1455 5065 1638 5129 expugnandos
1654 5064 1785 5115 bubuco.
