4542 6842
814 1004 954 1062 caurus
978 1006 1145 1074 oumrus.
1497 994 1567 1063 lut

391 1172 478 1225 rum
504 1151 650 1227 condita
676 1158 742 1225 est.
769 1152 936 1226 Primum
958 1172 1050 1248 ergo
1077 1173 1212 1227 nornen
1237 1152 1350 1227 huius
1375 1152 1477 1228 urbis
1502 1155 1588 1229 luit‘

306 1278 310 1287 ’
389 1270 585 1369 Euganea3
611 1271 742 1347 deinde
770 1278 901 1346 vocata
929 1278 986 1347 est
1014 1272 1220 1366 Patavium,
1249 1272 1401 1347 demum
1427 1274 1565 1349 Padua.

389 1394 450 1467 Eat
475 1392 587 1468 etiam
613 1392 861 1488 potentissima
879 1392 927 1467 ab
944 1392 1042 1467 olim.
1061 1393 1179 1480 Quam
1199 1393 1285 1467 olim
1312 1392 1443 1471 invasit
1461 1396 1568 1470 Cleo-

389 1513 499 1587 ninus
526 1531 590 1586 rex
615 1510 725 1607 illyrii
742 1503 792 1606 ι’),
819 1511 921 1606 idest,
943 1510 1164 1604 Solavoniae3
1184 1511 1247 1585 sed
1271 1514 1368 1587 male
1393 1512 1459 1586 sibi
1485 1533 1567 1589 ces·
1635 1528 1642 1545 ·

390 1630 446 1727 sit,
457 1632 566 1717 xsient
591 1631 714 1705 scribit
740 1631 842 1705 Titus
865 1630 989 1706 Livius
1014 1630 1218 1725 paduanus,
1245 1631 1491 1707 nobilissimus
1507 1632 1566 1707 hi-

389 1752 622 1827 storicorum.
649 1752 703 1825 lle
728 1752 797 1825 hac
815 1750 960 1825 dicetur
979 1750 1065 1824 alibi
1082 1750 1244 1846 capitulo
1260 1752 1308 1825 lll
1326 1752 1499 1827 Paradisi.
1521 1754 1566 1827 Et

276 1952 280 1961 ‚
388 1872 496 1947 dicit:
523 1862 559 1945 ul
583 1874 710 1945 doo'io
731 1868 794 1965 pile
818 1875 935 1944 siouro
959 1893 1054 1944 esser
1078 1874 1226 1945 medea:
1252 1872 1338 1966 qnia
1367 1872 1463 1947 inter
1489 1874 1561 1947 Ve-

389 1994 507 2068 netias
531 1999 568 2068 et
591 1992 768 2088 Paduam,
800 1992 892 2066 duas
922 1991 1195 2067 florentissimas
1230 1994 1351 2087 nrbes,
1380 1992 1440 2067 ubi
1475 1994 1567 2069 solet

389 2112 460 2188 iter
485 2134 565 2188 esse
590 2112 827 2187 tutissimum.
846 2112 889 2185 Et
913 2112 1036 2185 subdit
1052 2118 1222 2187 autorem
1250 2134 1327 2187 suae
1354 2114 1493 2207 mortis,
1511 2112 1568 2187 di-

388 2254 499 2309 oens:
526 2235 605 2325 quel
627 2236 676 2306 da
701 2236 788 2320 Esti,
805 2231 908 2326 idest,
926 2233 1001 2307 Azo
1018 2233 1184 2307 marchio
1201 2234 1363 2328 estensis,
1381 2237 1409 2308 il
1429 2238 1466 2328 se
1489 2238 1566 2329 sor,

389 2374 457 2449 per
474 2354 631 2428 lamulos
648 2372 752 2446 snos3
770 2356 807 2427 et
824 2353 886 2446 qui
904 2372 971 2447 per
987 2351 1100 2426 alium
1121 2352 1216 2448 lacit,
1231 2374 1297 2448 per
1314 2374 1354 2429 se
1372 2354 1489 2449 ipsum
1509 2354 1566 2428 la-

387 2494 474 2549 cere
491 2473 647 2548 videtur.
665 2474 710 2546 El
727 2472 785 2547 irie
802 2478 900 2566 nota,
916 2472 1012 2567 quod
1027 2474 1156 2547 Estnm
1169 2466 1205 2566 (¹)
1220 2482 1275 2548 est
1300 2474 1564 2550 nobilissimum

387 2601 551 2670 castrum
569 2594 764 2688 antiquum
782 2600 819 2667 et
837 2592 965 2686 lertile,
983 2593 1119 2667 distans
1144 2614 1166 2668 a
1193 2594 1318 2669 Padua
1343 2615 1410 2690 per
1435 2594 1562 2692 viginti

391 2715 556 2809 quinque
581 2713 759 2807 milliaria,
787 2713 885 2787 unde
910 2712 997 2787 olim
1031 2713 1142 2787 traxit
1167 2712 1360 2809 originem,
1386 2718 1423 2789 et
1449 2714 1564 2789 deno-

388 2834 625 2908 minationem
663 2832 863 2907 clarissima
900 2832 1034 2907 domus
1071 2832 1270 2907 illustrium
1304 2834 1563 2909 marchionum

388 2954 599 3049 estensium,
625 2955 831 3049 permulta
858 2955 982 3029 secula
1008 2954 1154 3048 florens,
1181 2961 1218 3029 et
1245 2954 1384 3049 ubique
1410 2956 1563 3050 famosa,

388 3096 472 3170 quae
496 3075 707 3171 dignissime
732 3074 990 3149 denominatur
1019 3074 1067 3148 ab
1099 3076 1170 3149 Est.
1202 3074 1279 3150 Hoc
1308 3076 1406 3151 enim
1441 3077 1561 3151 solum

387 3195 543 3270 verbum
570 3202 633 3285 ese,
650 3196 854 3290 appellatur
871 3194 1028 3269 verbum
1046 3195 1329 3289 substantivum,
1349 3194 1411 3269 ubi
1425 3202 1561 3271 caetera

386 3315 618 3410 appellantur
642 3314 898 3407 accidentalia3
925 3314 1011 3408 imo,
1039 3320 1080 3388 ut
1106 3314 1265 3411 theologi
1298 3316 1438 3410 volunt,
1465 3314 1561 3389 istud

387 3435 544 3509 verbum
579 3443 630 3509 est
663 3435 808 3531 proprie
840 3436 1060 3530 praedicatur
1089 3435 1135 3509 de
1161 3435 1238 3509 solo
1262 3435 1349 3510 Deo.
1375 3436 1446 3510 lsta
1471 3456 1562 3533 ergo

387 3554 521 3630 domus
546 3557 697 3631 estensis
723 3557 800 3630 sola
831 3556 953 3631 estin
985 3557 1076 3631 tiore
1106 3556 1201 3631 inter
1231 3557 1361 3631 domos
1390 3556 1563 3651 antiquas

385 3674 488 3750 istius
513 3678 626 3771 partis
650 3676 774 3771 ltaliae,
808 3676 935 3770 quales
969 3674 1120 3750 luerunt
1153 3676 1287 3751 domus
1316 3676 1363 3751 de
1396 3676 1561 3772 Camino,

384 3794 431 3871 de
456 3796 623 3872 Romano
648 3804 686 3871 et
710 3796 856 3871 similes.
883 3798 927 3869 Et
956 3788 1063 3871 dicit:
1089 3800 1150 3870 cte
1175 3800 1322 3870 m'oneo
1355 3800 1393 3870 in
1422 3800 1495 3889 iro,
1522 3803 1559 3872 et

386 3916 531 4011 merito,
558 3918 644 4011 quia
669 3916 725 3992 ira
751 3923 805 3991 est
830 3916 1011 4012 appetitus
1036 3916 1216 4011 vindicte,
1244 3916 1405 3991 maxime
1430 3922 1558 3992 contra

385 4037 722 4133 parvipendentem,
750 4043 791 4111 ut
816 4036 895 4110 vult
920 4037 1171 4133 philosophus;
1193 4044 1230 4112 et
1255 4036 1359 4112 dicit:
1381 4040 1478 4110 assat
1498 4031 1561 4129 p'itl

385 4148 435 4249 ld,
459 4160 519 4230 cte
543 4160 649 4231 diluo
672 4179 746 4230 non
770 4160 880 4231 valeo.
907 4158 983 4231 lloc
1008 4166 1197 4252 exponunt
1220 4156 1345 4251 aliqui,
1371 4156 1473 4250 idest,
1500 4157 1559 4230 ul·

385 4278 501 4353 terius
526 4299 639 4371 qnam
664 4278 726 4372 jus
756 4278 937 4374 exigebat,
971 4277 1057 4372 quia
1082 4276 1217 4352 scilicet
1247 4283 1351 4352 extra
1383 4276 1559 4351 terminos

386 4418 463 4471 suae
482 4397 763 4494 jurisdictionis:
790 4404 831 4471 tu
857 4418 948 4471 vero
968 4397 1036 4491 dic,
1059 4396 1213 4471 ulterius
1232 4417 1343 4491 quam
1363 4396 1439 4492 ipse
1457 4416 1568 4469 mar--

385 4516 467 4593 elrio
491 4518 648 4611 volebat,
679 4518 767 4612 quia
796 4518 943 4593 uolebat
973 4516 1071 4611 quod
1094 4519 1164 4591 hoc
1190 4516 1294 4591 lieret
1313 4517 1482 4591 Venetiis.
1515 4516 1559 4589 Et

386 4638 507 4713 subdit
529 4638 597 4714 iste
614 4640 773 4735 spiritus,
791 4638 977 4733 quomodo
995 4643 1139 4732 poterat
1156 4636 1308 4711 laciliter
1334 4636 1503 4731 evadere,
1530 4634 1559 4709 si

386 4766 489 4834 recto
516 4779 630 4833 cursu
648 4758 798 4855 fugisset
818 4778 950 4832 versus
966 4756 1150 4851 Paduam3
1171 4756 1267 4831 unde
1284 4756 1387 4830 dicitt
1410 4776 1469 4828 nra
1486 4758 1558 4829 s'io

382 4882 471 4974 sord
491 4882 628 4973 suppleo
651 4876 751 4953 laver
776 4882 812 4952 lo
837 4882 947 4969 lida,
966 4896 1050 4971 quae
1072 4883 1127 4952 est
1153 4876 1322 4971 quaedam
1350 4875 1434 4949 villa
1460 4876 1558 4949 ultra

448 5130 476 5195 (¹)
491 5132 522 5182 lt.
538 5132 646 5196 lllyrici,
662 5132 728 5183 idest
743 5146 790 5182 rex
805 5131 957 5182 Sclaronio.
1113 5130 1141 5195 (¹)
1157 5132 1188 5183 Ε,
1205 5132 1275 5182 Este.
