4542 6842
709 944 779 1011 loo
1069 952 1273 1009 coumuruu
1298 951 1517 1009 runonronu
1546 1008 1551 1021 ,

707 1332 873 1403 edituus
902 1332 1076 1414 SEXTUS,
1105 1334 1143 1400 s'rt
1170 1352 1231 1417 guo
1261 1336 1379 1401 hadel
1406 1332 1445 1399 de
1473 1331 1589 1399 stodes
1616 1333 1804 1417 repetendus
1827 1352 1880 1405 eos

777 1452 960 1531 peccatores
975 1450 1040 1530 pr'o
1062 1446 1123 1528 eim
1147 1450 1178 1513 ct
1192 1450 1365 1529 postquam
1387 1444 1595 1513 dismasemni
1618 1444 1658 1509 ab
1682 1446 1728 1513 eis
1748 1447 1877 1519 moene·

782 1563 860 1627 nme
889 1558 1053 1643 quemdam
1081 1562 1290 1625 mantunmn
1320 1558 1416 1625 doen
1442 1560 1586 1625 umatum
1614 1554 1789 1625 &delium
1823 1562 1880 1647 gui

782 1676 950 1738 omnino
971 1676 1018 1737 est
1040 1690 1109 1752 cos,·
1133 1674 1163 1737 ct
1179 1673 1314 1755 propter
1336 1668 1392 1737 icoo
1414 1668 1491 1737 dieii
1512 1666 1638 1737 Dentes
1652 1668 1750 1737 multo
1766 1676 1877 1739 conire

781 1786 879 1849 ocem
900 1780 1032 1849 nomm
1054 1785 1083 1847 c
1106 1782 1262 1849 evonem
1284 1778 1469 1849 Pineum.
1694 1760 1699 1773 '

785 2080 997 2289 anoo
1019 2177 1053 2247 si
1072 2181 1177 2267 porte
1192 2177 1219 2248 ii
1232 2177 1357 2265 pinooo
1373 2175 1466 2248 delio
1484 2194 1589 2247 zoro.
1616 2174 1813 2268 Postquam
1839 2173 1875 2247 in

703 2297 884 2393 superiori
909 2295 1068 2391 capitulo
1093 2293 1262 2391 proxime
1287 2294 1506 2390 praecedenti
1527 2300 1634 2391 poeta
1652 2300 1778 2371 noster
1801 2300 1877 2369 tra·

702 2416 815 2492 ctavit
839 2422 876 2491 et
892 2414 1150 2491 determinavit
1167 2414 1214 2490 de
1232 2422 1365 2511 quarta
1383 2415 1503 2511 specie
1525 2416 1715 2491 tardorum
1733 2415 1780 2491 sd
1798 2434 1877 2511 poe·

702 2536 893 2612 nitentiam
928 2542 1204 2630 praeventorum
1240 2542 1362 2611 morte
1396 2536 1578 2632 violentn3
1613 2556 1712 2611 nunc
1747 2554 1877 2611 conse·

702 2664 861 2752 quenter
885 2656 923 2730 in
948 2656 1017 2731 isto
1042 2656 1087 2731 Vl
1111 2656 1273 2752 capitulo
1294 2656 1514 2733 immoratur
1534 2656 1654 2733 adhue
1681 2657 1716 2731 in
1744 2656 1872 2733 eedem

704 2777 878 2852 materia:
900 2784 939 2851 et
954 2796 1115 2872 praesens
1131 2775 1397 2871 pulcerrimum
1415 2776 1616 2875 capitulum
1629 2783 1748 2873 potest
1764 2775 1872 2852 dividi

703 2896 740 2972 in
758 2904 918 2993 quatuor
930 2903 1053 2992 partes
1069 2897 1271 2993 generales.
1285 2896 1325 2971 ln
1339 2897 1458 2993 prima
1476 2917 1636 2993 quarum
1651 2905 1757 2992 poeta
1773 2902 1874 2972 tran-

703 3022 915 3093 scurrenter
932 3017 1141 3115 perstringit
1158 3017 1299 3113 aliquot
1315 3018 1469 3093 istorum
1488 3018 1682 3115 spirituum
1696 3017 1874 3092 violenter

702 3136 991 3212 interfectorum.
1018 3137 1057 3210 ln
1083 3136 1243 3212 secunda
1264 3136 1409 3212 discutit
1418 3130 1455 3231 (¹)
1481 3159 1595 3213 unam
1621 3138 1875 3233 quaestionem,

703 3278 788 3354 quae
815 3256 935 3333 oritur
966 3256 1064 3331 circa
1095 3256 1289 3333 materiam
1315 3264 1589 3353 pertractatam,
1616 3268 1653 3334 et
1679 3257 1876 3332 introducit

702 3379 739 3454 in
760 3377 907 3474 speciali
924 3398 1041 3451 unum
1060 3378 1284 3475 singularem
1303 3378 1469 3474 spiritum
1487 3386 1771 3467 conterraneum
1793 3377 1875 3453 Vir-

701 3499 775 3597 gilii
800 3498 1098 3594 adloquendum
1130 3519 1271 3593 secum,
1297 3498 1366 3573 ibi:
1401 3504 1442 3574 lo
1476 3502 1667 3574 cominciei.
1695 3499 1735 3571 ln
1768 3498 1874 3573 tertia

701 3619 785 3695 iacit
810 3639 923 3693 unam
949 3618 1225 3716 digressionem,
1242 3618 1280 3693 in
1306 3640 1379 3715 qua
1406 3620 1489 3696 lacit
1515 3639 1625 3693 unam
1654 3617 1871 3694 invectivam

700 3745 827 3815 contra
853 3738 1007 3834 ltaliam,
1033 3746 1069 3814 et
1094 3738 1311 3835 principales
1342 3748 1493 3815 autores
1525 3738 1755 3814 desolationis
1781 3739 1874 3833 eius,

700 3860 772 3934 ibi:
799 3861 867 3933 Alci
889 3880 994 3933 seron
1019 3862 1134 3933 ltoiio.
1161 3860 1200 3932 ln
1228 3849 1361 3953 quarta
1379 3866 1417 3935 et
1438 3859 1565 3934 ultima
1582 3858 1667 3934 iacit
1686 3879 1796 3933 unam
1817 3858 1873 3933 in-

701 3979 882 4055 vectivam
915 3978 1111 4075 specialem
1146 3985 1272 4055 eontra
1309 3979 1528 4055 Florentiam
1562 3979 1717 4075 patriam
1753 3999 1874 4073 suam,

700 4100 771 4175 ibi:
798 4104 947 4175 liccem
970 4103 1052 4173 mio.
1078 4098 1133 4173 nd
1158 4098 1321 4195 primum
1347 4100 1496 4176 veniens
1530 4098 1610 4175 dico
1640 4100 1738 4196 quod
1763 4108 1871 4195 poeta

701 4221 862 4298 breviter
878 4220 1061 4317 percurrit
1078 4220 1257 4317 quosdam
1276 4221 1323 4296 de
1340 4241 1498 4296 numero
1515 4220 1786 4317 praedictorum,
1808 4221 1872 4296 sed

699 4342 819 4439 primo
843 4342 1030 4439 praemittit
1046 4341 1317 4438 dispositionem
1336 4342 1431 4417 illius
1453 4341 1693 4416 multitudinis
1710 4362 1800 4439 erga
1818 4362 1870 4436 se,

700 4469 737 4537 et
754 4462 809 4537 sni
828 4482 920 4558 erga
934 4461 1013 4537 illos
1032 4481 1099 4558 per
1121 4483 1234 4537 unam
1255 4462 1567 4557 comparationem
1581 4463 1760 4557 pulcram,
1774 4483 1872 4557 quae,

699 4582 785 4677 quia
798 4583 898 4657 clara
911 4590 977 4678 cst,
993 4589 1034 4658 ut
1051 4589 1129 4658 tota
1142 4582 1202 4658 die
1219 4582 1444 4679 experientia
1457 4582 1574 4675 docet,
1589 4587 1675 4656 nota
1689 4590 1870 4676 quantum

700 4703 745 4777 sit
761 4703 919 4799 propria.
934 4702 1036 4779 Sicut
1052 4704 1149 4778 enim
1169 4702 1346 4779 victorem
1365 4702 1403 4776 in
1420 4701 1507 4777 ludo
1522 4700 1659 4795 acardi,
1674 4702 1779 4775 multi
1797 4702 1871 4777 cir-

700 4825 875 4900 cumdant
890 4822 982 4899 *alii
999 4846 1022 4899 a
1039 4823 1169 4917 ironte,
1182 4823 1242 4899 alii
1255 4844 1277 4899 a
1292 4830 1407 4921 tergo,
1422 4830 1459 4898 et
1471 4822 1531 4898 alii
1544 4821 1590 4897 ad
1604 4822 1802 4897 dextram*
1821 4814 1873 4917 (²),

1765 4960 1870 4971 -ι

773 5011 780 5040 .
873 5015 879 5027 .
958 5014 963 5027 .

759 5016 790 5155 ((’ἷ
804 5014 841 5141 ξω
855 5014 1003 5154 &egitanien
1018 5092 1027 5142 i
1043 5092 1094 5143 due
1109 5090 1243 5143 astericclrl
1259 5104 1322 5143 sono
1338 5090 1459 5155 agglnntc
1474 5088 1543 5155 dagli
1558 5089 1618 5141 altri
1634 5088 1729 5141 Codlcl.
