4542 6842
729 976 869 1034 esurus
894 978 1054 1034 nucruus
1079 979 1224 1034 sununs.
1489 969 1561 1036 429

386 1121 508 1198 udhuc
533 1124 569 1196 in
596 1123 670 1199 vita
695 1123 888 1220 corporali,
916 1146 1000 1201 nam
1028 1125 1166 1200 mortui
1186 1144 1261 1199 non
1279 1124 1446 1200 dividunt
1465 1133 1561 1201 tem-

386 1263 465 1338 pus,
492 1242 578 1336 quio
603 1248 750 1338 tempus
776 1264 849 1318 non
874 1245 992 1319 currit
1017 1245 1088 1340 eis,
1114 1245 1178 1320 sed
1202 1245 1368 1320 viventes
1393 1245 1457 1339 sie,
1475 1265 1561 1320 num

386 1361 550 1436 dividunt
565 1355 600 1454 (¹)
634 1383 798 1439 mensem
825 1384 892 1459 per
922 1365 1107 1460 kalendas,
1133 1363 1215 1438 idus
1246 1374 1284 1439 et
1318 1384 1434 1438 nones
1454 1365 1563 1460 juxto

386 1481 494 1555 illud:
519 1503 585 1554 seu
608 1503 724 1556 nortus
749 1486 874 1576 maius,
903 1485 1055 1575 october,
1071 1487 1184 1576 juiius
1198 1476 1236 1578 (¹)
1262 1493 1296 1558 er
1324 1505 1449 1558 mors:
1474 1505 1564 1576 ptru-

387 1609 467 1676 tuor
491 1609 530 1676 ul
552 1605 689 1696 reliqui,
707 1610 795 1677 tenet
811 1599 892 1677 idos'
910 1606 1048 1696 quilibet
1063 1613 1151 1680 outo.
1169 1605 1228 1680 Sic
1245 1626 1337 1702 ergo
1354 1606 1437 1681 vide
1463 1605 1561 1699 quod

388 1724 455 1797 iste
481 1723 623 1797 Marcus
649 1723 769 1798 iuerat
793 1724 998 1819 suspicatus
1027 1735 1174 1821 poetam
1205 1746 1286 1801 esse
1316 1727 1456 1820 vivum,
1482 1732 1561 1800 tum

388 1842 475 1937 quia
504 1848 669 1916 senserat
699 1850 841 1918 motum
877 1845 972 1946 aeris
1005 1844 1139 1920 lumosi
1170 1846 1299 1942 grossi,
1331 1865 1443 1940 quem
1475 1855 1561 1918 eum

387 1983 543 2058 eorpore
568 1961 738 2057 faciebam
764 1970 844 2037 tum
873 1965 960 2060 quia
985 1966 1179 2041 audiverat
1204 1967 1357 2041 modum
1375 1965 1559 2060 loquendi,

388 2084 473 2179 quin
499 2083 643 2158 dixerat
668 2083 746 2157 illos
771 2085 919 2180 spiritus
944 2105 1025 2160 esse
1050 2107 1144 2181 quos
1169 2086 1353 2180 audiebat,
1375 2091 1411 2160 et
1436 2085 1488 2160 sie
1506 2084 1562 2157 vi·

387 2204 542 2282 debatur
568 2204 765 2280 excludere
790 2227 831 2280 se
854 2227 877 2280 a
903 2227 1061 2281 numero
1080 2207 1241 2281 illorum.
1263 2207 1307 2280 Et
1323 2206 1446 2280 subdit
1462 2227 1559 2300 prae-

386 2332 533 2419 ceptum
548 2323 696 2421 Virgilii,
710 2325 788 2398 sine
804 2325 910 2400 euius
928 2326 1072 2403 lieentia
1090 2327 1177 2400 nihil
1194 2325 1291 2420 iecit,
1308 2326 1449 2400 dicens:
1468 2329 1560 2400 uode

385 2447 589 2519 olmuesdo
614 2447 697 2536 mio,
721 2445 889 2540 Virgilius
916 2446 1089 2542 magister
1113 2446 1210 2521 bene
1235 2446 1418 2542 loquendi,
1444 2450 1558 2520 disse:

386 2567 568 2658 timendi,
593 2572 630 2640 et
654 2563 752 2639 dicos
777 2565 843 2639 sibi
869 2565 952 2660 quis
976 2587 1028 2660 ee,
1055 2566 1142 2660 quia
1170 2566 1229 2641 hie
1254 2572 1309 2641 est
1334 2567 1480 2662 spiritus
1505 2567 1561 2642 di-

387 2707 482 2783 gnus
508 2686 607 2778 loqui
643 2693 778 2780 tecum,
804 2707 823 2758 e
856 2688 1025 2761 dimondu
1054 2707 1091 2760 se
1123 2688 1239 2778 prinei
1267 2689 1300 2759 si
1330 2707 1377 2760 ou
1406 2708 1485 2780 sue;
1512 2708 1559 2763 ne

388 2805 529 2880 iremus
554 2805 712 2880 errando
737 2825 803 2900 per
828 2805 940 2880 istum
974 2805 1118 2879 lumum
1151 2805 1365 2902 obscurum,
1391 2826 1479 2880 euru
1505 2807 1561 2880 in·

389 2925 582 3000 tendamus
608 2945 674 3019 per
699 2925 797 2998 viem
830 2932 969 3000 rectum
1000 2946 1146 3020 semper
1176 2926 1231 3002 ire
1255 2947 1417 3022 sursum,
1443 2927 1560 3002 donee

388 3046 648 3142 perveniemus
672 3045 719 3120 nd
744 3045 892 3120 eulmen
916 3046 1182 3120 montis-El
1203 3050 1249 3120 iu.
1270 3047 1336 3120 Hie
1361 3053 1468 3142 poete
1494 3065 1562 3142 po·

389 3168 441 3241 nit
466 3167 739 3262 responsionem
764 3186 870 3240 suem
887 3167 934 3241 ad
951 3168 1054 3241 illum
1073 3168 1252 3262 spiritum,
1271 3175 1308 3244 et
1324 3168 1444 3264 primo
1466 3189 1560 3263 prae-

389 3287 497 3361 mittit
525 3286 718 3361 exordium
750 3285 885 3361 iaciens
913 3287 1016 3361 illum
1049 3288 1271 3363 benevolum
1302 3294 1340 3362 et
1364 3293 1559 3382 attentum,

388 3407 604 3503 promittens
629 3427 669 3480 se
693 3405 877 3481 dicturum
903 3406 949 3481 de
976 3427 1017 3481 re
1042 3429 1177 3503 magna
1201 3415 1239 3483 et
1264 3407 1432 3482 mirabili.
1464 3407 1557 3482 Dicit

388 3547 498 3624 ergo:
524 3535 557 3599 et
582 3529 632 3617 io,
662 3526 799 3621 supple,
828 3527 1014 3622 respondi:
1048 3549 1071 3600 o
1102 3533 1281 3618 ereatura,
1307 3527 1409 3622 idest,
1435 3527 1558 3602 animo

387 3656 511 3727 creato
536 3648 664 3739 alteo,
682 3649 741 3720 ulte
766 3650 791 3720 u·
815 3651 948 3739 mundi,
965 3669 986 3722 u
1006 3649 1150 3722 macula
1168 3648 1244 3742 irae,
1263 3668 1348 3743 quae
1363 3669 1462 3744 saepe
1477 3648 1563 3724 lecit

388 3777 425 3846 te
450 3777 596 3864 turpem
614 3767 650 3840 in
668 3767 753 3862 vito,
771 3767 866 3842 sicut
883 3767 1073 3864 proprium
1094 3778 1150 3845 est
1167 3769 1243 3863 irae,
1260 3775 1303 3842 ut
1318 3769 1398 3863 jam
1423 3768 1562 3842 dictum

388 3897 443 3966 est
469 3891 578 3985 poulo
603 3895 699 3983 unte,
714 3909 780 3981 per
805 3896 932 3962 tornur
958 3888 1059 3979 dello,
1077 3887 1196 3983 qualis
1213 3895 1254 3962 tu
1271 3888 1368 3962 luisti
1386 3909 1409 3962 a
1426 3888 1563 3984 prinei-

389 4010 459 4105 pio,
477 4030 501 4082 u
525 4011 628 4098 colui,
646 4009 780 4083 scilieet
797 4009 928 4103 Deum,
946 4009 1010 4102 qui
1028 4015 1083 4082 est
1099 4008 1344 4104 pulcerrimus
1364 4009 1402 4082 in
1427 4028 1484 4102 se;
1502 4011 1563 4081 clue

387 4134 414 4204 ti
435 4133 520 4224 fece,
545 4128 592 4203 de
616 4128 738 4221 nihilo,
754 4131 962 4220 meruuipliu
982 4131 1112 4219 odirui,
1130 4129 1234 4223 idest,
1251 4149 1332 4204 rem
1354 4128 1560 4203 mirabilem

387 4255 425 4326 et
441 4248 653 4344 inauditum,
670 4270 707 4322 se
723 4252 771 4322 mi
786 4252 938 4342 secundi,
951 4249 1054 4343 idest,
1072 4250 1101 4323 si
1118 4249 1283 4344 sequeris
1293 4243 1328 4341 (³)
1347 4269 1409 4324 me
1426 4249 1561 4343 eundo,

388 4369 474 4464 quia
501 4369 585 4443 nolo
611 4367 790 4444 remorari
824 4389 872 4443 ne
900 4369 1052 4464 perdam
1085 4375 1239 4464 tempus.
1273 4370 1316 4443 ut
1346 4369 1468 4444 subdit
1499 4391 1561 4446 re·

259 4507 263 4516 ’
387 4491 618 4587 sponsionem
645 4489 740 4562 illius
757 4487 890 4562 animae
915 4487 962 4562 ud
983 4509 1034 4582 se,
1052 4509 1136 4583 quae
1152 4487 1247 4562 iaetu
1268 4488 1375 4563 avide
1395 4491 1557 4566 novitate

387 4612 441 4686 rei
467 4610 643 4707 promittit
669 4629 708 4684 se
734 4615 945 4684 secuturam
973 4629 1061 4683 eum
1087 4614 1267 4703 quuntum
1290 4611 1433 4705 polerit.
1455 4611 1559 4686 Unde

386 4731 490 4805 dicit:
507 4733 543 4803 io
560 4737 590 4803 te
606 4721 790 4821 sepuitord,
808 4728 910 4823 idest,
928 4748 1063 4824 sequar
1089 4739 1136 4823 te,
1155 4738 1285 4822 quanto
1302 4735 1351 4804 mi
1366 4735 1448 4824 lece,
1466 4733 1563 4807 scili-

388 4858 458 4945 eet,
486 4856 665 4944 quantum
699 4849 810 4923 duret
839 4848 978 4938 iumus,
1008 4848 1094 4942 quia
1125 4871 1198 4923 non
1227 4851 1311 4926 lieet
1340 4853 1430 4928 milui
1460 4853 1563 4928 exire

449 5033 477 5096 (¹)
493 5033 524 5083 E.
541 5033 656 5084 dividunt
673 5037 774 5097 tempus
790 5046 837 5096 per
852 5033 984 5094 kalendas,
1001 5047 1103 5085 menses
1118 5040 1146 5086 ul
1162 5049 1209 5099 per
1224 5038 1278 5089 dies
1294 5043 1322 5088 et
1337 5052 1385 5102 per
1401 5051 1490 5089 nouos.

452 5109 480 5172 (¹)
497 5107 527 5159 Ε.
538 5109 638 5172 joniru.
887 5109 915 5172 (⁸)
931 5111 961 5162 E.
978 5111 999 5162 si
1015 5112 1140 5177 σοφαὶ-11.
