4542 6842
716 977 762 1044 '10
1074 988 1279 1043 connnrmr
1304 988 1523 1042 runnaronn

715 1140 802 1207 runt
827 1131 1104 1209 excellentiores
1128 1139 1299 1209 cantores
1323 1141 1409 1208 ante
1434 1134 1546 1208 istnm
1571 1141 1609 1210 et
1631 1144 1723 1232 post,
1742 1137 1789 1212 de
1805 1138 1890 1231 qni-

713 1253 784 1326 hns
816 1260 923 1348 poeta
944 1253 1080 1350 justius
1108 1259 1253 1348 poterat
1283 1254 1406 1330 iacere
1434 1254 1680 1350 mentionem;
1706 1256 1770 1330 sed
1801 1258 1889 1332 nihil

712 1373 759 1449 ad
785 1394 879 1470 rem,
904 1375 991 1468 qnia
1016 1379 1126 1448 antor
1156 1374 1277 1469 potius
1309 1375 1425 1450 voluit
1450 1376 1572 1450 iacere
1604 1377 1824 1452 memoriam
1850 1384 1888 1453 et

712 1492 850 1570 lamam
874 1495 921 1570 de
945 1495 1064 1568 amieo
1089 1494 1150 1569 cni
1176 1495 1372 1569 tenebatur
1394 1494 1581 1570 adducere
1596 1487 1633 1588 (¹)
1652 1516 1693 1570 se
1711 1496 1831 1592 ipsum
1850 1497 1888 1572 in

711 1617 926 1712 exemplum
951 1616 987 1689 in
1014 1616 1169 1691 materia
1194 1621 1325 1690 cantus
1349 1636 1425 1710 quo
1456 1615 1524 1690 init
1554 1636 1702 1691 summe
1726 1616 1888 1693 delecta-

568 1751 571 1761 ·
711 1742 782 1830 tus,
809 1745 852 1810 nt
877 1737 997 1811 statim
1024 1736 1172 1811 videbis.
1200 1736 1292 1812 llicit
1323 1757 1432 1832 ergo:
1462 1738 1546 1810 diss'
1557 1739 1606 1831 io,
1639 1737 1689 1812 illi
1724 1738 1884 1834 Casellae‚

710 1859 746 1932 io
767 1859 808 1949 so
833 1864 950 1949 questo
976 1859 1130 1948 mogoin,
1157 1855 1294 1930 seilicet
1318 1856 1533 1952 purgatorii,
1546 1878 1616 1950 per
1637 1863 1886 1933 emmaum

711 1980 805 2050 volta
829 1967 866 2049 ld
890 1979 1018 2051 dov'io
1043 1997 1121 2068 son,
1149 1977 1254 2072 quasi
1278 1977 1395 2051 dicat:
1422 1976 1504 2052 ideo
1529 1978 1623 2053 facio
1647 1980 1717 2054 hon
1747 1980 1784 2053 in
1811 1980 1885 2054 vita

711 2103 753 2171 nt
778 2117 925 2172 merear
950 2098 987 2170 in
1013 2104 1134 2172 morte
1160 2118 1226 2194 per
1252 2098 1509 2194 purgatorium
1535 2100 1730 2194 pervenire
1752 2101 1799 2175 ad
1830 2102 1885 2175 vi-

711 2225 785 2293 tam
812 2226 999 2293 aeternam.
1026 2219 1097 2293 Sed
1123 2239 1171 2293 ne
1196 2218 1376 2293 dimittam
1396 2218 1533 2312 aliquid
1553 2219 1808 2316 indiscussum,
1827 2222 1885 2295 hio

709 2341 828 2416 oritur
856 2339 1057 2436 justissima
1090 2339 1292 2414 dubitatio:
1327 2345 1499 2434 qnaernnt
1531 2340 1630 2414 enim
1660 2342 1766 2415 multi
1797 2363 1883 2416 enm

708 2483 844 2559 magna
868 2460 1121 2554 admiratione,
1148 2461 1236 2554 quid
1262 2460 1328 2533 sibi
1354 2460 1434 2534 vult
1459 2459 1525 2534 ista
1548 2481 1643 2536 nova
1661 2461 1758 2536 fictio
1781 2462 1885 2536 istius

708 2583 793 2658 novi
824 2589 953 2678 poetae,
985 2602 1103 2676 quare
1134 2582 1212 2655 istae
1244 2580 1378 2655 animae
1408 2581 1580 2676 relegatae
1610 2588 1714 2657 entra
1745 2605 1885 2680 pnrga-

708 2704 845 2777 torinm
871 2707 1060 2798 ponuntur
1085 2701 1164 2776 sine
1188 2700 1312 2795 aliqua
1337 2721 1447 2795 poena
1472 2702 1707 2796 purgatoria?
1732 2702 1786 2776 Ad
1813 2705 1883 2777 hoc

709 2822 929 2919 respondent
954 2822 1114 2918 quidam,
1132 2822 1232 2916 qnod
1258 2842 1387 2895 amara
1414 2839 1520 2916 poena
1538 2827 1593 2896 est
1611 2821 1749 2896 homini
1770 2842 1884 2918 expe·

708 2952 819 3019 ctare.
847 2944 913 3017 Alii
938 2943 1063 3019 dicunt
1089 2942 1187 3038 qnod
1212 2948 1320 3037 poeta
1346 2963 1413 3037 per
1437 2943 1507 3016 lroc
1531 2942 1594 3016 dat
1615 2941 1764 3040 intelligi
1783 2945 1882 3038 quod

707 3066 819 3160 aliqui
844 3066 1048 3160 puniuntur
1074 3063 1110 3136 in
1137 3063 1206 3137 isto
1231 3062 1371 3135 mundo
1396 3068 1483 3135 ante
1499 3063 1769 3158 purgatorium,
1787 3063 1881 3138 sieut

706 3187 844 3260 dictum
872 3192 926 3260 est
950 3185 987 3258 in
1009 3182 1228 3281 precedenti
1246 3183 1426 3278 capitnl03
1446 3182 1510 3256 sed
1529 3183 1581 3257 sio
1599 3183 1761 3258 dicentes
1777 3206 1882 3280 quae-
1947 3258 1952 3265 .

707 3312 794 3379 runt
820 3303 1047 3400 subterfugia
1072 3302 1288 3399 ignorantie
1313 3323 1401 3376 suae.
1428 3302 1499 3377 Sed
1530 3301 1576 3378 ad
1608 3323 1740 3378 verum
1774 3305 1882 3382 intel-

706 3425 843 3500 lectum
868 3425 971 3499 istius
996 3423 1150 3498 fictionis
1174 3423 1286 3498 debes
1303 3429 1434 3497 notare
1451 3423 1550 3516 qnod
1568 3422 1662 3497 sieut
1682 3425 1790 3519 plene
1805 3425 1880 3498 dixi

705 3545 742 3619 in
768 3547 888 3642 primo
913 3544 1072 3640 capitulo
1099 3551 1206 3639 poeta
1238 3550 1363 3618 noster
1394 3542 1559 3637 loquitur
1590 3543 1637 3618 de
1667 3545 1881 3642 purgatorio

705 3669 836 3744 morali
850 3692 860 3761 ;
887 3669 966 3741 vult
992 3665 1090 3740 enim
1116 3664 1207 3740 dare
1231 3663 1381 3760 intelligi
1416 3662 1515 3756 qnod
1545 3663 1592 3738 de
1623 3685 1782 3740 numero
1807 3667 1881 3740 sal-

704 3789 910 3864 vandorum
928 3785 1041 3880 aliqui
1058 3791 1144 3859 sunt
1162 3783 1298 3858 mortui
1313 3782 1549 3878 spiritualiter
1561 3803 1628 3880 per
1647 3790 1764 3858 totum
1784 3792 1880 3860 tem-

509 3877 512 3886 *
648 3975 651 3982 .
703 3930 773 4004 pus
798 3907 894 4002 vitre,
921 3907 984 4001 qni
1010 3913 1135 3980 tamen
1161 3906 1363 3997 salvantur,
1387 3902 1474 3997 qnia
1491 3903 1528 3976 in
1546 3903 1618 3979 line
1638 3905 1772 3980 habent
1789 3927 1879 3981 con-

705 4027 889 4102 tritionem
916 4034 954 4102 et
978 4026 1255 4101 conversionem
1277 4023 1436 4098 debitam
1455 4023 1502 4097 ad
1522 4024 1662 4118 ileum3
1680 4025 1763 4100 ideo
1783 4027 1878 4102 bene

704 4148 805 4246 lingit
823 4147 921 4243 qnod
939 4153 1132 4222 morantur
1149 4151 1187 4220 et
1204 4151 1387 4242 vagantur
1400 4150 1506 4219 extra
1520 4146 1778 4240 purgatorium
1796 4148 1877 4224 siue

703 4291 812 4367 poena
837 4268 1073 4365 poenitentiali
1103 4287 1170 4362 per
1197 4272 1337 4340 tantum
1354 4257 1391 4358 (²)
1421 4273 1576 4360 tempus,
1602 4286 1669 4361 per
1695 4275 1875 4361 quantum

702 4393 922 4468 distulerunt
946 4388 1197 4487 poenitentiam
1223 4387 1260 4460 in
1286 4386 1436 4459 mundo.
1454 4386 1498 4459 Et
1518 4386 1617 4480 quod
1638 4387 1719 4462 dieo
1738 4388 1785 4463 de
1802 4388 1877 4462 istis

702 4513 880 4609 intelligas
913 4511 960 4586 de
995 4507 1138 4584 ceteris
1172 4507 1453 4604 negligentibus,
1491 4506 1538 4581 de
1575 4509 1709 4602 quibus
1743 4503 1876 4583 dieitur

702 4653 820 4728 usque
845 4632 891 4706 ad
917 4629 1117 4726 capitulum
1146 4631 1434 4702 nonum-Mo
1457 4648 1483 4699 a
1508 4634 1548 4700 te.
1575 4627 1640 4702 llie
1663 4634 1772 4723 poeta
1789 4629 1874 4723 qnia

700 4753 842 4828 dixerat
868 4751 1027 4843 Casellae,
1054 4767 1173 4843 qnare
1202 4747 1308 4822 vivus
1337 4752 1491 4822 venerat
1524 4747 1571 4821 ad
1604 4748 1873 4845 purgatorium,

701 4895 799 4948 nunc
820 4873 952 4946 merito
970 4870 1058 4967 petit
1071 4890 1189 4963 qnare
1202 4868 1279 4964 ipse
1295 4873 1439 4943 tantum
1456 4868 1656 4943 tardaverit
1669 4869 1806 4944 venire.
1821 4869 1887 4943 Ad·

761 5143 788 5204 ι’)
805 5141 836 5190 E.
851 5143 878 5189 at
894 5140 1031 5191 adducere.
1251 5137 1279 5202 (Ἴ
1296 5139 1327 5188 E.
1344 5143 1446 5189 tanturn
1462 5137 1595 5202 temporis.
