4542 6842
867 965 1006 1021 caurus
1030 966 1161 1023 nonus.
1526 957 1598 1025 269

427 1106 597 1183 describit
605 1106 862 1184 ‘necessitatem
877 1108 1031 1184 istarum
1046 1109 1219 1204 clavium,
1232 1110 1426 1187 ostendens
1442 1113 1597 1187 alteram

425 1228 576 1304 alterius
601 1229 738 1304 auxilio
763 1228 938 1327 indigere,
966 1231 1014 1304 ita
1041 1230 1140 1326 quod
1164 1251 1238 1305 una
1256 1217 1464 1328 non'potest
1479 1234 1597 1307 adim·

424 1350 526 1446 plere
545 1348 709 1423 officium
734 1348 813 1425 sine
832 1350 967 1443 aitera3
987 1350 1085 1425 unde
1104 1350 1210 1425 dicit:
1228 1354 1311 1425 diss'
1324 1354 1381 1426 etti
1396 1373 1420 1423 a
1437 1356 1510 1444 noi,
1527 1352 1599 1427 sci-

424 1471 507 1555 licet
544 1470 605 1545 iiie
643 1470 825 1565 sacerdos,
859 1470 1240 1567 cacodaemonum,
1273 1472 1596 1568 quandocumque,

425 1594 533 1665 tono
557 1595 671 1665 d'estc
696 1593 810 1665 ebioni
830 1594 934 1685 sotto,
959 1593 1018 1664 cbo
1042 1612 1115 1665 oon
1139 1595 1171 1665 si
1195 1595 1301 1683 ootno
1329 1594 1438 1666 daim
1462 1614 1531 1686 per
1558 1595 1597 1666 ta

425 1719 543 1807 toppo
567 1733 640 1786 non
664 1714 794 1805 sopra
818 1719 937 1807 questo
970 1715 1075 1803 cotto,
1100 1711 1203 1807 idest,
1235 1712 1304 1788 iste
1334 1720 1459 1789 arctus
1484 1713 1595 1807 callis,

424 1832 511 1927 quia
536 1832 619 1907 licet
644 1830 814 1907 sacerdos
838 1831 973 1907 habeat
1002 1831 1191 1906 scientiam
1221 1852 1396 1929 magnam
1422 1834 1500 1909 sine
1525 1854 1596 1908 an-

423 1952 581 2046 toritate,
599 1951 658 2027 vel
683 1970 705 2025 e
730 1950 927 2045 contrario,
945 1970 1018 2026 non
1034 1956 1154 2046 potest
1169 1949 1258 2026 dare
1283 1952 1421 2026 bomini
1441 1954 1543 2048 juste
1555 1946 1593 2046 (¹)

422 2070 683 2168 poenitentiam.
710 2070 755 2142 Et
779 2069 837 2143 hic
863 2076 960 2164 nota,
979 2070 1077 2164 quod
1098 2070 1277 2146 autoritas
1298 2072 1594 2167 quandoquidem

423 2199 478 2267 est
502 2191 579 2266 sine
605 2189 766 2283 scientia,
786 2189 1083 2283 quandoquidem
1106 2190 1257 2265 scientia
1282 2190 1361 2266 sine
1386 2190 1483 2288 ipsa,
1502 2192 1597 2267 sicut

421 2332 444 2387 a
470 2310 576 2386 simili
601 2310 639 2383 in
665 2308 918 2406 jurisdictione
943 2309 1121 2404 wentani,
1146 2309 1278 2404 aliquis
1303 2316 1359 2385 est
1379 2311 1495 2407 judex
1528 2312 1597 2385 ba-

421 2432 512 2507 bens
536 2416 773 2507 autoritatem
795 2429 993 2527 judicandi,
1020 2430 1084 2524 qui
1114 2450 1189 2504 non
1218 2430 1329 2505 babet
1354 2431 1452 2526 juris
1477 2430 1596 2505 scien·

421 2552 531 2647 tiam3
558 2558 596 2626 et
619 2550 750 2645 aliquis
775 2572 797 2626 e
827 2570 1006 2625 converso
1040 2550 1149 2625 babet
1182 2550 1370 2625 scientiam
1399 2551 1495 2648 juris
1511 2651 1514 2656 Ι
1529 2551 1593 2645 qui

421 2692 495 2748 non
520 2670 631 2747 babet
655 2671 902 2747 autoritatem.
928 2669 1113 2745 Autoritas
1139 2690 1230 2767 ergo
1252 2670 1331 2745 sine
1350 2671 1500 2745 scientia
1518 2692 1593 2745 non

420 2799 540 2889 potest
564 2791 677 2887 accipi
706 2792 785 2867 sine
813 2799 973 2888 peccato,
1006 2790 1070 2866 sed
1102 2790 1252 2867 scientia
1286 2791 1365 2867 sine
1395 2777 1592 2867 autoritate

420 2912 515 2987 beno
539 2917 657 3007 potest
683 2911 808 2985 baberi
834 2911 912 2985 sine
933 2916 1095 3006 peccato.
1113 2911 1159 2983 Et
1174 2910 1330 2985 ostendit
1349 2910 1591 2986 differentiam

420 3032 591 3127 clarium,
609 3032 747 3107 dicens:
761 3027 825 3125 piri
849 3052 938 3105 coro
962 3027 984 3106 c*
1006 3033 1126 3122 tona,
1148 3030 1282 3106 scilicet
1307 3052 1434 3128 aurea,
1453 3038 1592 3126 quanto
1720 3101 1722 3105 ,

420 3173 556 3227 aurum
583 3159 638 3227 est
662 3151 784 3227 carius
801 3158 974 3250 argent03
992 3172 1052 3224 mn
1077 3154 1222 3244 tetdo,
1242 3151 1378 3227 scilicet
1402 3159 1591 3249 argentea,

420 3276 502 3346 ooot
525 3279 652 3364 troppo
677 3275 803 3347 darn
833 3292 852 3345 c
884 3274 919 3345 d’
931 3274 1095 3363 indeque,
1126 3270 1213 3365 quia
1244 3292 1338 3367 opus
1368 3279 1423 3347 est
1455 3292 1590 3368 magno

418 3393 539 3469 studio
565 3399 602 3467 et
626 3392 772 3489 ingenio
789 3392 836 3467 ad
857 3392 1060 3467 habendam
1079 3392 1268 3469 scientiam
1290 3398 1390 3468 recte
1404 3392 1591 3488 judicandi

418 3513 465 3589 de
489 3511 684 3587 animabus
708 3511 900 3586 hominum
931 3517 969 3587 et
998 3511 1237 3606 conscientiis,
1270 3512 1369 3607 quod
1401 3519 1456 3587 est
1485 3511 1591 3587 valde

419 3634 587 3728 difficile;
614 3635 735 3707 avant
758 3635 817 3706 cbo
841 3634 1003 3724 doceri,
1026 3630 1117 3707 idest
1142 3632 1303 3727 aperiat;
1324 3638 1362 3706 et
1386 3652 1474 3707 ecce
1499 3654 1591 3707 eau-

418 3776 511 3849 sam,
534 3756 651 3847 perob’
664 3756 732 3827 etta
756 3749 777 3827 c*
800 3754 913 3844 quoda
929 3754 989 3825 cde
1005 3754 1031 3825 't
1056 3752 1151 3825 nodo
1168 3753 1374 3845 dc'soroppa,
1396 3752 1499 3847 idest,
1516 3752 1590 3827 dis-

418 3876 524 3949 solvit
543 3874 680 3949 nodum
699 3871 855 3967 peecati3
877 3877 995 3967 potest
1012 3878 1135 3945 tamen
1153 3870 1322 3947 discretio
1339 3878 1377 3946 et
1393 3871 1483 3947 tides
1498 3892 1590 3947 con·

417 3996 549 4087 iitentis
566 3995 737 4089 supplere
753 3992 996 4090 ignorantiam
1014 3991 1222 4067 sacerdotis.
1239 3992 1283 4067 Et
1300 3992 1455 4067 ostendit
1471 4015 1493 4068 a
1512 4014 1587 4088 qno

417 4114 552 4189 habeat
567 4114 680 4189 dictas
697 4113 828 4207 claves,
847 4113 985 4188 dicens:
1003 4115 1052 4186 da
1065 4116 1149 4187 Pier
1165 4115 1196 4186 tc
1212 4120 1326 4205 bnon,
1343 4113 1446 4209 idest,
1462 4135 1485 4189 a
1503 4114 1589 4190 sede

416 4234 624 4330 apostolica,
642 4234 748 4309 cuius
769 4232 935 4329 princeps
952 4238 1007 4308 est
1023 4234 1166 4327 Petrus,
1184 4231 1272 4326 qnia
1288 4232 1337 4307 ab
1353 4234 1506 4309 ecclesia
1527 4254 1589 4308 sa-

417 4353 545 4429 cerdos
571 4352 682 4428 babet
701 4373 847 4428 sacram
864 4352 1051 4427 scientiam
1072 4373 1147 4448 qua
1164 4352 1232 4429 scit
1247 4351 1449 4448 absolvere,
1467 4361 1504 4428 et
1521 4355 1588 4429 ba-

415 4474 477 4549 bet
501 4474 737 4549 autoritatem
765 4494 839 4568 qua
856 4479 974 4569 potest
993 4473 1196 4549 absolvere.
1214 4475 1259 4548 Et
1275 4474 1396 4549 subdit
1415 4474 1585 4549 sacerdos

415 4601 639 4692 praeceptum
667 4594 765 4669 Petri
781 4593 928 4669 dicens:
955 4600 992 4669 et
1016 4593 1076 4668 ille
1100 4594 1243 4688 Petrus,
1264 4596 1416 4686 obsum,
1439 4594 1586 4690 quando

416 4715 598 4793 commisit
613 4714 702 4789 mihi
719 4714 882 4789 officinm
900 4712 1072 4809 clavium,
1090 4716 1141 4788 cb'
1152 4717 1189 4788 io
1208 4718 1284 4788 em
1300 4719 1387 4788 anzi
1402 4718 1453 4788 od
1467 4718 1584 4809 opib,

416 4840 504 4913 cb'c
529 4839 660 4911 tcnmto
684 4842 835 4909 serrata
862 4835 934 4911 Per
959 4835 1029 4909 hoc
1054 4841 1157 4910 notat
1173 4836 1272 4931 quod
1289 4835 1460 4911 sacerdos
1479 4835 1588 4911 debet

478 5098 506 5165 (¹)
522 5098 553 5151 E.
566 5100 663 5164 justam
677 5086 870 5150 absolutionem
881 5102 908 5150 et
923 5098 1108 5163 nuntiantium.
