<?xml version="1.0" encoding="UTF-8"?>
<!DOCTYPE html PUBLIC "-//W3C//DTD XHTML 1.0 Transitional//EN"
    "http://www.w3.org/TR/xhtml1/DTD/xhtml1-transitional.dtd">
<html xmlns="http://www.w3.org/1999/xhtml" xml:lang="en" lang="en">
 <head>
  <title>
</title>
<meta http-equiv="Content-Type" content="text/html;charset=utf-8" />
  <meta name='ocr-system' content='tesseract 3.04.00' />
  <meta name='ocr-capabilities' content='ocr_page ocr_carea ocr_par ocr_line ocrx_word'/>
</head>
<body>
  <div class='ocr_page' id='page_1' title='image "./comentumsuperda01unkngoog_0116.png"; bbox 0 0 4542 6842; ppageno 0'>
   <div class='ocr_carea' id='block_1_1' title="bbox 704 995 1511 1062">
    <p class='ocr_par' dir='ltr' id='par_1_1' title="bbox 704 995 1511 1062">
     <span class='ocr_line' id='line_1_1' title="bbox 704 995 1511 1062; baseline -0.004 -1"><span class='ocrx_word' id='word_1_1' title='bbox 704 995 779 1061; x_wconf 70' lang='lat'><strong>102</strong></span> <span class='ocrx_word' id='word_1_2' title='bbox 1060 1002 1264 1062; x_wconf 68' lang='lat' dir='ltr'><strong>conburunt</strong></span> <span class='ocrx_word' id='word_1_3' title='bbox 1290 1004 1511 1061; x_wconf 64' lang='lat' dir='ltr'><strong>burencourt</strong></span> 
     </span>
    </p>
   </div>
   <div class='ocr_carea' id='block_1_2' title="bbox 610 1141 1968 4254">
    <p class='ocr_par' dir='ltr' id='par_1_2' title="bbox 610 1141 1968 4254">
     <span class='ocr_line' id='line_1_2' title="bbox 700 1141 1880 1246; baseline 0.002 -21"><span class='ocrx_word' id='word_1_4' title='bbox 700 1158 823 1242; x_wconf 69' lang='lat' dir='ltr'><strong>meib,</strong></span> <span class='ocrx_word' id='word_1_5' title='bbox 840 1172 879 1223; x_wconf 86' lang='lat' dir='ltr'><strong>sc</strong></span> <span class='ocrx_word' id='word_1_6' title='bbox 901 1154 940 1224; x_wconf 83' lang='lat' dir='ltr'><strong>di</strong></span> <span class='ocrx_word' id='word_1_7' title='bbox 963 1141 1015 1241; x_wconf 80' lang='lat' dir='ltr'><strong>ui,</strong></span> <span class='ocrx_word' id='word_1_8' title='bbox 1038 1152 1184 1246; x_wconf 88' lang='lat' dir='ltr'><strong>scilicet,</strong></span> <span class='ocrx_word' id='word_1_9' title='bbox 1211 1150 1248 1225; x_wconf 91' lang='lat' dir='ltr'><strong>in</strong></span> <span class='ocrx_word' id='word_1_10' title='bbox 1274 1150 1412 1225; x_wconf 88' lang='lat' dir='ltr'><strong>mundo</strong></span> <span class='ocrx_word' id='word_1_11' title='bbox 1438 1152 1653 1245; x_wconf 85' lang='lat' dir='ltr'><strong>viventium,</strong></span> <span class='ocrx_word' id='word_1_12' title='bbox 1673 1156 1722 1225; x_wconf 76' lang='lat' dir='ltr'><strong>trra·</strong></span> <span class='ocrx_word' id='word_1_13' title='bbox 1749 1155 1880 1227; x_wconf 70' lang='lat' dir='ltr'><strong>vedasti</strong></span> 
     </span>
     <span class='ocr_line' id='line_1_3' title="bbox 699 1268 1878 1365; baseline 0.002 -21"><span class='ocrx_word' id='word_1_14' title='bbox 699 1290 836 1362; x_wconf 58' lang='lat' dir='ltr'><strong>aarum</strong></span> <span class='ocrx_word' id='word_1_15' title='bbox 860 1276 900 1344; x_wconf 90' lang='lat' dir='ltr'><strong>et</strong></span> <span class='ocrx_word' id='word_1_16' title='bbox 922 1269 1046 1344; x_wconf 79' lang='lat' dir='ltr'><strong>subdit</strong></span> <span class='ocrx_word' id='word_1_17' title='bbox 1068 1270 1255 1365; x_wconf 86' lang='lat' dir='ltr'><strong>quomodo</strong></span> <span class='ocrx_word' id='word_1_18' title='bbox 1281 1270 1402 1365; x_wconf 89' lang='lat' dir='ltr'><strong>paruit</strong></span> <span class='ocrx_word' id='word_1_19' title='bbox 1418 1268 1480 1363; x_wconf 91' lang='lat' dir='ltr'><strong>illi,</strong></span> <span class='ocrx_word' id='word_1_20' title='bbox 1501 1270 1649 1345; x_wconf 87' lang='lat' dir='ltr'><strong>diceus:</strong></span> <span class='ocrx_word' id='word_1_21' title='bbox 1669 1274 1704 1344; x_wconf 86' lang='lat' dir='ltr'><strong>tn</strong></span> <span class='ocrx_word' id='word_1_22' title='bbox 1721 1275 1771 1345; x_wconf 82' lang='lat' dir='ltr'><strong>ati</strong></span> <span class='ocrx_word' id='word_1_23' title='bbox 1787 1274 1878 1346; x_wconf 78' lang='lat' dir='ltr'><strong>vulsi</strong></span> 
     </span>
     <span class='ocr_line' id='line_1_4' title="bbox 699 1381 1890 1487; baseline 0.002 -24"><span class='ocrx_word' id='word_1_24' title='bbox 699 1412 762 1463; x_wconf 71' lang='grc' dir='ltr'><strong>ων</strong></span> <span class='ocrx_word' id='word_1_25' title='bbox 785 1392 1068 1482; x_wconf 69' lang='lat' dir='ltr'><strong>turpantes</strong></span> <span class='ocrx_word' id='word_1_26' title='bbox 1086 1394 1170 1485; x_wconf 77' lang='lat' dir='ltr'><strong>fise,</strong></span> <span class='ocrx_word' id='word_1_27' title='bbox 1194 1408 1283 1467; x_wconf 90' lang='lat' dir='ltr'><strong>cum</strong></span> <span class='ocrx_word' id='word_1_28' title='bbox 1307 1391 1416 1464; x_wconf 86' lang='lat' dir='ltr'><strong>oculu</strong></span> <span class='ocrx_word' id='word_1_29' title='bbox 1446 1390 1714 1487; x_wconf 76' lang='lat' dir='ltr'><strong>speculationis,</strong></span> <span class='ocrx_word' id='word_1_30' title='bbox 1741 1398 1784 1466; x_wconf 91' lang='lat' dir='ltr'><strong>ut</strong></span> <span class='ocrx_word' id='word_1_31' title='bbox 1818 1381 1890 1465; x_wconf 85' lang='lat' dir='ltr'><strong>vi-&#39;</strong></span> 
     </span>
     <span class='ocr_line' id='line_1_5' title="bbox 696 1510 1875 1606; baseline 0.001 -21"><span class='ocrx_word' id='word_1_32' title='bbox 696 1510 825 1585; x_wconf 64' lang='lat' dir='ltr'><strong>wem</strong></span> <span class='ocrx_word' id='word_1_33' title='bbox 850 1511 881 1583; x_wconf 91' lang='lat' dir='ltr'><strong>si</strong></span> <span class='ocrx_word' id='word_1_34' title='bbox 905 1513 1046 1585; x_wconf 87' lang='lat' dir='ltr'><strong>laceret</strong></span> <span class='ocrx_word' id='word_1_35' title='bbox 1070 1511 1117 1585; x_wconf 91' lang='lat' dir='ltr'><strong>ad</strong></span> <span class='ocrx_word' id='word_1_36' title='bbox 1143 1510 1369 1606; x_wconf 83' lang='lat' dir='ltr'><strong>propositum</strong></span> <span class='ocrx_word' id='word_1_37' title='bbox 1389 1529 1536 1604; x_wconf 81' lang='lat' dir='ltr'><strong>meum3</strong></span> <span class='ocrx_word' id='word_1_38' title='bbox 1562 1510 1644 1585; x_wconf 89' lang='lat' dir='ltr'><strong>ideo</strong></span> <span class='ocrx_word' id='word_1_39' title='bbox 1665 1511 1788 1585; x_wconf 86' lang='lat' dir='ltr'><strong>statim</strong></span> <span class='ocrx_word' id='word_1_40' title='bbox 1807 1512 1875 1586; x_wconf 88' lang='lat' dir='ltr'><strong>de·</strong></span> 
     </span>
     <span class='ocr_line' id='line_1_6' title="bbox 696 1629 1876 1725; baseline 0.003 -21"><span class='ocrx_word' id='word_1_41' title='bbox 696 1631 821 1705; x_wconf 82' lang='lat' dir='ltr'><strong>scribit</strong></span> <span class='ocrx_word' id='word_1_42' title='bbox 849 1629 1077 1707; x_wconf 86' lang='lat' dir='ltr'><strong>Maniredum</strong></span> <span class='ocrx_word' id='word_1_43' title='bbox 1106 1632 1157 1706; x_wconf 82' lang='lat' dir='ltr'><strong>ab</strong></span> <span class='ocrx_word' id='word_1_44' title='bbox 1188 1631 1314 1705; x_wconf 89' lang='lat' dir='ltr'><strong>babitu</strong></span> <span class='ocrx_word' id='word_1_45' title='bbox 1349 1630 1525 1725; x_wconf 87' lang='lat' dir='ltr'><strong>corporis,</strong></span> <span class='ocrx_word' id='word_1_46' title='bbox 1563 1629 1711 1707; x_wconf 86' lang='lat' dir='ltr'><strong>dicens:</strong></span> <span class='ocrx_word' id='word_1_47' title='bbox 1743 1633 1876 1708; x_wconf 70' lang='lat' dir='ltr'><strong>benuo</strong></span> 
     </span>
     <span class='ocr_line' id='line_1_7' title="bbox 696 1749 1876 1848; baseline 0.003 -23"><span class='ocrx_word' id='word_1_48' title='bbox 696 1756 763 1825; x_wconf 80' lang='lat' dir='ltr'><strong>er&#39;a</strong></span> <span class='ocrx_word' id='word_1_49' title='bbox 786 1774 806 1825; x_wconf 84' lang='lat' dir='ltr'><strong>e</strong></span> <span class='ocrx_word' id='word_1_50' title='bbox 829 1749 916 1827; x_wconf 81' lang='lat' dir='ltr'><strong>bello</strong></span> <span class='ocrx_word' id='word_1_51' title='bbox 940 1775 960 1825; x_wconf 87' lang='lat' dir='ltr'><strong>c</strong></span> <span class='ocrx_word' id='word_1_52' title='bbox 983 1756 1022 1827; x_wconf 85' lang='lat' dir='ltr'><strong>dt</strong></span> <span class='ocrx_word' id='word_1_53' title='bbox 1044 1755 1152 1845; x_wconf 74' lang='lat' dir='ltr'><strong>pectit</strong></span> <span class='ocrx_word' id='word_1_54' title='bbox 1174 1758 1315 1845; x_wconf 70' lang='lat' dir='ltr'><strong>ospello.</strong></span> <span class='ocrx_word' id='word_1_55' title='bbox 1342 1751 1394 1825; x_wconf 82' lang='lat' dir='ltr'><strong>dd</strong></span> <span class='ocrx_word' id='word_1_56' title='bbox 1413 1750 1513 1846; x_wconf 86' lang='lat' dir='ltr'><strong>quod</strong></span> <span class='ocrx_word' id='word_1_57' title='bbox 1534 1758 1632 1848; x_wconf 86' lang='lat' dir='ltr'><strong>nota,</strong></span> <span class='ocrx_word' id='word_1_58' title='bbox 1650 1752 1750 1846; x_wconf 88' lang='lat' dir='ltr'><strong>quod</strong></span> <span class='ocrx_word' id='word_1_59' title='bbox 1770 1755 1876 1828; x_wconf 85' lang='lat' dir='ltr'><strong>llan-</strong></span> 
     </span>
     <span class='ocr_line' id='line_1_8' title="bbox 696 1870 1873 1967; baseline 0.002 -22"><span class='ocrx_word' id='word_1_60' title='bbox 696 1872 822 1953; x_wconf 85' lang='lat' dir='ltr'><strong>lredus</strong></span> <span class='ocrx_word' id='word_1_61' title='bbox 847 1872 914 1947; x_wconf 88' lang='lat' dir='ltr'><strong>iste</strong></span> <span class='ocrx_word' id='word_1_62' title='bbox 934 1871 1003 1946; x_wconf 85' lang='lat' dir='ltr'><strong>luit</strong></span> <span class='ocrx_word' id='word_1_63' title='bbox 1031 1890 1187 1967; x_wconf 87' lang='lat' dir='ltr'><strong>corpore</strong></span> <span class='ocrx_word' id='word_1_64' title='bbox 1204 1873 1342 1967; x_wconf 89' lang='lat' dir='ltr'><strong>pulcer,</strong></span> <span class='ocrx_word' id='word_1_65' title='bbox 1369 1870 1506 1966; x_wconf 87' lang='lat' dir='ltr'><strong>probus</strong></span> <span class='ocrx_word' id='word_1_66' title='bbox 1531 1878 1569 1946; x_wconf 91' lang='lat' dir='ltr'><strong>et</strong></span> <span class='ocrx_word' id='word_1_67' title='bbox 1592 1872 1773 1967; x_wconf 85' lang='lat' dir='ltr'><strong>prudens3</strong></span> <span class='ocrx_word' id='word_1_68' title='bbox 1800 1874 1873 1948; x_wconf 87' lang='lat' dir='ltr'><strong>luit</strong></span> 
     </span>
     <span class='ocr_line' id='line_1_9' title="bbox 695 1992 1875 2089; baseline 0.003 -22"><span class='ocrx_word' id='word_1_69' title='bbox 695 1993 870 2089; x_wconf 72' lang='lat' dir='ltr'><strong>pulsator,</strong></span> <span class='ocrx_word' id='word_1_70' title='bbox 904 2000 1043 2086; x_wconf 85' lang='lat' dir='ltr'><strong>cantor,</strong></span> <span class='ocrx_word' id='word_1_71' title='bbox 1074 2000 1221 2067; x_wconf 87' lang='lat' dir='ltr'><strong>amatur</strong></span> <span class='ocrx_word' id='word_1_72' title='bbox 1248 1994 1500 2087; x_wconf 79' lang='lat' dir='ltr'><strong>joculatorum</strong></span> <span class='ocrx_word' id='word_1_73' title='bbox 1531 1999 1568 2065; x_wconf 91' lang='lat' dir='ltr'><strong>et</strong></span> <span class='ocrx_word' id='word_1_74' title='bbox 1602 1992 1797 2067; x_wconf 90' lang='lat' dir='ltr'><strong>curialium</strong></span> <span class='ocrx_word' id='word_1_75' title='bbox 1833 2002 1875 2071; x_wconf 88' lang='lat' dir='ltr'><strong>ct</strong></span> 
     </span>
     <span class='ocr_line' id='line_1_10' title="bbox 610 2112 1874 2211; baseline -0.002 -22"><span class='ocrx_word' id='word_1_76' title='bbox 610 2153 613 2159; x_wconf 92' lang='lat'>·</span> <span class='ocrx_word' id='word_1_77' title='bbox 695 2116 907 2211; x_wconf 89' lang='lat' dir='ltr'><strong>pulerarum</strong></span> <span class='ocrx_word' id='word_1_78' title='bbox 934 2114 1154 2209; x_wconf 83' lang='lat' dir='ltr'><strong>puellarum,</strong></span> <span class='ocrx_word' id='word_1_79' title='bbox 1180 2130 1327 2208; x_wconf 87' lang='lat' dir='ltr'><strong>semper</strong></span> <span class='ocrx_word' id='word_1_80' title='bbox 1343 2112 1569 2188; x_wconf 82' lang='lat' dir='ltr'><strong>vestiebatur</strong></span> <span class='ocrx_word' id='word_1_81' title='bbox 1594 2114 1757 2189; x_wconf 83' lang='lat' dir='ltr'><strong>vestibus</strong></span> <span class='ocrx_word' id='word_1_82' title='bbox 1782 2112 1874 2188; x_wconf 81' lang='lat' dir='ltr'><strong>viri·</strong></span> 
     </span>
     <span class='ocr_line' id='line_1_11' title="bbox 694 2232 1872 2329; baseline 0 -20"><span class='ocrx_word' id='word_1_83' title='bbox 694 2234 823 2329; x_wconf 84' lang='lat' dir='ltr'><strong>dibus3</strong></span> <span class='ocrx_word' id='word_1_84' title='bbox 850 2234 1019 2326; x_wconf 81' lang='lat' dir='ltr'><strong>liberalis,</strong></span> <span class='ocrx_word' id='word_1_85' title='bbox 1049 2233 1207 2327; x_wconf 87' lang='lat' dir='ltr'><strong>curialis,</strong></span> <span class='ocrx_word' id='word_1_86' title='bbox 1241 2232 1357 2327; x_wconf 80' lang='lat' dir='ltr'><strong>laetus,</strong></span> <span class='ocrx_word' id='word_1_87' title='bbox 1396 2232 1477 2307; x_wconf 90' lang='lat' dir='ltr'><strong>ideo</strong></span> <span class='ocrx_word' id='word_1_88' title='bbox 1510 2234 1669 2307; x_wconf 91' lang='lat' dir='ltr'><strong>multum</strong></span> <span class='ocrx_word' id='word_1_89' title='bbox 1700 2234 1872 2309; x_wconf 82' lang='lat' dir='ltr'><strong>amabilis</strong></span> 
     </span>
     <span class='ocr_line' id='line_1_12' title="bbox 694 2352 1868 2451; baseline 0 -22"><span class='ocrx_word' id='word_1_90' title='bbox 694 2362 732 2429; x_wconf 92' lang='lat' dir='ltr'><strong>et</strong></span> <span class='ocrx_word' id='word_1_91' title='bbox 755 2355 961 2451; x_wconf 72' lang='lat' dir='ltr'><strong>gratiosus,</strong></span> <span class='ocrx_word' id='word_1_92' title='bbox 987 2352 1051 2427; x_wconf 89' lang='lat' dir='ltr'><strong>sed</strong></span> <span class='ocrx_word' id='word_1_93' title='bbox 1072 2352 1277 2426; x_wconf 89' lang='lat' dir='ltr'><strong>claritatem</strong></span> <span class='ocrx_word' id='word_1_94' title='bbox 1296 2354 1428 2426; x_wconf 90' lang='lat' dir='ltr'><strong>barum</strong></span> <span class='ocrx_word' id='word_1_95' title='bbox 1447 2352 1627 2427; x_wconf 86' lang='lat' dir='ltr'><strong>virtutum</strong></span> <span class='ocrx_word' id='word_1_96' title='bbox 1645 2354 1868 2429; x_wconf 82' lang='lat' dir='ltr'><strong>debonesta-</strong></span> 
     </span>
     <span class='ocr_line' id='line_1_13' title="bbox 693 2472 1863 2569; baseline 0.002 -21"><span class='ocrx_word' id='word_1_97' title='bbox 693 2474 781 2549; x_wconf 91' lang='lat' dir='ltr'><strong>bant</strong></span> <span class='ocrx_word' id='word_1_98' title='bbox 801 2474 923 2569; x_wconf 88' lang='lat' dir='ltr'><strong>turpia</strong></span> <span class='ocrx_word' id='word_1_99' title='bbox 939 2474 1036 2548; x_wconf 85' lang='lat' dir='ltr'><strong>vitia.</strong></span> <span class='ocrx_word' id='word_1_100' title='bbox 1063 2474 1152 2547; x_wconf 84' lang='lat' dir='ltr'><strong>Erat</strong></span> <span class='ocrx_word' id='word_1_101' title='bbox 1176 2472 1274 2548; x_wconf 88' lang='lat' dir='ltr'><strong>cuim</strong></span> <span class='ocrx_word' id='word_1_102' title='bbox 1300 2472 1525 2568; x_wconf 82' lang='lat' dir='ltr'><strong>luxuriosus,</strong></span> <span class='ocrx_word' id='word_1_103' title='bbox 1543 2474 1748 2569; x_wconf 81' lang='lat' dir='ltr'><strong>epicureus,</strong></span> <span class='ocrx_word' id='word_1_104' title='bbox 1776 2476 1863 2551; x_wconf 87' lang='lat' dir='ltr'><strong>nihil</strong></span> 
     </span>
     <span class='ocr_line' id='line_1_14' title="bbox 692 2592 1968 2690; baseline 0.002 -23"><span class='ocrx_word' id='word_1_105' title='bbox 692 2595 881 2690; x_wconf 87' lang='lat' dir='ltr'><strong>spirituale</strong></span> <span class='ocrx_word' id='word_1_106' title='bbox 911 2593 1065 2689; x_wconf 90' lang='lat' dir='ltr'><strong>sapiens,</strong></span> <span class='ocrx_word' id='word_1_107' title='bbox 1100 2592 1163 2667; x_wconf 92' lang='lat' dir='ltr'><strong>sed</strong></span> <span class='ocrx_word' id='word_1_108' title='bbox 1195 2594 1290 2667; x_wconf 86' lang='lat' dir='ltr'><strong>solas</strong></span> <span class='ocrx_word' id='word_1_109' title='bbox 1325 2594 1530 2687; x_wconf 87' lang='lat' dir='ltr'><strong>vuluptates</strong></span> <span class='ocrx_word' id='word_1_110' title='bbox 1559 2599 1713 2689; x_wconf 88' lang='lat' dir='ltr'><strong>sectans,</strong></span> <span class='ocrx_word' id='word_1_111' title='bbox 1747 2595 1870 2669; x_wconf 83' lang='lat' dir='ltr'><strong>ambi·</strong></span> <span class='ocrx_word' id='word_1_112' title='bbox 1966 2642 1968 2645; x_wconf 94' lang='lat'>-</span> 
     </span>
     <span class='ocr_line' id='line_1_15' title="bbox 693 2713 1869 2812; baseline -0.001 -22"><span class='ocrx_word' id='word_1_113' title='bbox 693 2716 807 2791; x_wconf 86' lang='lat' dir='ltr'><strong>tinsus</strong></span> <span class='ocrx_word' id='word_1_114' title='bbox 831 2714 961 2808; x_wconf 66' lang='lat' dir='ltr'><strong>nimis·</strong></span> <span class='ocrx_word' id='word_1_115' title='bbox 978 2713 1121 2787; x_wconf 88' lang='lat' dir='ltr'><strong>nullum</strong></span> <span class='ocrx_word' id='word_1_116' title='bbox 1140 2714 1259 2788; x_wconf 90' lang='lat' dir='ltr'><strong>scelus</strong></span> <span class='ocrx_word' id='word_1_117' title='bbox 1276 2713 1448 2789; x_wconf 86' lang='lat' dir='ltr'><strong>omittens</strong></span> <span class='ocrx_word' id='word_1_118' title='bbox 1464 2714 1660 2809; x_wconf 89' lang='lat' dir='ltr'><strong>cupiditate</strong></span> <span class='ocrx_word' id='word_1_119' title='bbox 1678 2714 1869 2812; x_wconf 87' lang='lat' dir='ltr'><strong>regnandi,</strong></span> 
     </span>
     <span class='ocr_line' id='line_1_16' title="bbox 693 2832 1867 2930; baseline 0 -21"><span class='ocrx_word' id='word_1_120' title='bbox 693 2842 735 2909; x_wconf 88' lang='lat' dir='ltr'><strong>ut</strong></span> <span class='ocrx_word' id='word_1_121' title='bbox 768 2834 831 2929; x_wconf 87' lang='lat' dir='ltr'><strong>qui</strong></span> <span class='ocrx_word' id='word_1_122' title='bbox 869 2836 908 2908; x_wconf 93' lang='lat' dir='ltr'><strong>in</strong></span> <span class='ocrx_word' id='word_1_123' title='bbox 942 2855 1009 2910; x_wconf 89' lang='lat' dir='ltr'><strong>ore</strong></span> <span class='ocrx_word' id='word_1_124' title='bbox 1037 2853 1184 2930; x_wconf 87' lang='lat' dir='ltr'><strong>semper</strong></span> <span class='ocrx_word' id='word_1_125' title='bbox 1220 2834 1373 2908; x_wconf 85' lang='lat' dir='ltr'><strong>haberet</strong></span> <span class='ocrx_word' id='word_1_126' title='bbox 1406 2832 1493 2908; x_wconf 94' lang='lat' dir='ltr'><strong>illud</strong></span> <span class='ocrx_word' id='word_1_127' title='bbox 1527 2835 1665 2909; x_wconf 89' lang='lat' dir='ltr'><strong>dictum</strong></span> <span class='ocrx_word' id='word_1_128' title='bbox 1692 2836 1867 2911; x_wconf 76' lang='lat' dir='ltr'><strong>Gesseris:</strong></span> 
     </span>
     <span class='ocr_line' id='line_1_17' title="bbox 691 2953 1863 3050; baseline -0.001 -20"><span class='ocrx_word' id='word_1_129' title='bbox 691 2957 783 3030; x_wconf 89' lang='lat' dir='ltr'><strong>Nam</strong></span> <span class='ocrx_word' id='word_1_130' title='bbox 809 2956 840 3029; x_wconf 93' lang='lat' dir='ltr'><strong>si</strong></span> <span class='ocrx_word' id='word_1_131' title='bbox 868 2954 1078 3030; x_wconf 76' lang='lat' dir='ltr'><strong>uiolandum</strong></span> <span class='ocrx_word' id='word_1_132' title='bbox 1109 2960 1164 3029; x_wconf 86' lang='lat' dir='ltr'><strong>est</strong></span> <span class='ocrx_word' id='word_1_133' title='bbox 1190 2954 1264 3048; x_wconf 86' lang='lat' dir='ltr'><strong>jus,</strong></span> <span class='ocrx_word' id='word_1_134' title='bbox 1297 2953 1471 3049; x_wconf 80' lang='lat' dir='ltr'><strong>regnandi</strong></span> <span class='ocrx_word' id='word_1_135' title='bbox 1504 2955 1623 3050; x_wconf 80' lang='lat' dir='ltr'><strong>gratia</strong></span> <span class='ocrx_word' id='word_1_136' title='bbox 1652 2954 1863 3030; x_wconf 85' lang='lat' dir='ltr'><strong>violandum</strong></span> 
     </span>
     <span class='ocr_line' id='line_1_18' title="bbox 691 3072 1901 3170; baseline 0 -19"><span class='ocrx_word' id='word_1_137' title='bbox 691 3082 762 3170; x_wconf 82' lang='lat' dir='ltr'><strong>est3</strong></span> <span class='ocrx_word' id='word_1_138' title='bbox 789 3076 932 3151; x_wconf 84' lang='lat' dir='ltr'><strong>eaetcris</strong></span> <span class='ocrx_word' id='word_1_139' title='bbox 958 3074 1081 3169; x_wconf 87' lang='lat' dir='ltr'><strong>rebus,</strong></span> <span class='ocrx_word' id='word_1_140' title='bbox 1107 3074 1279 3169; x_wconf 84' lang='lat' dir='ltr'><strong>pietatem</strong></span> <span class='ocrx_word' id='word_1_141' title='bbox 1298 3074 1388 3148; x_wconf 86' lang='lat' dir='ltr'><strong>cole.</strong></span> <span class='ocrx_word' id='word_1_142' title='bbox 1407 3072 1489 3149; x_wconf 87' lang='lat' dir='ltr'><strong>Fuit</strong></span> <span class='ocrx_word' id='word_1_143' title='bbox 1505 3072 1702 3148; x_wconf 91' lang='lat' dir='ltr'><strong>ditissimus</strong></span> <span class='ocrx_word' id='word_1_144' title='bbox 1719 3096 1766 3150; x_wconf 82' lang='lat' dir='ltr'><strong>er</strong></span> <span class='ocrx_word' id='word_1_145' title='bbox 1784 3078 1869 3151; x_wconf 83' lang='lat' dir='ltr'><strong>tbe·</strong></span> <span class='ocrx_word' id='word_1_146' title='bbox 1896 3080 1901 3089; x_wconf 82' lang='lat'>&#39;</span> 
     </span>
     <span class='ocr_line' id='line_1_19' title="bbox 690 3194 1867 3293; baseline -0.002 -20"><span class='ocrx_word' id='word_1_147' title='bbox 690 3218 803 3273; x_wconf 87' lang='lat' dir='ltr'><strong>saure</strong></span> <span class='ocrx_word' id='word_1_148' title='bbox 827 3196 940 3293; x_wconf 85' lang='lat' dir='ltr'><strong>patris</strong></span> <span class='ocrx_word' id='word_1_149' title='bbox 956 3195 1116 3270; x_wconf 86' lang='lat' dir='ltr'><strong>Federicl</strong></span> <span class='ocrx_word' id='word_1_150' title='bbox 1139 3202 1176 3270; x_wconf 89' lang='lat' dir='ltr'><strong>et</strong></span> <span class='ocrx_word' id='word_1_151' title='bbox 1193 3194 1349 3269; x_wconf 79' lang='lat' dir='ltr'><strong>cunradi</strong></span> <span class='ocrx_word' id='word_1_152' title='bbox 1367 3194 1500 3288; x_wconf 75' lang='lat' dir='ltr'><strong>fratris,</strong></span> <span class='ocrx_word' id='word_1_153' title='bbox 1518 3201 1618 3269; x_wconf 80' lang='lat' dir='ltr'><strong>etex</strong></span> <span class='ocrx_word' id='word_1_154' title='bbox 1637 3216 1753 3292; x_wconf 82' lang='lat' dir='ltr'><strong>regno</strong></span> <span class='ocrx_word' id='word_1_155' title='bbox 1769 3216 1867 3292; x_wconf 89' lang='lat' dir='ltr'><strong>upu-</strong></span> 
     </span>
     <span class='ocr_line' id='line_1_20' title="bbox 691 3314 1862 3410; baseline 0.001 -20"><span class='ocrx_word' id='word_1_156' title='bbox 691 3318 910 3410; x_wconf 77' lang='lat' dir='ltr'><strong>lentissimo,</strong></span> <span class='ocrx_word' id='word_1_157' title='bbox 930 3322 968 3391; x_wconf 93' lang='lat' dir='ltr'><strong>et</strong></span> <span class='ocrx_word' id='word_1_158' title='bbox 992 3316 1029 3388; x_wconf 91' lang='lat' dir='ltr'><strong>in</strong></span> <span class='ocrx_word' id='word_1_159' title='bbox 1047 3315 1218 3389; x_wconf 84' lang='lat' dir='ltr'><strong>omnibus</strong></span> <span class='ocrx_word' id='word_1_160' title='bbox 1238 3314 1341 3389; x_wconf 88' lang='lat' dir='ltr'><strong>bellis</strong></span> <span class='ocrx_word' id='word_1_161' title='bbox 1359 3334 1442 3409; x_wconf 84' lang='lat' dir='ltr'><strong>quae</strong></span> <span class='ocrx_word' id='word_1_162' title='bbox 1460 3314 1587 3389; x_wconf 89' lang='lat' dir='ltr'><strong>babuit</strong></span> <span class='ocrx_word' id='word_1_163' title='bbox 1604 3336 1690 3391; x_wconf 87' lang='lat' dir='ltr'><strong>curn</strong></span> <span class='ocrx_word' id='word_1_164' title='bbox 1710 3318 1862 3392; x_wconf 86' lang='lat' dir='ltr'><strong>ecclesia</strong></span> 
     </span>
     <span class='ocr_line' id='line_1_21' title="bbox 689 3436 1867 3533; baseline -0.003 -18"><span class='ocrx_word' id='word_1_165' title='bbox 689 3439 793 3515; x_wconf 86' lang='lat' dir='ltr'><strong>scivit</strong></span> <span class='ocrx_word' id='word_1_166' title='bbox 817 3436 1047 3513; x_wconf 89' lang='lat' dir='ltr'><strong>laudabiliter</strong></span> <span class='ocrx_word' id='word_1_167' title='bbox 1072 3437 1283 3533; x_wconf 86' lang='lat' dir='ltr'><strong>gubernare</strong></span> <span class='ocrx_word' id='word_1_168' title='bbox 1309 3456 1465 3531; x_wconf 79' lang='lat' dir='ltr'><strong>regnum</strong></span> <span class='ocrx_word' id='word_1_169' title='bbox 1493 3457 1616 3530; x_wconf 89' lang='lat' dir='ltr'><strong>suum,</strong></span> <span class='ocrx_word' id='word_1_170' title='bbox 1641 3442 1678 3511; x_wconf 87' lang='lat' dir='ltr'><strong>et</strong></span> <span class='ocrx_word' id='word_1_171' title='bbox 1703 3437 1740 3510; x_wconf 89' lang='lat' dir='ltr'><strong>in</strong></span> <span class='ocrx_word' id='word_1_172' title='bbox 1765 3438 1867 3512; x_wconf 81' lang='lat' dir='ltr'><strong>bone</strong></span> 
     </span>
     <span class='ocr_line' id='line_1_22' title="bbox 690 3553 1880 3659; baseline -0.001 -25"><span class='ocrx_word' id='word_1_173' title='bbox 690 3566 786 3634; x_wconf 89' lang='lat' dir='ltr'><strong>statu</strong></span> <span class='ocrx_word' id='word_1_174' title='bbox 812 3577 1052 3650; x_wconf 78' lang='lat' dir='ltr'><strong>conservare,</strong></span> <span class='ocrx_word' id='word_1_175' title='bbox 1079 3562 1229 3651; x_wconf 85' lang='lat' dir='ltr'><strong>prepter</strong></span> <span class='ocrx_word' id='word_1_176' title='bbox 1255 3554 1353 3650; x_wconf 90' lang='lat' dir='ltr'><strong>quod</strong></span> <span class='ocrx_word' id='word_1_177' title='bbox 1372 3553 1530 3629; x_wconf 88' lang='lat' dir='ltr'><strong>multum</strong></span> <span class='ocrx_word' id='word_1_178' title='bbox 1550 3557 1734 3631; x_wconf 84' lang='lat' dir='ltr'><strong>exaltatus</strong></span> <span class='ocrx_word' id='word_1_179' title='bbox 1753 3558 1880 3659; x_wconf 83' lang='lat' dir='ltr'><strong>estin</strong></span> 
     </span>
     <span class='ocr_line' id='line_1_23' title="bbox 687 3674 1860 3791; baseline -0.001 -37"><span class='ocrx_word' id='word_1_180' title='bbox 687 3680 847 3776; x_wconf 90' lang='lat' dir='ltr'><strong>potentia</strong></span> <span class='ocrx_word' id='word_1_181' title='bbox 874 3678 968 3752; x_wconf 89' lang='lat' dir='ltr'><strong>mari</strong></span> <span class='ocrx_word' id='word_1_182' title='bbox 994 3684 1031 3753; x_wconf 88' lang='lat' dir='ltr'><strong>et</strong></span> <span class='ocrx_word' id='word_1_183' title='bbox 1057 3684 1166 3753; x_wconf 92' lang='lat' dir='ltr'><strong>terra.</strong></span> <span class='ocrx_word' id='word_1_184' title='bbox 1193 3674 1400 3791; x_wconf 73' lang='lat' dir='ltr'><strong>ldanlrcdus</strong></span> <span class='ocrx_word' id='word_1_185' title='bbox 1418 3676 1502 3751; x_wconf 87' lang='lat' dir='ltr'><strong>lecit</strong></span> <span class='ocrx_word' id='word_1_186' title='bbox 1518 3676 1656 3751; x_wconf 87' lang='lat' dir='ltr'><strong>destrui</strong></span> <span class='ocrx_word' id='word_1_187' title='bbox 1674 3678 1860 3755; x_wconf 85' lang='lat' dir='ltr'><strong>civitatem</strong></span> 
     </span>
     <span class='ocr_line' id='line_1_24' title="bbox 685 3796 1860 3894; baseline -0.002 -17"><span class='ocrx_word' id='word_1_188' title='bbox 685 3800 875 3893; x_wconf 81' lang='lat' dir='ltr'><strong>antiquam</strong></span> <span class='ocrx_word' id='word_1_189' title='bbox 901 3799 1039 3894; x_wconf 90' lang='lat' dir='ltr'><strong>Sipunti</strong></span> <span class='ocrx_word' id='word_1_190' title='bbox 1065 3798 1101 3871; x_wconf 89' lang='lat' dir='ltr'><strong>in</strong></span> <span class='ocrx_word' id='word_1_191' title='bbox 1127 3796 1268 3894; x_wconf 81' lang='lat' dir='ltr'><strong>Apulia,</strong></span> <span class='ocrx_word' id='word_1_192' title='bbox 1292 3817 1376 3891; x_wconf 76' lang='lat' dir='ltr'><strong>quae</strong></span> <span class='ocrx_word' id='word_1_193' title='bbox 1399 3806 1549 3892; x_wconf 88' lang='lat' dir='ltr'><strong>propter</strong></span> <span class='ocrx_word' id='word_1_194' title='bbox 1566 3798 1717 3892; x_wconf 88' lang='lat' dir='ltr'><strong>paludes</strong></span> <span class='ocrx_word' id='word_1_195' title='bbox 1744 3798 1860 3875; x_wconf 88' lang='lat' dir='ltr'><strong>babe-</strong></span> 
     </span>
     <span class='ocr_line' id='line_1_25' title="bbox 685 3918 1857 4015; baseline -0.002 -19"><span class='ocrx_word' id='word_1_196' title='bbox 685 3923 748 3996; x_wconf 81' lang='lat' dir='ltr'><strong>bat</strong></span> <span class='ocrx_word' id='word_1_197' title='bbox 764 3940 890 3995; x_wconf 86' lang='lat' dir='ltr'><strong>aerem</strong></span> <span class='ocrx_word' id='word_1_198' title='bbox 909 3918 1109 4013; x_wconf 85' lang='lat' dir='ltr'><strong>infirmum,</strong></span> <span class='ocrx_word' id='word_1_199' title='bbox 1127 3925 1165 3992; x_wconf 91' lang='lat' dir='ltr'><strong>et</strong></span> <span class='ocrx_word' id='word_1_200' title='bbox 1181 3918 1331 3992; x_wconf 88' lang='lat' dir='ltr'><strong>carebat</strong></span> <span class='ocrx_word' id='word_1_201' title='bbox 1344 3924 1469 4013; x_wconf 74' lang='lat' dir='ltr'><strong>portu,</strong></span> <span class='ocrx_word' id='word_1_202' title='bbox 1488 3924 1525 3991; x_wconf 88' lang='lat' dir='ltr'><strong>et</strong></span> <span class='ocrx_word' id='word_1_203' title='bbox 1542 3918 1728 3993; x_wconf 91' lang='lat' dir='ltr'><strong>transtulit</strong></span> <span class='ocrx_word' id='word_1_204' title='bbox 1744 3918 1857 4015; x_wconf 88' lang='lat' dir='ltr'><strong>ipsam</strong></span> 
     </span>
     <span class='ocr_line' id='line_1_26' title="bbox 685 4038 1863 4139; baseline -0.001 -22"><span class='ocrx_word' id='word_1_205' title='bbox 685 4043 794 4139; x_wconf 82' lang='lat' dir='ltr'><strong>longe</strong></span> <span class='ocrx_word' id='word_1_206' title='bbox 817 4062 885 4137; x_wconf 90' lang='lat' dir='ltr'><strong>per</strong></span> <span class='ocrx_word' id='word_1_207' title='bbox 908 4042 983 4116; x_wconf 92' lang='lat' dir='ltr'><strong>duu</strong></span> <span class='ocrx_word' id='word_1_208' title='bbox 1010 4039 1176 4114; x_wconf 92' lang='lat' dir='ltr'><strong>milliaria</strong></span> <span class='ocrx_word' id='word_1_209' title='bbox 1203 4038 1240 4112; x_wconf 91' lang='lat' dir='ltr'><strong>in</strong></span> <span class='ocrx_word' id='word_1_210' title='bbox 1266 4038 1343 4133; x_wconf 91' lang='lat' dir='ltr'><strong>ripa</strong></span> <span class='ocrx_word' id='word_1_211' title='bbox 1366 4038 1489 4132; x_wconf 88' lang='lat' dir='ltr'><strong>rueris,</strong></span> <span class='ocrx_word' id='word_1_212' title='bbox 1511 4058 1624 4132; x_wconf 86' lang='lat' dir='ltr'><strong>quam</strong></span> <span class='ocrx_word' id='word_1_213' title='bbox 1650 4059 1672 4112; x_wconf 91' lang='lat' dir='ltr'><strong>a</strong></span> <span class='ocrx_word' id='word_1_214' title='bbox 1695 4060 1766 4115; x_wconf 88' lang='lat' dir='ltr'><strong>suu</strong></span> <span class='ocrx_word' id='word_1_215' title='bbox 1790 4060 1863 4116; x_wconf 85' lang='lat' dir='ltr'><strong>uu-</strong></span> 
     </span>
     <span class='ocr_line' id='line_1_27' title="bbox 685 4156 1858 4254; baseline -0.001 -17"><span class='ocrx_word' id='word_1_216' title='bbox 685 4163 785 4237; x_wconf 89' lang='lat' dir='ltr'><strong>mine</strong></span> <span class='ocrx_word' id='word_1_217' title='bbox 808 4161 1092 4236; x_wconf 84' lang='lat' dir='ltr'><strong>Meuiredouiam</strong></span> <span class='ocrx_word' id='word_1_218' title='bbox 1118 4158 1286 4254; x_wconf 83' lang='lat' dir='ltr'><strong>vocavit3</strong></span> <span class='ocrx_word' id='word_1_219' title='bbox 1313 4164 1350 4233; x_wconf 92' lang='lat' dir='ltr'><strong>et</strong></span> <span class='ocrx_word' id='word_1_220' title='bbox 1375 4158 1459 4233; x_wconf 86' lang='lat' dir='ltr'><strong>lecit</strong></span> <span class='ocrx_word' id='word_1_221' title='bbox 1483 4156 1530 4231; x_wconf 89' lang='lat' dir='ltr'><strong>ibi</strong></span> <span class='ocrx_word' id='word_1_222' title='bbox 1548 4164 1696 4253; x_wconf 87' lang='lat' dir='ltr'><strong>portum</strong></span> <span class='ocrx_word' id='word_1_223' title='bbox 1714 4156 1750 4253; x_wconf 59' lang='grc' dir='ltr'><strong>Ρ)</strong></span> <span class='ocrx_word' id='word_1_224' title='bbox 1769 4180 1858 4236; x_wconf 88' lang='lat' dir='ltr'><strong>cum</strong></span> 
     </span>
    </p>
   </div>
   <div class='ocr_carea' id='block_1_3' title="bbox 680 4279 1862 4996">
    <p class='ocr_par' dir='ltr' id='par_1_3' title="bbox 680 4279 1862 4996">
     <span class='ocr_line' id='line_1_28' title="bbox 686 4279 1862 4378; baseline -0.002 -19"><span class='ocrx_word' id='word_1_225' title='bbox 686 4304 795 4359; x_wconf 87' lang='lat' dir='ltr'><strong>muru</strong></span> <span class='ocrx_word' id='word_1_226' title='bbox 819 4282 1043 4378; x_wconf 85' lang='lat' dir='ltr'><strong>amplissimo</strong></span> <span class='ocrx_word' id='word_1_227' title='bbox 1068 4282 1164 4355; x_wconf 91' lang='lat' dir='ltr'><strong>intra</strong></span> <span class='ocrx_word' id='word_1_228' title='bbox 1190 4298 1305 4374; x_wconf 87' lang='lat' dir='ltr'><strong>mare,</strong></span> <span class='ocrx_word' id='word_1_229' title='bbox 1333 4299 1444 4373; x_wconf 88' lang='lat' dir='ltr'><strong>quem</strong></span> <span class='ocrx_word' id='word_1_230' title='bbox 1473 4279 1614 4352; x_wconf 87' lang='lat' dir='ltr'><strong>molum</strong></span> <span class='ocrx_word' id='word_1_231' title='bbox 1641 4287 1793 4376; x_wconf 84' lang='lat' dir='ltr'><strong>vocaut3</strong></span> <span class='ocrx_word' id='word_1_232' title='bbox 1821 4289 1862 4357; x_wconf 91' lang='lat' dir='ltr'><strong>et</strong></span> 
     </span>
     <span class='ocr_line' id='line_1_29' title="bbox 682 4397 1859 4498; baseline -0.003 -18"><span class='ocrx_word' id='word_1_233' title='bbox 682 4403 856 4498; x_wconf 84' lang='lat' dir='ltr'><strong>breviter,</strong></span> <span class='ocrx_word' id='word_1_234' title='bbox 872 4409 992 4497; x_wconf 87' lang='lat' dir='ltr'><strong>potest</strong></span> <span class='ocrx_word' id='word_1_235' title='bbox 1015 4397 1085 4476; x_wconf 90' lang='lat' dir='ltr'><strong>dici</strong></span> <span class='ocrx_word' id='word_1_236' title='bbox 1110 4398 1157 4475; x_wconf 87' lang='lat' dir='ltr'><strong>dc</strong></span> <span class='ocrx_word' id='word_1_237' title='bbox 1182 4398 1368 4474; x_wconf 86' lang='lat' dir='ltr'><strong>llanlredn</strong></span> <span class='ocrx_word' id='word_1_238' title='bbox 1393 4399 1481 4472; x_wconf 94' lang='lat' dir='ltr'><strong>illud</strong></span> <span class='ocrx_word' id='word_1_239' title='bbox 1506 4398 1605 4492; x_wconf 87' lang='lat' dir='ltr'><strong>quod</strong></span> <span class='ocrx_word' id='word_1_240' title='bbox 1630 4399 1716 4474; x_wconf 85' lang='lat' dir='ltr'><strong>dicit</strong></span> <span class='ocrx_word' id='word_1_241' title='bbox 1734 4402 1859 4477; x_wconf 84' lang='lat' dir='ltr'><strong>Livius</strong></span> 
     </span>
     <span class='ocr_line' id='line_1_30' title="bbox 681 4520 1860 4615; baseline -0.003 -15"><span class='ocrx_word' id='word_1_242' title='bbox 681 4525 728 4600; x_wconf 93' lang='lat' dir='ltr'><strong>de</strong></span> <span class='ocrx_word' id='word_1_243' title='bbox 744 4520 961 4599; x_wconf 87' lang='lat' dir='ltr'><strong>Hannibale:</strong></span> <span class='ocrx_word' id='word_1_244' title='bbox 979 4528 1057 4595; x_wconf 82' lang='lat' dir='ltr'><strong>llus</strong></span> <span class='ocrx_word' id='word_1_245' title='bbox 1082 4528 1198 4595; x_wconf 78' lang='lat' dir='ltr'><strong>tantm</strong></span> <span class='ocrx_word' id='word_1_246' title='bbox 1223 4522 1291 4593; x_wconf 74' lang='lat' dir='ltr'><strong>anit</strong></span> <span class='ocrx_word' id='word_1_247' title='bbox 1316 4522 1456 4593; x_wconf 66' lang='lat' dir='ltr'><strong>weltes</strong></span> <span class='ocrx_word' id='word_1_248' title='bbox 1481 4539 1613 4610; x_wconf 80' lang='lat' dir='ltr'><strong>mupnn</strong></span> <span class='ocrx_word' id='word_1_249' title='bbox 1634 4523 1718 4595; x_wconf 78' lang='lat' dir='ltr'><strong>ta&#39;tta</strong></span> <span class='ocrx_word' id='word_1_250' title='bbox 1735 4540 1860 4615; x_wconf 72' lang='lat' dir='ltr'><strong>utqtta·</strong></span> 
     </span>
     <span class='ocr_line' id='line_1_31' title="bbox 681 4636 1860 4718; baseline -0.001 0"><span class='ocrx_word' id='word_1_251' title='bbox 681 4648 774 4718; x_wconf 81' lang='lat' dir='ltr'><strong>bant.</strong></span> <span class='ocrx_word' id='word_1_252' title='bbox 813 4644 878 4718; x_wconf 86' lang='lat' dir='ltr'><strong>llic</strong></span> <span class='ocrx_word' id='word_1_253' title='bbox 909 4642 1117 4718; x_wconf 85' lang='lat' dir='ltr'><strong>llaniredus</strong></span> <span class='ocrx_word' id='word_1_254' title='bbox 1156 4648 1264 4715; x_wconf 91' lang='lat' dir='ltr'><strong>natus</strong></span> <span class='ocrx_word' id='word_1_255' title='bbox 1302 4646 1436 4715; x_wconf 86' lang='lat' dir='ltr'><strong>estex</strong></span> <span class='ocrx_word' id='word_1_256' title='bbox 1474 4636 1585 4713; x_wconf 83' lang='lat' dir='ltr'><strong>nobili</strong></span> <span class='ocrx_word' id='word_1_257' title='bbox 1622 4639 1770 4717; x_wconf 87' lang='lat' dir='ltr'><strong>domina</strong></span> <span class='ocrx_word' id='word_1_258' title='bbox 1810 4640 1860 4717; x_wconf 85' lang='lat' dir='ltr'><strong>de</strong></span> 
     </span>
     <span class='ocr_line' id='line_1_32' title="bbox 680 4760 1855 4853; baseline -0.003 -14"><span class='ocrx_word' id='word_1_259' title='bbox 680 4762 948 4839; x_wconf 84' lang='lat' dir='ltr'><strong>Marcbionibus</strong></span> <span class='ocrx_word' id='word_1_260' title='bbox 965 4763 1002 4835; x_wconf 91' lang='lat' dir='ltr'><strong>in</strong></span> <span class='ocrx_word' id='word_1_261' title='bbox 1019 4761 1251 4853; x_wconf 88' lang='lat' dir='ltr'><strong>Lumbardia,</strong></span> <span class='ocrx_word' id='word_1_262' title='bbox 1276 4781 1363 4835; x_wconf 89' lang='lat' dir='ltr'><strong>cum</strong></span> <span class='ocrx_word' id='word_1_263' title='bbox 1381 4782 1455 4853; x_wconf 90' lang='lat' dir='ltr'><strong>qua</strong></span> <span class='ocrx_word' id='word_1_264' title='bbox 1473 4760 1669 4835; x_wconf 87' lang='lat' dir='ltr'><strong>Federicus</strong></span> <span class='ocrx_word' id='word_1_265' title='bbox 1689 4781 1768 4835; x_wconf 88' lang='lat' dir='ltr'><strong>rem</strong></span> <span class='ocrx_word' id='word_1_266' title='bbox 1788 4763 1855 4836; x_wconf 85' lang='lat' dir='ltr'><strong>ba-</strong></span> 
     </span>
     <span class='ocr_line' id='line_1_33' title="bbox 680 4876 1858 4996; baseline -0.003 -38"><span class='ocrx_word' id='word_1_267' title='bbox 680 4885 769 4959; x_wconf 91' lang='lat' dir='ltr'><strong>buit.</strong></span> <span class='ocrx_word' id='word_1_268' title='bbox 799 4884 847 4996; x_wconf 66' lang='lat' dir='ltr'><strong>Et</strong></span> <span class='ocrx_word' id='word_1_269' title='bbox 875 4881 962 4977; x_wconf 82' lang='lat' dir='ltr'><strong>quia</strong></span> <span class='ocrx_word' id='word_1_270' title='bbox 993 4890 1101 4978; x_wconf 89' lang='lat' dir='ltr'><strong>poeta</strong></span> <span class='ocrx_word' id='word_1_271' title='bbox 1139 4882 1312 4979; x_wconf 87' lang='lat' dir='ltr'><strong>tetigerat</strong></span> <span class='ocrx_word' id='word_1_272' title='bbox 1348 4880 1630 4976; x_wconf 87' lang='lat' dir='ltr'><strong>pulcritudinem</strong></span> <span class='ocrx_word' id='word_1_273' title='bbox 1668 4876 1858 4977; x_wconf 83' lang='lat' dir='ltr'><strong>Manlredi,</strong></span> 
     </span>
    </p>
   </div>
   <div class='ocr_carea' id='block_1_4' title="bbox 739 5132 1497 5199">
    <p class='ocr_par' dir='ltr' id='par_1_4' title="bbox 739 5132 1497 5199">
     <span class='ocr_line' id='line_1_34' title="bbox 739 5132 1497 5199; baseline -0.004 -13"><span class='ocrx_word' id='word_1_274' title='bbox 739 5135 767 5199; x_wconf 83' lang='lat'><strong>(¹)</strong></span> <span class='ocrx_word' id='word_1_275' title='bbox 782 5139 839 5195; x_wconf 80' lang='lat'><strong>1¹⁷,</strong></span> <span class='ocrx_word' id='word_1_276' title='bbox 855 5138 961 5196; x_wconf 79' lang='lat' dir='ltr'><strong>portum</strong></span> <span class='ocrx_word' id='word_1_277' title='bbox 977 5133 1168 5197; x_wconf 81' lang='lat' dir='ltr'><strong>pulcerrimum</strong></span> <span class='ocrx_word' id='word_1_278' title='bbox 1184 5146 1263 5197; x_wconf 78' lang='lat' dir='ltr'><strong>quem</strong></span> <span class='ocrx_word' id='word_1_279' title='bbox 1279 5132 1380 5184; x_wconf 83' lang='lat' dir='ltr'><strong>melum</strong></span> <span class='ocrx_word' id='word_1_280' title='bbox 1395 5138 1497 5184; x_wconf 77' lang='lat' dir='ltr'><strong>retunt.</strong></span> 
     </span>
    </p>
   </div>
   <div class='ocr_carea' id='block_1_5' title="bbox 0 0 2276 6842">
    <p class='ocr_par' dir='ltr' id='par_1_5' title="bbox 0 0 2276 6842">
     <span class='ocr_line' id='line_1_35' title="bbox 0 0 2276 6842; baseline 0 3"><span class='ocrx_word' id='word_1_281' title='bbox 0 0 2276 6842; x_wconf 95' lang='lat' dir='ltr'><strong> </strong></span> 
     </span>
    </p>
   </div>
  </div>
 </body>
</html>
