<?xml version="1.0" encoding="UTF-8"?>
<!DOCTYPE html PUBLIC "-//W3C//DTD XHTML 1.0 Transitional//EN"
    "http://www.w3.org/TR/xhtml1/DTD/xhtml1-transitional.dtd">
<html xmlns="http://www.w3.org/1999/xhtml" xml:lang="en" lang="en">
 <head>
  <title>
</title>
<meta http-equiv="Content-Type" content="text/html;charset=utf-8" />
  <meta name='ocr-system' content='tesseract 3.04.00' />
  <meta name='ocr-capabilities' content='ocr_page ocr_carea ocr_par ocr_line ocrx_word'/>
</head>
<body>
  <div class='ocr_page' id='page_1' title='image "./comentumsuperda01unkngoog_0233.png"; bbox 0 0 4542 6842; ppageno 0'>
   <div class='ocr_carea' id='block_1_1' title="bbox 782 930 1544 1004">
    <p class='ocr_par' dir='ltr' id='par_1_1' title="bbox 782 930 1544 1004">
     <span class='ocr_line' id='line_1_1' title="bbox 782 930 1544 1004; baseline -0.008 -1"><span class='ocrx_word' id='word_1_1' title='bbox 782 947 920 1003; x_wconf 76' lang='lat' dir='ltr'><strong>cunnos</strong></span> <span class='ocrx_word' id='word_1_2' title='bbox 945 948 1129 1004; x_wconf 84' lang='lat' dir='ltr'><strong>snrrruus.</strong></span> <span class='ocrx_word' id='word_1_3' title='bbox 1474 930 1544 999; x_wconf 75' lang='lat'><strong>209</strong></span> 
     </span>
    </p>
   </div>
   <div class='ocr_carea' id='block_1_2' title="bbox 375 1092 1549 2151">
    <p class='ocr_par' dir='ltr' id='par_1_2' title="bbox 375 1092 1549 2151">
     <span class='ocr_line' id='line_1_2' title="bbox 375 1092 1545 1189; baseline -0.003 -21"><span class='ocrx_word' id='word_1_4' title='bbox 375 1093 543 1189; x_wconf 82' lang='lat' dir='ltr'>visiones,</span> <span class='ocrx_word' id='word_1_5' title='bbox 560 1095 717 1167; x_wconf 76' lang='lat' dir='ltr'><strong>dbomro</strong></span> <span class='ocrx_word' id='word_1_6' title='bbox 733 1096 839 1167; x_wconf 78' lang='lat' dir='ltr'><strong>Italic</strong></span> <span class='ocrx_word' id='word_1_7' title='bbox 858 1102 996 1188; x_wconf 84' lang='lat' dir='ltr'><strong>mortn;</strong></span> <span class='ocrx_word' id='word_1_8' title='bbox 1022 1094 1071 1169; x_wconf 93' lang='lat' dir='ltr'><strong>ita</strong></span> <span class='ocrx_word' id='word_1_9' title='bbox 1097 1092 1196 1188; x_wconf 93' lang='lat' dir='ltr'><strong>quod</strong></span> <span class='ocrx_word' id='word_1_10' title='bbox 1222 1092 1316 1166; x_wconf 82' lang='lat' dir='ltr'><strong>forte</strong></span> <span class='ocrx_word' id='word_1_11' title='bbox 1341 1111 1545 1186; x_wconf 82' lang='lat' dir='ltr'><strong>numquam</strong></span> 
     </span>
     <span class='ocr_line' id='line_1_3' title="bbox 375 1205 1549 1309; baseline -0.003 -22"><span class='ocrx_word' id='word_1_12' title='bbox 375 1214 579 1309; x_wconf 81' lang='lat' dir='ltr'>reviviscet,</span> <span class='ocrx_word' id='word_1_13' title='bbox 604 1205 635 1287; x_wconf 77' lang='lat' dir='ltr'><strong>si</strong></span> <span class='ocrx_word' id='word_1_14' title='bbox 664 1215 723 1287; x_wconf 79' lang='lat' dir='ltr'><strong>cm</strong></span> <span class='ocrx_word' id='word_1_15' title='bbox 751 1216 848 1289; x_wconf 85' lang='lat' dir='ltr'><strong>turdi</strong></span> <span class='ocrx_word' id='word_1_16' title='bbox 873 1235 941 1306; x_wconf 81' lang='lat' dir='ltr'><strong>per</strong></span> <span class='ocrx_word' id='word_1_17' title='bbox 968 1217 1053 1289; x_wconf 86' lang='lat' dir='ltr'><strong>altri</strong></span> <span class='ocrx_word' id='word_1_18' title='bbox 1079 1218 1112 1288; x_wconf 83' lang='lat' dir='ltr'><strong>si</strong></span> <span class='ocrx_word' id='word_1_19' title='bbox 1141 1216 1273 1305; x_wconf 68' lang='lat' dir='ltr'><strong>rimam</strong></span> <span class='ocrx_word' id='word_1_20' title='bbox 1303 1212 1405 1306; x_wconf 80' lang='lat' dir='ltr'><strong>idest,</strong></span> <span class='ocrx_word' id='word_1_21' title='bbox 1431 1210 1549 1286; x_wconf 88' lang='lat' dir='ltr'><strong>reior-</strong></span> 
     </span>
     <span class='ocr_line' id='line_1_4' title="bbox 375 1332 1547 1430; baseline -0.003 -21"><span class='ocrx_word' id='word_1_22' title='bbox 375 1341 500 1409; x_wconf 87' lang='lat' dir='ltr'><strong>matur</strong></span> <span class='ocrx_word' id='word_1_23' title='bbox 526 1354 592 1430; x_wconf 91' lang='lat' dir='ltr'><strong>per</strong></span> <span class='ocrx_word' id='word_1_24' title='bbox 616 1334 815 1409; x_wconf 89' lang='lat' dir='ltr'><strong>chricum</strong></span> <span class='ocrx_word' id='word_1_25' title='bbox 841 1334 1101 1429; x_wconf 77' lang='lat' dir='ltr'><strong>imperatorem</strong></span> <span class='ocrx_word' id='word_1_26' title='bbox 1128 1334 1175 1409; x_wconf 87' lang='lat' dir='ltr'><strong>do</strong></span> <span class='ocrx_word' id='word_1_27' title='bbox 1199 1333 1457 1430; x_wconf 85' lang='lat' dir='ltr'><strong>Lucimborgo‚</strong></span> <span class='ocrx_word' id='word_1_28' title='bbox 1484 1332 1547 1428; x_wconf 87' lang='lat' dir='ltr'><strong>qui</strong></span> 
     </span>
     <span class='ocr_line' id='line_1_5' title="bbox 375 1453 1548 1550; baseline 0.001 -24"><span class='ocrx_word' id='word_1_29' title='bbox 375 1454 460 1529; x_wconf 84' lang='lat' dir='ltr'><strong>licet</strong></span> <span class='ocrx_word' id='word_1_30' title='bbox 484 1454 721 1530; x_wconf 79' lang='lat' dir='ltr'><strong>descenderet</strong></span> <span class='ocrx_word' id='word_1_31' title='bbox 746 1475 832 1529; x_wconf 91' lang='lat' dir='ltr'><strong>cum</strong></span> <span class='ocrx_word' id='word_1_32' title='bbox 859 1456 956 1529; x_wconf 91' lang='lat' dir='ltr'><strong>bono</strong></span> <span class='ocrx_word' id='word_1_33' title='bbox 989 1454 1123 1547; x_wconf 88' lang='lat' dir='ltr'><strong>animo,</strong></span> <span class='ocrx_word' id='word_1_34' title='bbox 1151 1474 1224 1527; x_wconf 93' lang='lat' dir='ltr'><strong>non</strong></span> <span class='ocrx_word' id='word_1_35' title='bbox 1254 1453 1372 1549; x_wconf 92' lang='lat' dir='ltr'><strong>potuit</strong></span> <span class='ocrx_word' id='word_1_36' title='bbox 1402 1453 1548 1550; x_wconf 84' lang='lat' dir='ltr'><strong>erigere</strong></span> 
     </span>
     <span class='ocr_line' id='line_1_6' title="bbox 375 1562 1547 1671; baseline 0.001 -24"><span class='ocrx_word' id='word_1_37' title='bbox 375 1575 527 1670; x_wconf 82' lang='lat' dir='ltr'><strong>ltaliam,</strong></span> <span class='ocrx_word' id='word_1_38' title='bbox 556 1583 596 1650; x_wconf 91' lang='lat' dir='ltr'><strong>ut</strong></span> <span class='ocrx_word' id='word_1_39' title='bbox 621 1562 761 1651; x_wconf 86' lang='lat' dir='ltr'><strong>tactum</strong></span> <span class='ocrx_word' id='word_1_40' title='bbox 787 1581 843 1650; x_wconf 85' lang='lat' dir='ltr'><strong>cst</strong></span> <span class='ocrx_word' id='word_1_41' title='bbox 867 1575 904 1648; x_wconf 94' lang='lat' dir='ltr'><strong>in</strong></span> <span class='ocrx_word' id='word_1_42' title='bbox 930 1573 1149 1671; x_wconf 75' lang='lat' dir='ltr'><strong>precedenti</strong></span> <span class='ocrx_word' id='word_1_43' title='bbox 1166 1573 1338 1668; x_wconf 87' lang='lat' dir='ltr'><strong>capitulo,</strong></span> <span class='ocrx_word' id='word_1_44' title='bbox 1359 1580 1396 1648; x_wconf 85' lang='lat' dir='ltr'><strong>ct</strong></span> <span class='ocrx_word' id='word_1_45' title='bbox 1417 1581 1547 1670; x_wconf 72' lang='lat' dir='ltr'><strong>tange·</strong></span> 
     </span>
     <span class='ocr_line' id='line_1_7' title="bbox 375 1692 1547 1791; baseline -0.005 -18"><span class='ocrx_word' id='word_1_46' title='bbox 375 1704 438 1773; x_wconf 92' lang='lat' dir='ltr'><strong>tur</strong></span> <span class='ocrx_word' id='word_1_47' title='bbox 463 1694 606 1789; x_wconf 85' lang='lat' dir='ltr'><strong>plenius</strong></span> <span class='ocrx_word' id='word_1_48' title='bbox 630 1695 788 1791; x_wconf 88' lang='lat' dir='ltr'><strong>capitulo</strong></span> <span class='ocrx_word' id='word_1_49' title='bbox 814 1695 915 1769; x_wconf 85' lang='lat' dir='ltr'><strong>XXX</strong></span> <span class='ocrx_word' id='word_1_50' title='bbox 940 1692 1111 1768; x_wconf 86' lang='lat' dir='ltr'><strong>Paradisi.</strong></span> <span class='ocrx_word' id='word_1_51' title='bbox 1125 1732 1176 1747; x_wconf 89' lang='lat'><em>-</em></span> <span class='ocrx_word' id='word_1_52' title='bbox 1189 1696 1343 1767; x_wconf 75' lang='lat' dir='ltr'><strong>L&#39;ouro.</strong></span> <span class='ocrx_word' id='word_1_53' title='bbox 1368 1693 1434 1769; x_wconf 89' lang='lat' dir='ltr'><strong>llic</strong></span> <span class='ocrx_word' id='word_1_54' title='bbox 1459 1693 1547 1767; x_wconf 91' lang='lat' dir='ltr'><strong>Sor-</strong></span> 
     </span>
     <span class='ocr_line' id='line_1_8' title="bbox 376 1812 1548 1910; baseline -0.003 -20"><span class='ocrx_word' id='word_1_55' title='bbox 376 1816 492 1891; x_wconf 91' lang='lat' dir='ltr'><strong>dellns</strong></span> <span class='ocrx_word' id='word_1_56' title='bbox 518 1816 682 1893; x_wconf 89' lang='lat' dir='ltr'><strong>nominat</strong></span> <span class='ocrx_word' id='word_1_57' title='bbox 707 1815 833 1908; x_wconf 89' lang='lat' dir='ltr'><strong>alium,</strong></span> <span class='ocrx_word' id='word_1_58' title='bbox 851 1814 987 1889; x_wconf 86' lang='lat' dir='ltr'><strong>scilicet</strong></span> <span class='ocrx_word' id='word_1_59' title='bbox 1004 1834 1130 1910; x_wconf 83' lang='lat' dir='ltr'><strong>regem</strong></span> <span class='ocrx_word' id='word_1_60' title='bbox 1156 1813 1355 1907; x_wconf 82' lang='lat' dir='ltr'><strong>Bobemiae,</strong></span> <span class='ocrx_word' id='word_1_61' title='bbox 1376 1813 1462 1908; x_wconf 86' lang='lat' dir='ltr'><strong>quia</strong></span> <span class='ocrx_word' id='word_1_62' title='bbox 1479 1812 1548 1887; x_wconf 85' lang='lat' dir='ltr'><strong>luit</strong></span> 
     </span>
     <span class='ocr_line' id='line_1_9' title="bbox 375 1934 1548 2033; baseline -0.003 -21"><span class='ocrx_word' id='word_1_63' title='bbox 375 1957 492 2033; x_wconf 79' lang='lat' dir='ltr'><strong>gener</strong></span> <span class='ocrx_word' id='word_1_64' title='bbox 516 1936 600 2011; x_wconf 90' lang='lat' dir='ltr'><strong>dicti</strong></span> <span class='ocrx_word' id='word_1_65' title='bbox 629 1935 822 2029; x_wconf 85' lang='lat' dir='ltr'><strong>Rodulpbi,</strong></span> <span class='ocrx_word' id='word_1_66' title='bbox 855 1940 892 2009; x_wconf 86' lang='lat' dir='ltr'><strong>ot</strong></span> <span class='ocrx_word' id='word_1_67' title='bbox 921 1934 1050 2009; x_wconf 88' lang='lat' dir='ltr'><strong>eodem</strong></span> <span class='ocrx_word' id='word_1_68' title='bbox 1078 1942 1256 2030; x_wconf 82' lang='lat' dir='ltr'><strong>tempore,</strong></span> <span class='ocrx_word' id='word_1_69' title='bbox 1286 1934 1371 2009; x_wconf 91' lang='lat' dir='ltr'><strong>satis</strong></span> <span class='ocrx_word' id='word_1_70' title='bbox 1402 1939 1548 2030; x_wconf 67' lang='lat' dir='ltr'><strong>magnae</strong></span> 
     </span>
     <span class='ocr_line' id='line_1_10' title="bbox 376 2056 1547 2151; baseline -0.004 -20"><span class='ocrx_word' id='word_1_71' title='bbox 376 2056 544 2150; x_wconf 84' lang='lat' dir='ltr'><strong>virtutis3</strong></span> <span class='ocrx_word' id='word_1_72' title='bbox 570 2056 655 2130; x_wconf 86' lang='lat' dir='ltr'><strong>dicit</strong></span> <span class='ocrx_word' id='word_1_73' title='bbox 680 2075 793 2151; x_wconf 81' lang='lat' dir='ltr'><strong>ergo:</strong></span> <span class='ocrx_word' id='word_1_74' title='bbox 820 2057 960 2150; x_wconf 75' lang='lat' dir='ltr'><strong>razon,</strong></span> <span class='ocrx_word' id='word_1_75' title='bbox 981 2056 1127 2151; x_wconf 86' lang='lat' dir='ltr'><strong>scilicet,</strong></span> <span class='ocrx_word' id='word_1_76' title='bbox 1156 2076 1234 2149; x_wconf 82' lang='lat' dir='ltr'><strong>rex,</strong></span> <span class='ocrx_word' id='word_1_77' title='bbox 1255 2058 1315 2129; x_wconf 78' lang='lat' dir='ltr'><strong>cire</strong></span> <span class='ocrx_word' id='word_1_78' title='bbox 1338 2059 1432 2129; x_wconf 77' lang='lat' dir='ltr'><strong>neila</strong></span> <span class='ocrx_word' id='word_1_79' title='bbox 1456 2058 1547 2129; x_wconf 79' lang='lat' dir='ltr'><strong>cirta</strong></span> 
     </span>
    </p>
   </div>
   <div class='ocr_carea' id='block_1_3' title="bbox 223 2174 1687 2391">
    <p class='ocr_par' dir='ltr' id='par_1_3' title="bbox 223 2174 1687 2391">
     <span class='ocr_line' id='line_1_11' title="bbox 376 2174 1687 2281; baseline 0 -32"><span class='ocrx_word' id='word_1_80' title='bbox 376 2179 425 2249; x_wconf 85' lang='lat' dir='ltr'><strong>tui</strong></span> <span class='ocrx_word' id='word_1_81' title='bbox 447 2181 622 2270; x_wconf 78' lang='lat' dir='ltr'><strong>conforta,</strong></span> <span class='ocrx_word' id='word_1_82' title='bbox 649 2176 743 2250; x_wconf 89' lang='lat' dir='ltr'><strong>sicut</strong></span> <span class='ocrx_word' id='word_1_83' title='bbox 767 2176 1039 2251; x_wconf 75' lang='lat' dir='ltr'><strong>confortaverat</strong></span> <span class='ocrx_word' id='word_1_84' title='bbox 1067 2196 1155 2251; x_wconf 88' lang='lat' dir='ltr'><strong>eum</strong></span> <span class='ocrx_word' id='word_1_85' title='bbox 1186 2177 1223 2250; x_wconf 94' lang='lat' dir='ltr'><strong>in</strong></span> <span class='ocrx_word' id='word_1_86' title='bbox 1256 2176 1342 2271; x_wconf 85' lang='lat' dir='ltr'><strong>vita,</strong></span> <span class='ocrx_word' id='word_1_87' title='bbox 1368 2182 1410 2250; x_wconf 87' lang='lat' dir='ltr'><strong>ut</strong></span> <span class='ocrx_word' id='word_1_88' title='bbox 1435 2174 1548 2271; x_wconf 88' lang='lat' dir='ltr'><strong>perii-</strong></span> <span class='ocrx_word' id='word_1_89' title='bbox 1683 2274 1687 2281; x_wconf 18' lang='lat'>¹</span> 
     </span>
     <span class='ocr_line' id='line_1_12' title="bbox 223 2295 1547 2391; baseline -0.002 -20"><span class='ocrx_word' id='word_1_90' title='bbox 223 2338 224 2341; x_wconf 15' lang='grc' dir='ltr'><strong><em>κ</em></strong></span> <span class='ocrx_word' id='word_1_91' title='bbox 377 2302 479 2371; x_wconf 87' lang='lat' dir='ltr'><strong>ceret</strong></span> <span class='ocrx_word' id='word_1_92' title='bbox 503 2295 597 2369; x_wconf 84' lang='lat' dir='ltr'><strong>dicta</strong></span> <span class='ocrx_word' id='word_1_93' title='bbox 621 2316 690 2370; x_wconf 90' lang='lat' dir='ltr'><strong>sua</strong></span> <span class='ocrx_word' id='word_1_94' title='bbox 710 2295 843 2390; x_wconf 84' lang='lat' dir='ltr'><strong>debita,</strong></span> <span class='ocrx_word' id='word_1_95' title='bbox 860 2317 955 2370; x_wconf 84' lang='lat' dir='ltr'><strong>resse</strong></span> <span class='ocrx_word' id='word_1_96' title='bbox 972 2300 1008 2370; x_wconf 84' lang='lat' dir='ltr'><strong>lo</strong></span> <span class='ocrx_word' id='word_1_97' title='bbox 1025 2304 1136 2386; x_wconf 74' lang='lat' dir='ltr'><strong>tora,</strong></span> <span class='ocrx_word' id='word_1_98' title='bbox 1154 2296 1300 2391; x_wconf 86' lang='lat' dir='ltr'><strong>scilicet,</strong></span> <span class='ocrx_word' id='word_1_99' title='bbox 1317 2297 1547 2389; x_wconf 88' lang='lat' dir='ltr'><strong>Bobemiam,</strong></span> 
     </span>
    </p>
   </div>
   <div class='ocr_carea' id='block_1_4' title="bbox 331 2415 1648 3111">
    <p class='ocr_par' dir='ltr' id='par_1_4' title="bbox 331 2415 1648 3111">
     <span class='ocr_line' id='line_1_13' title="bbox 377 2415 1648 2511; baseline -0.002 -21"><span class='ocrx_word' id='word_1_100' title='bbox 377 2436 491 2511; x_wconf 84' lang='lat' dir='ltr'><strong>quam</strong></span> <span class='ocrx_word' id='word_1_101' title='bbox 516 2415 733 2490; x_wconf 79' lang='lat' dir='ltr'><strong>describite</strong></span> <span class='ocrx_word' id='word_1_102' title='bbox 758 2416 970 2489; x_wconf 83' lang='lat' dir='ltr'><strong>fluminibus</strong></span> <span class='ocrx_word' id='word_1_103' title='bbox 995 2416 1082 2509; x_wconf 88' lang='lat' dir='ltr'><strong>suis,</strong></span> <span class='ocrx_word' id='word_1_104' title='bbox 1107 2415 1254 2491; x_wconf 88' lang='lat' dir='ltr'><strong>dicens:</strong></span> <span class='ocrx_word' id='word_1_105' title='bbox 1284 2419 1374 2489; x_wconf 82' lang='lat' dir='ltr'><strong>dove</strong></span> <span class='ocrx_word' id='word_1_106' title='bbox 1398 2420 1421 2490; x_wconf 88' lang='lat' dir='ltr'><strong>t&#39;</strong></span> <span class='ocrx_word' id='word_1_107' title='bbox 1434 2437 1548 2508; x_wconf 73' lang='lat' dir='ltr'><strong>arcuo</strong></span> <span class='ocrx_word' id='word_1_108' title='bbox 1643 2470 1648 2475; x_wconf 82' lang='grc'><strong>-</strong></span> 
     </span>
     <span class='ocr_line' id='line_1_14' title="bbox 377 2528 1547 2629; baseline 0 -19"><span class='ocrx_word' id='word_1_109' title='bbox 377 2557 495 2628; x_wconf 80' lang='lat' dir='ltr'><strong>nosce,</strong></span> <span class='ocrx_word' id='word_1_110' title='bbox 508 2535 653 2629; x_wconf 89' lang='lat' dir='ltr'><strong>scilicet,</strong></span> <span class='ocrx_word' id='word_1_111' title='bbox 671 2536 804 2611; x_wconf 81' lang='lat' dir='ltr'><strong>fluvius</strong></span> <span class='ocrx_word' id='word_1_112' title='bbox 821 2536 990 2611; x_wconf 87' lang='lat' dir='ltr'><strong>Molottus</strong></span> <span class='ocrx_word' id='word_1_113' title='bbox 998 2528 1048 2629; x_wconf 88' lang='lat'><strong>(¹),</strong></span> <span class='ocrx_word' id='word_1_114' title='bbox 1061 2537 1121 2609; x_wconf 83' lang='lat' dir='ltr'><strong>cie</strong></span> <span class='ocrx_word' id='word_1_115' title='bbox 1134 2543 1254 2609; x_wconf 80' lang='lat' dir='ltr'><strong>amoto</strong></span> <span class='ocrx_word' id='word_1_116' title='bbox 1264 2539 1302 2609; x_wconf 85' lang='lat' dir='ltr'><strong>in</strong></span> <span class='ocrx_word' id='word_1_117' title='bbox 1314 2537 1430 2626; x_wconf 77' lang='lat' dir='ltr'><strong>Albio,</strong></span> <span class='ocrx_word' id='word_1_118' title='bbox 1444 2536 1547 2629; x_wconf 89' lang='lat' dir='ltr'><strong>idest,</strong></span> 
     </span>
     <span class='ocr_line' id='line_1_15' title="bbox 331 2655 1549 2752; baseline -0.002 -20"><span class='ocrx_word' id='word_1_119' title='bbox 331 2692 333 2695; x_wconf 95' lang='lat'>·</span> <span class='ocrx_word' id='word_1_120' title='bbox 379 2676 551 2752; x_wconf 81' lang='lat' dir='ltr'><strong>expressa</strong></span> <span class='ocrx_word' id='word_1_121' title='bbox 576 2655 737 2729; x_wconf 83' lang='lat' dir='ltr'><strong>inferius.</strong></span> <span class='ocrx_word' id='word_1_122' title='bbox 764 2656 866 2730; x_wconf 78' lang='lat' dir='ltr'><strong>Albia</strong></span> <span class='ocrx_word' id='word_1_123' title='bbox 892 2663 947 2731; x_wconf 91' lang='lat' dir='ltr'><strong>est</strong></span> <span class='ocrx_word' id='word_1_124' title='bbox 971 2655 1122 2749; x_wconf 84' lang='lat' dir='ltr'><strong>tiumen,</strong></span> <span class='ocrx_word' id='word_1_125' title='bbox 1149 2656 1248 2749; x_wconf 90' lang='lat' dir='ltr'><strong>quod</strong></span> <span class='ocrx_word' id='word_1_126' title='bbox 1281 2655 1470 2731; x_wconf 84' lang='lat' dir='ltr'><strong>derivatur</strong></span> <span class='ocrx_word' id='word_1_127' title='bbox 1500 2656 1549 2729; x_wconf 88' lang='lat' dir='ltr'><strong>ab</strong></span> 
     </span>
     <span class='ocr_line' id='line_1_16' title="bbox 378 2774 1546 2875; baseline -0.003 -24"><span class='ocrx_word' id='word_1_128' title='bbox 378 2774 606 2875; x_wconf 77' lang='lat' dir='ltr'><strong>Alamannia,</strong></span> <span class='ocrx_word' id='word_1_129' title='bbox 631 2775 677 2850; x_wconf 90' lang='lat' dir='ltr'><strong>de</strong></span> <span class='ocrx_word' id='word_1_130' title='bbox 703 2797 778 2870; x_wconf 87' lang='lat' dir='ltr'><strong>quo</strong></span> <span class='ocrx_word' id='word_1_131' title='bbox 803 2774 973 2850; x_wconf 89' lang='lat' dir='ltr'><strong>Lucanus</strong></span> <span class='ocrx_word' id='word_1_132' title='bbox 998 2776 1035 2849; x_wconf 95' lang='lat' dir='ltr'><strong>in</strong></span> <span class='ocrx_word' id='word_1_133' title='bbox 1061 2775 1233 2851; x_wconf 84' lang='lat' dir='ltr'><strong>secundo.</strong></span> <span class='ocrx_word' id='word_1_134' title='bbox 1252 2776 1316 2850; x_wconf 90' lang='lat' dir='ltr'><strong>Vel</strong></span> <span class='ocrx_word' id='word_1_135' title='bbox 1342 2775 1546 2851; x_wconf 88' lang='lat' dir='ltr'><strong>secundum</strong></span> 
     </span>
     <span class='ocr_line' id='line_1_17' title="bbox 378 2894 1548 2993; baseline -0.003 -21"><span class='ocrx_word' id='word_1_136' title='bbox 378 2896 489 2972; x_wconf 85' lang='lat' dir='ltr'><strong>uliam</strong></span> <span class='ocrx_word' id='word_1_137' title='bbox 516 2894 660 2971; x_wconf 82' lang='lat' dir='ltr'><strong>literam</strong></span> <span class='ocrx_word' id='word_1_138' title='bbox 687 2897 795 2969; x_wconf 82' lang='lat' dir='ltr'><strong>molto</strong></span> <span class='ocrx_word' id='word_1_139' title='bbox 823 2915 845 2969; x_wconf 93' lang='lat' dir='ltr'><strong>a</strong></span> <span class='ocrx_word' id='word_1_140' title='bbox 877 2896 1037 2993; x_wconf 79' lang='lat' dir='ltr'><strong>mulgeo,</strong></span> <span class='ocrx_word' id='word_1_141' title='bbox 1063 2895 1157 2969; x_wconf 93' lang='lat' dir='ltr'><strong>sicut</strong></span> <span class='ocrx_word' id='word_1_142' title='bbox 1186 2902 1353 2971; x_wconf 70' lang='lat' dir='ltr'><strong>monica</strong></span> <span class='ocrx_word' id='word_1_143' title='bbox 1383 2905 1548 2991; x_wconf 82' lang='lat' dir='ltr'><strong>mungo&#39;3</strong></span> 
     </span>
     <span class='ocr_line' id='line_1_18' title="bbox 379 3014 1547 3111; baseline -0.003 -20"><span class='ocrx_word' id='word_1_144' title='bbox 379 3017 439 3091; x_wconf 82' lang='lat' dir='ltr'><strong>vel</strong></span> <span class='ocrx_word' id='word_1_145' title='bbox 464 3022 519 3090; x_wconf 88' lang='lat' dir='ltr'><strong>ost</strong></span> <span class='ocrx_word' id='word_1_146' title='bbox 543 3015 662 3111; x_wconf 91' lang='lat' dir='ltr'><strong>ipsum</strong></span> <span class='ocrx_word' id='word_1_147' title='bbox 689 3022 826 3089; x_wconf 89' lang='lat' dir='ltr'><strong>nomen</strong></span> <span class='ocrx_word' id='word_1_148' title='bbox 855 3014 980 3108; x_wconf 90' lang='lat' dir='ltr'><strong>tiuvii;</strong></span> <span class='ocrx_word' id='word_1_149' title='bbox 1004 3022 1038 3087; x_wconf 83' lang='lat' dir='ltr'><strong>et</strong></span> <span class='ocrx_word' id='word_1_150' title='bbox 1060 3016 1163 3089; x_wconf 78' lang='lat' dir='ltr'><strong>didio</strong></span> <span class='ocrx_word' id='word_1_151' title='bbox 1192 3017 1231 3087; x_wconf 84' lang='lat' dir='ltr'><strong>io</strong></span> <span class='ocrx_word' id='word_1_152' title='bbox 1259 3035 1340 3088; x_wconf 87' lang='lat' dir='ltr'><strong>mur</strong></span> <span class='ocrx_word' id='word_1_153' title='bbox 1364 3037 1409 3088; x_wconf 80' lang='lat' dir='ltr'><strong>ne</strong></span> <span class='ocrx_word' id='word_1_154' title='bbox 1427 3023 1547 3108; x_wconf 85' lang='lat' dir='ltr'><strong>porto.</strong></span> 
     </span>
    </p>
   </div>
   <div class='ocr_carea' id='block_1_5' title="bbox 379 3127 1743 3248">
    <p class='ocr_par' dir='ltr' id='par_1_5' title="bbox 379 3127 1743 3248">
     <span class='ocr_line' id='line_1_19' title="bbox 379 3127 1743 3248; baseline -0.001 -37"><span class='ocrx_word' id='word_1_155' title='bbox 379 3127 494 3229; x_wconf 59' lang='lat' dir='ltr'><strong>listffi</strong></span> <span class='ocrx_word' id='word_1_156' title='bbox 518 3136 653 3210; x_wconf 86' lang='lat' dir='ltr'><strong>tiuvius</strong></span> <span class='ocrx_word' id='word_1_157' title='bbox 678 3156 847 3231; x_wconf 80' lang='lat' dir='ltr'><strong>magum,</strong></span> <span class='ocrx_word' id='word_1_158' title='bbox 878 3134 942 3230; x_wconf 87' lang='lat' dir='ltr'><strong>qui</strong></span> <span class='ocrx_word' id='word_1_159' title='bbox 971 3136 1106 3210; x_wconf 90' lang='lat' dir='ltr'><strong>labitur</strong></span> <span class='ocrx_word' id='word_1_160' title='bbox 1138 3156 1204 3231; x_wconf 91' lang='lat' dir='ltr'><strong>pcr</strong></span> <span class='ocrx_word' id='word_1_161' title='bbox 1230 3136 1393 3212; x_wconf 91' lang='lat' dir='ltr'><strong>medium</strong></span> <span class='ocrx_word' id='word_1_162' title='bbox 1420 3137 1550 3231; x_wconf 80' lang='lat' dir='ltr'><strong>Pragae</strong></span> <span class='ocrx_word' id='word_1_163' title='bbox 1581 3234 1589 3248; x_wconf 92' lang='lat'>.</span> <span class='ocrx_word' id='word_1_164' title='bbox 1739 3238 1743 3245; x_wconf 19' lang='grc'>1</span> 
     </span>
    </p>
   </div>
   <div class='ocr_carea' id='block_1_6' title="bbox 379 3254 1551 4071">
    <p class='ocr_par' dir='ltr' id='par_1_6' title="bbox 379 3254 1551 4071">
     <span class='ocr_line' id='line_1_20' title="bbox 380 3254 1549 3351; baseline -0.002 -20"><span class='ocrx_word' id='word_1_165' title='bbox 380 3256 494 3351; x_wconf 89' lang='lat' dir='ltr'><strong>urbis,</strong></span> <span class='ocrx_word' id='word_1_166' title='bbox 513 3255 576 3329; x_wconf 93' lang='lat' dir='ltr'><strong>ubi</strong></span> <span class='ocrx_word' id='word_1_167' title='bbox 594 3254 793 3350; x_wconf 87' lang='lat' dir='ltr'><strong>imperator</strong></span> <span class='ocrx_word' id='word_1_168' title='bbox 811 3254 921 3329; x_wconf 87' lang='lat' dir='ltr'><strong>babet</strong></span> <span class='ocrx_word' id='word_1_169' title='bbox 938 3255 1045 3330; x_wconf 90' lang='lat' dir='ltr'><strong>bodie</strong></span> <span class='ocrx_word' id='word_1_170' title='bbox 1061 3256 1197 3331; x_wconf 87' lang='lat' dir='ltr'><strong>sedem.</strong></span> <span class='ocrx_word' id='word_1_171' title='bbox 1219 3257 1263 3331; x_wconf 80' lang='lat' dir='ltr'><strong>ut</strong></span> <span class='ocrx_word' id='word_1_172' title='bbox 1283 3256 1455 3351; x_wconf 84' lang='lat' dir='ltr'><strong>exprimit</strong></span> <span class='ocrx_word' id='word_1_173' title='bbox 1482 3276 1549 3329; x_wconf 89' lang='lat' dir='ltr'><strong>no-</strong></span> 
     </span>
     <span class='ocr_line' id='line_1_21' title="bbox 381 3373 1551 3469; baseline -0.002 -17"><span class='ocrx_word' id='word_1_174' title='bbox 381 3396 467 3452; x_wconf 89' lang='lat' dir='ltr'><strong>men</strong></span> <span class='ocrx_word' id='word_1_175' title='bbox 493 3382 530 3450; x_wconf 89' lang='lat' dir='ltr'><strong>ct</strong></span> <span class='ocrx_word' id='word_1_176' title='bbox 555 3375 731 3451; x_wconf 88' lang='lat' dir='ltr'><strong>virtutem</strong></span> <span class='ocrx_word' id='word_1_177' title='bbox 756 3374 847 3469; x_wconf 87' lang='lat' dir='ltr'><strong>eius,</strong></span> <span class='ocrx_word' id='word_1_178' title='bbox 873 3373 1021 3449; x_wconf 87' lang='lat' dir='ltr'><strong>dicens:</strong></span> <span class='ocrx_word' id='word_1_179' title='bbox 1052 3378 1236 3450; x_wconf 74' lang='lat' dir='ltr'><strong>Odoclrero</strong></span> <span class='ocrx_word' id='word_1_180' title='bbox 1261 3376 1341 3448; x_wconf 83' lang='lat' dir='ltr'><strong>ebbe</strong></span> <span class='ocrx_word' id='word_1_181' title='bbox 1365 3397 1487 3469; x_wconf 76' lang='lat' dir='ltr'><strong>oome3</strong></span> <span class='ocrx_word' id='word_1_182' title='bbox 1512 3382 1551 3450; x_wconf 88' lang='lat' dir='ltr'><strong>ct</strong></span> 
     </span>
     <span class='ocr_line' id='line_1_22' title="bbox 379 3482 1549 3591; baseline -0.003 -20"><span class='ocrx_word' id='word_1_183' title='bbox 379 3496 475 3590; x_wconf 87' lang='lat' dir='ltr'><strong>dicit,</strong></span> <span class='ocrx_word' id='word_1_184' title='bbox 502 3495 601 3591; x_wconf 92' lang='lat' dir='ltr'><strong>quod</strong></span> <span class='ocrx_word' id='word_1_185' title='bbox 626 3502 731 3591; x_wconf 89' lang='lat' dir='ltr'><strong>pater</strong></span> <span class='ocrx_word' id='word_1_186' title='bbox 756 3495 824 3569; x_wconf 88' lang='lat' dir='ltr'><strong>suit</strong></span> <span class='ocrx_word' id='word_1_187' title='bbox 849 3494 981 3569; x_wconf 91' lang='lat' dir='ltr'><strong>melior</strong></span> <span class='ocrx_word' id='word_1_188' title='bbox 1009 3494 1083 3568; x_wconf 88' lang='lat' dir='ltr'><strong>lilio</strong></span> <span class='ocrx_word' id='word_1_189' title='bbox 1115 3495 1287 3589; x_wconf 90' lang='lat' dir='ltr'><strong>multum,</strong></span> <span class='ocrx_word' id='word_1_190' title='bbox 1315 3494 1411 3569; x_wconf 89' lang='lat' dir='ltr'><strong>unde</strong></span> <span class='ocrx_word' id='word_1_191' title='bbox 1441 3482 1549 3569; x_wconf 89' lang='lat' dir='ltr'><strong>dicit:</strong></span> 
     </span>
     <span class='ocr_line' id='line_1_23' title="bbox 380 3614 1551 3711; baseline 0 -20"><span class='ocrx_word' id='word_1_192' title='bbox 380 3620 508 3691; x_wconf 78' lang='lat' dir='ltr'><strong>cnolle</strong></span> <span class='ocrx_word' id='word_1_193' title='bbox 535 3619 632 3711; x_wconf 78' lang='lat' dir='ltr'><strong>fusce</strong></span> <span class='ocrx_word' id='word_1_194' title='bbox 661 3620 703 3711; x_wconf 78' lang='lat' dir='ltr'><strong>su</strong></span> <span class='ocrx_word' id='word_1_195' title='bbox 733 3618 858 3707; x_wconf 78' lang='lat' dir='ltr'><strong>crepito</strong></span> <span class='ocrx_word' id='word_1_196' title='bbox 891 3618 1000 3706; x_wconf 79' lang='lat' dir='ltr'><strong>assui,</strong></span> <span class='ocrx_word' id='word_1_197' title='bbox 1026 3614 1129 3709; x_wconf 87' lang='lat' dir='ltr'><strong>idest,</strong></span> <span class='ocrx_word' id='word_1_198' title='bbox 1155 3614 1193 3688; x_wconf 94' lang='lat' dir='ltr'><strong>in</strong></span> <span class='ocrx_word' id='word_1_199' title='bbox 1222 3616 1408 3711; x_wconf 84' lang='lat' dir='ltr'><strong>regalibus</strong></span> <span class='ocrx_word' id='word_1_200' title='bbox 1433 3618 1551 3691; x_wconf 91' lang='lat' dir='ltr'><strong>bono-</strong></span> 
     </span>
     <span class='ocr_line' id='line_1_24' title="bbox 381 3735 1551 3833; baseline -0.004 -19"><span class='ocrx_word' id='word_1_201' title='bbox 381 3739 494 3832; x_wconf 83' lang='lat' dir='ltr'><strong>ribus,</strong></span> <span class='ocrx_word' id='word_1_202' title='bbox 519 3739 579 3811; x_wconf 80' lang='lat' dir='ltr'><strong>cte</strong></span> <span class='ocrx_word' id='word_1_203' title='bbox 610 3739 782 3810; x_wconf 79' lang='lat' dir='ltr'><strong>Vium&#39;sioo</strong></span> <span class='ocrx_word' id='word_1_204' title='bbox 805 3757 869 3810; x_wconf 85' lang='lat' dir='ltr'><strong>suo</strong></span> <span class='ocrx_word' id='word_1_205' title='bbox 891 3738 989 3828; x_wconf 79' lang='lat' dir='ltr'><strong>fiptio</strong></span> <span class='ocrx_word' id='word_1_206' title='bbox 1017 3737 1184 3829; x_wconf 82' lang='lat' dir='ltr'><strong>Borbcto,</strong></span> <span class='ocrx_word' id='word_1_207' title='bbox 1211 3735 1274 3830; x_wconf 91' lang='lat' dir='ltr'><strong>qui</strong></span> <span class='ocrx_word' id='word_1_208' title='bbox 1303 3746 1391 3814; x_wconf 88' lang='lat' dir='ltr'><strong>tunc</strong></span> <span class='ocrx_word' id='word_1_209' title='bbox 1417 3756 1551 3833; x_wconf 78' lang='lat' dir='ltr'><strong>regna-</strong></span> 
     </span>
     <span class='ocr_line' id='line_1_25' title="bbox 381 3848 1549 3953; baseline -0.004 -20"><span class='ocrx_word' id='word_1_210' title='bbox 381 3848 507 3953; x_wconf 74' lang='lat' dir='ltr'><strong>batl³),</strong></span> <span class='ocrx_word' id='word_1_211' title='bbox 533 3864 571 3933; x_wconf 89' lang='lat' dir='ltr'><strong>et</strong></span> <span class='ocrx_word' id='word_1_212' title='bbox 595 3857 753 3932; x_wconf 87' lang='lat' dir='ltr'><strong>babebat</strong></span> <span class='ocrx_word' id='word_1_213' title='bbox 778 3856 930 3932; x_wconf 88' lang='lat' dir='ltr'><strong>barbam</strong></span> <span class='ocrx_word' id='word_1_214' title='bbox 962 3856 1068 3931; x_wconf 85' lang='lat' dir='ltr'><strong>valde</strong></span> <span class='ocrx_word' id='word_1_215' title='bbox 1098 3876 1270 3952; x_wconf 84' lang='lat' dir='ltr'><strong>magnam</strong></span> <span class='ocrx_word' id='word_1_216' title='bbox 1299 3857 1408 3952; x_wconf 77' lang='lat' dir='ltr'><strong>iuxta</strong></span> <span class='ocrx_word' id='word_1_217' title='bbox 1437 3854 1549 3931; x_wconf 90' lang='lat' dir='ltr'><strong>illud:</strong></span> 
     </span>
     <span class='ocr_line' id='line_1_26' title="bbox 382 3975 1551 4071; baseline 0.003 -23"><span class='ocrx_word' id='word_1_218' title='bbox 382 3979 480 4053; x_wconf 79' lang='lat' dir='ltr'><strong>«list</strong></span> <span class='ocrx_word' id='word_1_219' title='bbox 504 3978 600 4053; x_wconf 88' lang='lat' dir='ltr'><strong>bene</strong></span> <span class='ocrx_word' id='word_1_220' title='bbox 624 3976 812 4070; x_wconf 90' lang='lat' dir='ltr'><strong>barbatus,</strong></span> <span class='ocrx_word' id='word_1_221' title='bbox 830 3976 900 4051; x_wconf 91' lang='lat' dir='ltr'><strong>sub</strong></span> <span class='ocrx_word' id='word_1_222' title='bbox 916 3975 1098 4051; x_wconf 86' lang='lat' dir='ltr'><strong>Mercurio</strong></span> <span class='ocrx_word' id='word_1_223' title='bbox 1123 3982 1366 4071; x_wconf 81' lang='lat' dir='ltr'><strong>generatus.»</strong></span> <span class='ocrx_word' id='word_1_224' title='bbox 1392 3977 1456 4051; x_wconf 88' lang='lat' dir='ltr'><strong>Vel</strong></span> <span class='ocrx_word' id='word_1_225' title='bbox 1482 3976 1551 4071; x_wconf 87' lang='lat' dir='ltr'><strong>dic,</strong></span> 
     </span>
    </p>
   </div>
   <div class='ocr_carea' id='block_1_7' title="bbox 380 4094 1554 4915">
    <p class='ocr_par' dir='ltr' id='par_1_7' title="bbox 380 4094 1554 4915">
     <span class='ocr_line' id='line_1_27' title="bbox 381 4094 1552 4193; baseline -0.005 -19"><span class='ocrx_word' id='word_1_226' title='bbox 381 4105 420 4175; x_wconf 87' lang='lat' dir='ltr'><strong>ct</strong></span> <span class='ocrx_word' id='word_1_227' title='bbox 436 4099 571 4192; x_wconf 80' lang='lat' dir='ltr'><strong>verine,</strong></span> <span class='ocrx_word' id='word_1_228' title='bbox 590 4098 688 4193; x_wconf 86' lang='lat' dir='ltr'><strong>quod</strong></span> <span class='ocrx_word' id='word_1_229' title='bbox 705 4103 810 4193; x_wconf 89' lang='lat' dir='ltr'><strong>pater</strong></span> <span class='ocrx_word' id='word_1_230' title='bbox 827 4096 894 4169; x_wconf 85' lang='lat' dir='ltr'><strong>luit</strong></span> <span class='ocrx_word' id='word_1_231' title='bbox 912 4094 1042 4170; x_wconf 88' lang='lat' dir='ltr'><strong>melior</strong></span> <span class='ocrx_word' id='word_1_232' title='bbox 1058 4095 1095 4168; x_wconf 95' lang='lat' dir='ltr'><strong>in</strong></span> <span class='ocrx_word' id='word_1_233' title='bbox 1112 4095 1274 4189; x_wconf 81' lang='lat' dir='ltr'><strong>infantia,</strong></span> <span class='ocrx_word' id='word_1_234' title='bbox 1295 4096 1442 4189; x_wconf 85' lang='lat' dir='ltr'><strong>quando</strong></span> <span class='ocrx_word' id='word_1_235' title='bbox 1459 4095 1552 4188; x_wconf 76' lang='lat' dir='ltr'><strong>liga-</strong></span> 
     </span>
     <span class='ocr_line' id='line_1_28' title="bbox 383 4213 1552 4313; baseline -0.003 -21"><span class='ocrx_word' id='word_1_236' title='bbox 383 4224 442 4293; x_wconf 89' lang='lat' dir='ltr'><strong>tus</strong></span> <span class='ocrx_word' id='word_1_237' title='bbox 470 4218 508 4293; x_wconf 95' lang='lat' dir='ltr'><strong>in</strong></span> <span class='ocrx_word' id='word_1_238' title='bbox 539 4216 656 4293; x_wconf 79' lang='lat' dir='ltr'><strong>fasciis</strong></span> <span class='ocrx_word' id='word_1_239' title='bbox 681 4216 851 4313; x_wconf 80' lang='lat' dir='ltr'><strong>vagiebat</strong></span> <span class='ocrx_word' id='word_1_240' title='bbox 884 4214 921 4289; x_wconf 94' lang='lat' dir='ltr'><strong>in</strong></span> <span class='ocrx_word' id='word_1_241' title='bbox 953 4215 1156 4309; x_wconf 87' lang='lat' dir='ltr'><strong>cunabulis,</strong></span> <span class='ocrx_word' id='word_1_242' title='bbox 1183 4235 1297 4308; x_wconf 88' lang='lat' dir='ltr'><strong>quam</strong></span> <span class='ocrx_word' id='word_1_243' title='bbox 1327 4213 1422 4289; x_wconf 90' lang='lat' dir='ltr'><strong>iilius</strong></span> <span class='ocrx_word' id='word_1_244' title='bbox 1451 4221 1552 4311; x_wconf 90' lang='lat' dir='ltr'><strong>post·</strong></span> 
     </span>
     <span class='ocr_line' id='line_1_29' title="bbox 382 4335 1550 4433; baseline -0.001 -20"><span class='ocrx_word' id='word_1_245' title='bbox 382 4359 495 4433; x_wconf 87' lang='lat' dir='ltr'><strong>quam</strong></span> <span class='ocrx_word' id='word_1_246' title='bbox 520 4336 588 4411; x_wconf 85' lang='lat' dir='ltr'><strong>luit</strong></span> <span class='ocrx_word' id='word_1_247' title='bbox 607 4336 754 4433; x_wconf 76' lang='lat' dir='ltr'><strong>Juvenis</strong></span> <span class='ocrx_word' id='word_1_248' title='bbox 775 4338 854 4432; x_wconf 89' lang='lat' dir='ltr'><strong>jam</strong></span> <span class='ocrx_word' id='word_1_249' title='bbox 879 4335 1065 4410; x_wconf 85' lang='lat' dir='ltr'><strong>barbatus.</strong></span> <span class='ocrx_word' id='word_1_250' title='bbox 1092 4336 1272 4429; x_wconf 89' lang='lat' dir='ltr'><strong>Loquitur</strong></span> <span class='ocrx_word' id='word_1_251' title='bbox 1298 4337 1550 4433; x_wconf 83' lang='lat' dir='ltr'><strong>hyperbolice3</strong></span> 
     </span>
     <span class='ocr_line' id='line_1_30' title="bbox 382 4454 1553 4553; baseline -0.002 -20"><span class='ocrx_word' id='word_1_252' title='bbox 382 4458 481 4553; x_wconf 88' lang='lat' dir='ltr'><strong>quod</strong></span> <span class='ocrx_word' id='word_1_253' title='bbox 512 4456 649 4553; x_wconf 91' lang='lat' dir='ltr'><strong>optime</strong></span> <span class='ocrx_word' id='word_1_254' title='bbox 681 4457 822 4551; x_wconf 87' lang='lat' dir='ltr'><strong>probat,</strong></span> <span class='ocrx_word' id='word_1_255' title='bbox 853 4455 999 4530; x_wconf 88' lang='lat' dir='ltr'><strong>dicens:</strong></span> <span class='ocrx_word' id='word_1_256' title='bbox 1033 4458 1100 4546; x_wconf 86' lang='lat' dir='ltr'><strong>cui,</strong></span> <span class='ocrx_word' id='word_1_257' title='bbox 1133 4454 1236 4548; x_wconf 71' lang='lat' dir='ltr'><strong>idest,</strong></span> <span class='ocrx_word' id='word_1_258' title='bbox 1270 4477 1382 4550; x_wconf 82' lang='lat' dir='ltr'><strong>quem</strong></span> <span class='ocrx_word' id='word_1_259' title='bbox 1415 4457 1553 4532; x_wconf 89' lang='lat' dir='ltr'><strong>Vincis-</strong></span> 
     </span>
     <span class='ocr_line' id='line_1_31' title="bbox 381 4575 1553 4672; baseline -0.003 -18"><span class='ocrx_word' id='word_1_260' title='bbox 381 4578 496 4672; x_wconf 89' lang='lat' dir='ltr'><strong>iaum,</strong></span> <span class='ocrx_word' id='word_1_261' title='bbox 521 4580 673 4653; x_wconf 75' lang='lat' dir='ltr'><strong>imno-io</strong></span> <span class='ocrx_word' id='word_1_262' title='bbox 697 4584 731 4651; x_wconf 85' lang='lat' dir='ltr'><strong>ct</strong></span> <span class='ocrx_word' id='word_1_263' title='bbox 753 4581 834 4651; x_wconf 82' lang='lat' dir='ltr'><strong>ozio</strong></span> <span class='ocrx_word' id='word_1_264' title='bbox 856 4598 978 4669; x_wconf 85' lang='lat' dir='ltr'><strong>posce,</strong></span> <span class='ocrx_word' id='word_1_265' title='bbox 1005 4575 1091 4670; x_wconf 84' lang='lat' dir='ltr'><strong>quia</strong></span> <span class='ocrx_word' id='word_1_266' title='bbox 1123 4576 1244 4651; x_wconf 89' lang='lat' dir='ltr'><strong>adbuc</strong></span> <span class='ocrx_word' id='word_1_267' title='bbox 1273 4576 1430 4653; x_wconf 82' lang='lat' dir='ltr'><strong>vivebat.</strong></span> <span class='ocrx_word' id='word_1_268' title='bbox 1461 4579 1553 4667; x_wconf 81' lang='lat' dir='ltr'><strong>Quae</strong></span> 
     </span>
     <span class='ocr_line' id='line_1_32' title="bbox 380 4694 1551 4803; baseline -0.002 -30"><span class='ocrx_word' id='word_1_269' title='bbox 380 4698 456 4803; x_wconf 92' lang='lat' dir='ltr'><strong>duo</strong></span> <span class='ocrx_word' id='word_1_270' title='bbox 481 4698 568 4773; x_wconf 87' lang='lat' dir='ltr'><strong>vitia</strong></span> <span class='ocrx_word' id='word_1_271' title='bbox 593 4704 679 4773; x_wconf 92' lang='lat' dir='ltr'><strong>sunt</strong></span> <span class='ocrx_word' id='word_1_272' title='bbox 703 4695 811 4774; x_wconf 85' lang='lat' dir='ltr'><strong>valde</strong></span> <span class='ocrx_word' id='word_1_273' title='bbox 829 4694 1055 4772; x_wconf 82' lang='lat' dir='ltr'><strong>detestabilia</strong></span> <span class='ocrx_word' id='word_1_274' title='bbox 1080 4695 1117 4771; x_wconf 91' lang='lat' dir='ltr'><strong>in</strong></span> <span class='ocrx_word' id='word_1_275' title='bbox 1143 4716 1219 4770; x_wconf 92' lang='lat' dir='ltr'><strong>uno</strong></span> <span class='ocrx_word' id='word_1_276' title='bbox 1239 4696 1395 4793; x_wconf 79' lang='lat' dir='ltr'><strong>vulgari,</strong></span> <span class='ocrx_word' id='word_1_277' title='bbox 1413 4698 1551 4773; x_wconf 90' lang='lat' dir='ltr'><strong>nedum</strong></span> 
     </span>
     <span class='ocr_line' id='line_1_33' title="bbox 380 4816 1554 4915; baseline -0.001 -23"><span class='ocrx_word' id='word_1_278' title='bbox 380 4816 419 4893; x_wconf 94' lang='lat' dir='ltr'><strong>in</strong></span> <span class='ocrx_word' id='word_1_279' title='bbox 445 4838 558 4915; x_wconf 82' lang='lat' dir='ltr'><strong>regc;</strong></span> <span class='ocrx_word' id='word_1_280' title='bbox 585 4838 671 4893; x_wconf 92' lang='lat' dir='ltr'><strong>nam</strong></span> <span class='ocrx_word' id='word_1_281' title='bbox 696 4817 858 4893; x_wconf 84' lang='lat' dir='ltr'><strong>otiositas</strong></span> <span class='ocrx_word' id='word_1_282' title='bbox 883 4824 921 4891; x_wconf 87' lang='lat' dir='ltr'><strong>et</strong></span> <span class='ocrx_word' id='word_1_283' title='bbox 946 4818 1114 4911; x_wconf 89' lang='lat' dir='ltr'><strong>voluptas</strong></span> <span class='ocrx_word' id='word_1_284' title='bbox 1130 4836 1237 4891; x_wconf 89' lang='lat' dir='ltr'><strong>arma</strong></span> <span class='ocrx_word' id='word_1_285' title='bbox 1254 4821 1340 4891; x_wconf 90' lang='lat' dir='ltr'><strong>sunt</strong></span> <span class='ocrx_word' id='word_1_286' title='bbox 1357 4816 1469 4891; x_wconf 90' lang='lat' dir='ltr'><strong>bostis</strong></span> <span class='ocrx_word' id='word_1_287' title='bbox 1485 4838 1554 4893; x_wconf 91' lang='lat' dir='ltr'><strong>au·</strong></span> 
     </span>
    </p>
   </div>
   <div class='ocr_carea' id='block_1_8' title="bbox 446 5065 1552 5221">
    <p class='ocr_par' dir='ltr' id='par_1_8' title="bbox 446 5065 1552 5221">
     <span class='ocr_line' id='line_1_34' title="bbox 446 5065 1552 5140; baseline 0.028 -21"><span class='ocrx_word' id='word_1_288' title='bbox 446 5071 475 5134; x_wconf 84' lang='lat'><strong>(¹)</strong></span> <span class='ocrx_word' id='word_1_289' title='bbox 490 5070 522 5121; x_wconf 85' lang='lat' dir='ltr'><strong>E.</strong></span> <span class='ocrx_word' id='word_1_290' title='bbox 539 5070 664 5121; x_wconf 81' lang='lat' dir='ltr'><strong>Molottus</strong></span> <span class='ocrx_word' id='word_1_291' title='bbox 681 5068 722 5121; x_wconf 80' lang='lat' dir='ltr'><strong>vol</strong></span> <span class='ocrx_word' id='word_1_292' title='bbox 739 5068 868 5121; x_wconf 77' lang='lat' dir='ltr'><strong>Moldm·</strong></span> <span class='ocrx_word' id='word_1_293' title='bbox 963 5065 991 5132; x_wconf 75' lang='lat'><strong>(¹)</strong></span> <span class='ocrx_word' id='word_1_294' title='bbox 1006 5069 1038 5120; x_wconf 74' lang='grc' dir='ltr'><strong>Ε·</strong></span> <span class='ocrx_word' id='word_1_295' title='bbox 1055 5069 1181 5140; x_wconf 62' lang='grc' dir='ltr'><strong>,Μθῑθῑῑω</strong></span> <span class='ocrx_word' id='word_1_296' title='bbox 1195 5074 1244 5121; x_wconf 64' lang='lat'><strong>⁰⁸⁸·</strong></span> <span class='ocrx_word' id='word_1_297' title='bbox 1346 5067 1374 5131; x_wconf 68' lang='grc' dir='ltr'><strong>(Ἳ</strong></span> <span class='ocrx_word' id='word_1_298' title='bbox 1390 5070 1421 5121; x_wconf 66' lang='lat'><strong>¹⁴3·</strong></span> <span class='ocrx_word' id='word_1_299' title='bbox 1438 5072 1552 5135; x_wconf 54' lang='grc' dir='ltr'><strong>’ΨΜ</strong></span> 
     </span>
     <span class='ocr_line' id='line_1_35' title="bbox 516 5176 1420 5221; baseline 0.035 -2"><span class='ocrx_word' id='word_1_300' title='bbox 516 5176 557 5220; x_wconf 79' lang='lat' dir='ltr'><strong>un</strong></span> <span class='ocrx_word' id='word_1_301' title='bbox 1394 5179 1420 5221; x_wconf 80' lang='lat'><strong>¹⁴</strong></span> 
     </span>
    </p>
   </div>
   <div class='ocr_carea' id='block_1_9' title="bbox 0 0 2289 6836">
    <p class='ocr_par' dir='ltr' id='par_1_9' title="bbox 0 0 2289 6836">
     <span class='ocr_line' id='line_1_36' title="bbox 0 0 2289 6836; baseline 0 0"><span class='ocrx_word' id='word_1_302' title='bbox 0 0 2289 6836; x_wconf 95' lang='lat' dir='ltr'><strong> </strong></span> 
     </span>
    </p>
   </div>
  </div>
 </body>
</html>
