<?xml version="1.0" encoding="UTF-8"?>
<!DOCTYPE html PUBLIC "-//W3C//DTD XHTML 1.0 Transitional//EN"
    "http://www.w3.org/TR/xhtml1/DTD/xhtml1-transitional.dtd">
<html xmlns="http://www.w3.org/1999/xhtml" xml:lang="en" lang="en">
 <head>
  <title>
</title>
<meta http-equiv="Content-Type" content="text/html;charset=utf-8" />
  <meta name='ocr-system' content='tesseract 3.04.00' />
  <meta name='ocr-capabilities' content='ocr_page ocr_carea ocr_par ocr_line ocrx_word'/>
</head>
<body>
  <div class='ocr_page' id='page_1' title='image "./comentumsuperda01unkngoog_0474.png"; bbox 0 0 4542 6842; ppageno 0'>
   <div class='ocr_carea' id='block_1_1' title="bbox 719 947 1530 1017">
    <p class='ocr_par' dir='ltr' id='par_1_1' title="bbox 719 947 1530 1017">
     <span class='ocr_line' id='line_1_1' title="bbox 719 947 1530 1017; baseline 0.002 -5"><span class='ocrx_word' id='word_1_1' title='bbox 719 947 790 1016; x_wconf 75' lang='lat' dir='ltr'><strong>tto</strong></span> <span class='ocrx_word' id='word_1_2' title='bbox 1079 958 1286 1016; x_wconf 75' lang='lat' dir='ltr'><strong>comunis</strong></span> <span class='ocrx_word' id='word_1_3' title='bbox 1310 961 1530 1017; x_wconf 77' lang='lat' dir='ltr'><strong>runenrunu</strong></span> 
     </span>
    </p>
   </div>
   <div class='ocr_carea' id='block_1_2' title="bbox 715 1103 1893 2526">
    <p class='ocr_par' dir='ltr' id='par_1_2' title="bbox 715 1103 1893 2526">
     <span class='ocr_line' id='line_1_2' title="bbox 718 1103 1893 1199; baseline -0.001 -19"><span class='ocrx_word' id='word_1_4' title='bbox 718 1104 898 1180; x_wconf 86' lang='lat' dir='ltr'><strong>circulum</strong></span> <span class='ocrx_word' id='word_1_5' title='bbox 912 1103 1022 1178; x_wconf 91' lang='lat' dir='ltr'><strong>istum</strong></span> <span class='ocrx_word' id='word_1_6' title='bbox 1038 1125 1234 1199; x_wconf 85' lang='lat' dir='ltr'><strong>usquequo</strong></span> <span class='ocrx_word' id='word_1_7' title='bbox 1245 1105 1315 1180; x_wconf 87' lang='lat' dir='ltr'><strong>sim</strong></span> <span class='ocrx_word' id='word_1_8' title='bbox 1330 1104 1480 1180; x_wconf 88' lang='lat' dir='ltr'><strong>omnino</strong></span> <span class='ocrx_word' id='word_1_9' title='bbox 1496 1105 1695 1182; x_wconf 85' lang='lat' dir='ltr'><strong>mundatus</strong></span> <span class='ocrx_word' id='word_1_10' title='bbox 1708 1106 1757 1180; x_wconf 83' lang='lat' dir='ltr'><strong>ab</strong></span> <span class='ocrx_word' id='word_1_11' title='bbox 1769 1105 1843 1198; x_wconf 82' lang='lat' dir='ltr'><strong>iru3</strong></span> <span class='ocrx_word' id='word_1_12' title='bbox 1857 1112 1893 1179; x_wconf 90' lang='lat' dir='ltr'><strong>et</strong></span> 
     </span>
     <span class='ocr_line' id='line_1_3' title="bbox 715 1225 1891 1321; baseline -0.002 -21"><span class='ocrx_word' id='word_1_13' title='bbox 715 1225 819 1302; x_wconf 83' lang='lat' dir='ltr'><strong>dicit:</strong></span> <span class='ocrx_word' id='word_1_14' title='bbox 837 1247 857 1300; x_wconf 84' lang='lat' dir='ltr'><strong>e</strong></span> <span class='ocrx_word' id='word_1_15' title='bbox 872 1247 909 1300; x_wconf 80' lang='lat' dir='ltr'><strong>se</strong></span> <span class='ocrx_word' id='word_1_16' title='bbox 925 1227 951 1298; x_wconf 81' lang='lat' dir='ltr'><strong>’t</strong></span> <span class='ocrx_word' id='word_1_17' title='bbox 962 1229 1062 1318; x_wconf 79' lang='lat' dir='ltr'><strong>tumn</strong></span> <span class='ocrx_word' id='word_1_18' title='bbox 1077 1228 1184 1300; x_wconf 73' lang='lat' dir='ltr'><strong>oetier</strong></span> <span class='ocrx_word' id='word_1_19' title='bbox 1203 1246 1276 1302; x_wconf 81' lang='lat' dir='ltr'><strong>non</strong></span> <span class='ocrx_word' id='word_1_20' title='bbox 1292 1229 1418 1317; x_wconf 64' lang='lat' dir='ltr'><strong>turre,</strong></span> <span class='ocrx_word' id='word_1_21' title='bbox 1438 1226 1587 1321; x_wconf 82' lang='lat' dir='ltr'><strong>seilicet,</strong></span> <span class='ocrx_word' id='word_1_22' title='bbox 1602 1226 1697 1302; x_wconf 86' lang='lat' dir='ltr'><strong>ulter</strong></span> <span class='ocrx_word' id='word_1_23' title='bbox 1719 1227 1891 1314; x_wconf 83' lang='lat' dir='ltr'><strong>aiterum,</strong></span> 
     </span>
     <span class='ocr_line' id='line_1_4' title="bbox 717 1337 1893 1443; baseline 0 -23"><span class='ocrx_word' id='word_1_24' title='bbox 717 1345 816 1442; x_wconf 86' lang='lat' dir='ltr'><strong>quod</strong></span> <span class='ocrx_word' id='word_1_25' title='bbox 841 1351 936 1422; x_wconf 90' lang='lat' dir='ltr'><strong>esset</strong></span> <span class='ocrx_word' id='word_1_26' title='bbox 962 1345 1099 1421; x_wconf 89' lang='lat' dir='ltr'><strong>certius</strong></span> <span class='ocrx_word' id='word_1_27' title='bbox 1132 1354 1409 1443; x_wconf 77' lang='lat' dir='ltr'><strong>argumentum,</strong></span> <span class='ocrx_word' id='word_1_28' title='bbox 1436 1354 1574 1441; x_wconf 77' lang='lat' dir='ltr'><strong>tumen,</strong></span> <span class='ocrx_word' id='word_1_29' title='bbox 1599 1347 1714 1421; x_wconf 61' lang='grc' dir='ltr'><strong>Ναίν</strong></span> <span class='ocrx_word' id='word_1_30' title='bbox 1737 1349 1770 1420; x_wconf 81' lang='lat' dir='ltr'><strong>ct</strong></span> <span class='ocrx_word' id='word_1_31' title='bbox 1794 1337 1893 1420; x_wconf 73' lang='lat' dir='ltr'><strong>erro</strong></span> 
     </span>
     <span class='ocr_line' id='line_1_5' title="bbox 716 1465 1891 1561; baseline 0 -23"><span class='ocrx_word' id='word_1_32' title='bbox 716 1469 827 1558; x_wconf 71' lang='lat' dir='ltr'><strong>puniti</strong></span> <span class='ocrx_word' id='word_1_33' title='bbox 849 1469 888 1540; x_wconf 83' lang='lat' dir='ltr'><strong>iu</strong></span> <span class='ocrx_word' id='word_1_34' title='bbox 908 1467 1022 1560; x_wconf 77' lang='lat' dir='ltr'><strong>puella</strong></span> <span class='ocrx_word' id='word_1_35' title='bbox 1047 1487 1139 1556; x_wconf 81' lang='lat' dir='ltr'><strong>vere,</strong></span> <span class='ocrx_word' id='word_1_36' title='bbox 1156 1466 1261 1560; x_wconf 81' lang='lat' dir='ltr'><strong>quasi</strong></span> <span class='ocrx_word' id='word_1_37' title='bbox 1287 1466 1395 1560; x_wconf 82' lang='lat' dir='ltr'><strong>diuet,</strong></span> <span class='ocrx_word' id='word_1_38' title='bbox 1421 1466 1506 1542; x_wconf 84' lang='lat' dir='ltr'><strong>licet</strong></span> <span class='ocrx_word' id='word_1_39' title='bbox 1529 1487 1604 1540; x_wconf 91' lang='lat' dir='ltr'><strong>non</strong></span> <span class='ocrx_word' id='word_1_40' title='bbox 1628 1466 1763 1561; x_wconf 89' lang='lat' dir='ltr'><strong>possim</strong></span> <span class='ocrx_word' id='word_1_41' title='bbox 1786 1465 1891 1560; x_wconf 84' lang='lat' dir='ltr'><strong>sequi</strong></span> 
     </span>
     <span class='ocr_line' id='line_1_6' title="bbox 717 1586 1889 1681; baseline -0.002 -19"><span class='ocrx_word' id='word_1_42' title='bbox 717 1593 755 1662; x_wconf 89' lang='lat' dir='ltr'><strong>te</strong></span> <span class='ocrx_word' id='word_1_43' title='bbox 779 1586 986 1680; x_wconf 83' lang='lat' dir='ltr'><strong>uoniuncte,</strong></span> <span class='ocrx_word' id='word_1_44' title='bbox 1003 1586 1097 1660; x_wconf 87' lang='lat' dir='ltr'><strong>sicut</strong></span> <span class='ocrx_word' id='word_1_45' title='bbox 1124 1593 1162 1659; x_wconf 92' lang='lat' dir='ltr'><strong>tu</strong></span> <span class='ocrx_word' id='word_1_46' title='bbox 1189 1587 1357 1681; x_wconf 86' lang='lat' dir='ltr'><strong>sequeris</strong></span> <span class='ocrx_word' id='word_1_47' title='bbox 1375 1587 1609 1681; x_wconf 76' lang='lat' dir='ltr'><strong>atium,uuiu</strong></span> <span class='ocrx_word' id='word_1_48' title='bbox 1625 1607 1699 1662; x_wconf 92' lang='lat' dir='ltr'><strong>nou</strong></span> <span class='ocrx_word' id='word_1_49' title='bbox 1716 1587 1823 1662; x_wconf 83' lang='lat' dir='ltr'><strong>video</strong></span> <span class='ocrx_word' id='word_1_50' title='bbox 1842 1593 1889 1681; x_wconf 91' lang='lat' dir='ltr'><strong>te,</strong></span> 
     </span>
     <span class='ocr_line' id='line_1_7' title="bbox 718 1706 1890 1802; baseline -0.002 -20"><span class='ocrx_word' id='word_1_51' title='bbox 718 1713 844 1782; x_wconf 84' lang='lat' dir='ltr'><strong>tumen</strong></span> <span class='ocrx_word' id='word_1_52' title='bbox 868 1727 1003 1802; x_wconf 88' lang='lat' dir='ltr'><strong>sequur</strong></span> <span class='ocrx_word' id='word_1_53' title='bbox 1029 1726 1158 1782; x_wconf 89' lang='lat' dir='ltr'><strong>vocem</strong></span> <span class='ocrx_word' id='word_1_54' title='bbox 1184 1713 1300 1802; x_wconf 84' lang='lat' dir='ltr'><strong>tuam,</strong></span> <span class='ocrx_word' id='word_1_55' title='bbox 1325 1713 1363 1782; x_wconf 89' lang='lat' dir='ltr'><strong>et</strong></span> <span class='ocrx_word' id='word_1_56' title='bbox 1388 1707 1438 1781; x_wconf 83' lang='lat' dir='ltr'><strong>ita</strong></span> <span class='ocrx_word' id='word_1_57' title='bbox 1455 1707 1596 1780; x_wconf 88' lang='lat' dir='ltr'><strong>erimus</strong></span> <span class='ocrx_word' id='word_1_58' title='bbox 1612 1706 1787 1782; x_wconf 83' lang='lat' dir='ltr'><strong>eontinuo</strong></span> <span class='ocrx_word' id='word_1_59' title='bbox 1804 1707 1890 1782; x_wconf 84' lang='lat' dir='ltr'><strong>satis</strong></span> 
     </span>
     <span class='ocr_line' id='line_1_8' title="bbox 717 1825 1889 1924; baseline -0.001 -23"><span class='ocrx_word' id='word_1_60' title='bbox 717 1825 922 1924; x_wconf 87' lang='lat' dir='ltr'><strong>propinqui.</strong></span> <span class='ocrx_word' id='word_1_61' title='bbox 937 1828 1133 1902; x_wconf 77' lang='lat' dir='ltr'><strong>-Alloru</strong></span> <span class='ocrx_word' id='word_1_62' title='bbox 1160 1827 1227 1903; x_wconf 84' lang='lat' dir='ltr'><strong>ilic</strong></span> <span class='ocrx_word' id='word_1_63' title='bbox 1250 1834 1360 1922; x_wconf 81' lang='lat' dir='ltr'><strong>poeto</strong></span> <span class='ocrx_word' id='word_1_64' title='bbox 1388 1827 1473 1902; x_wconf 79' lang='lat' dir='ltr'><strong>iuuit</strong></span> <span class='ocrx_word' id='word_1_65' title='bbox 1500 1826 1749 1902; x_wconf 79' lang='lat' dir='ltr'><strong>narrationem</strong></span> <span class='ocrx_word' id='word_1_66' title='bbox 1781 1847 1889 1902; x_wconf 87' lang='lat' dir='ltr'><strong>suum</strong></span> 
     </span>
     <span class='ocr_line' id='line_1_9' title="bbox 718 1947 1891 2043; baseline 0.001 -21"><span class='ocrx_word' id='word_1_67' title='bbox 718 1969 804 2023; x_wconf 86' lang='lat' dir='ltr'><strong>cunr</strong></span> <span class='ocrx_word' id='word_1_68' title='bbox 831 1947 1014 2043; x_wconf 89' lang='lat' dir='ltr'><strong>petitione,</strong></span> <span class='ocrx_word' id='word_1_69' title='bbox 1040 1947 1185 2022; x_wconf 86' lang='lat' dir='ltr'><strong>dicens:</strong></span> <span class='ocrx_word' id='word_1_70' title='bbox 1211 1951 1338 2022; x_wconf 76' lang='lat' dir='ltr'><strong>Altera</strong></span> <span class='ocrx_word' id='word_1_71' title='bbox 1360 1951 1593 2038; x_wconf 66' lang='lat' dir='ltr'><strong>munerat,</strong></span> <span class='ocrx_word' id='word_1_72' title='bbox 1610 1947 1751 2042; x_wconf 84' lang='lat' dir='ltr'><strong>supple,</strong></span> <span class='ocrx_word' id='word_1_73' title='bbox 1767 1947 1891 2023; x_wconf 80' lang='lat' dir='ltr'><strong>dicere</strong></span> 
     </span>
     <span class='ocr_line' id='line_1_10' title="bbox 718 2068 1891 2164; baseline 0.003 -23"><span class='ocrx_word' id='word_1_74' title='bbox 718 2068 766 2142; x_wconf 85' lang='lat' dir='ltr'><strong>iili</strong></span> <span class='ocrx_word' id='word_1_75' title='bbox 793 2068 900 2144; x_wconf 87' lang='lat' dir='ltr'><strong>avide</strong></span> <span class='ocrx_word' id='word_1_76' title='bbox 925 2069 1142 2164; x_wconf 79' lang='lat' dir='ltr'><strong>expectanti,</strong></span> <span class='ocrx_word' id='word_1_77' title='bbox 1160 2072 1250 2142; x_wconf 81' lang='lat' dir='ltr'><strong>merr&#39;</strong></span> <span class='ocrx_word' id='word_1_78' title='bbox 1266 2091 1311 2144; x_wconf 84' lang='lat' dir='ltr'><strong>ro</strong></span> <span class='ocrx_word' id='word_1_79' title='bbox 1326 2089 1422 2160; x_wconf 74' lang='lat' dir='ltr'><strong>utro,</strong></span> <span class='ocrx_word' id='word_1_80' title='bbox 1439 2068 1650 2162; x_wconf 71' lang='lat' dir='ltr'><strong>reticetur</strong></span> <span class='ocrx_word' id='word_1_81' title='bbox 1667 2070 1804 2144; x_wconf 86' lang='lat' dir='ltr'><strong>coelurn</strong></span> <span class='ocrx_word' id='word_1_82' title='bbox 1823 2090 1891 2164; x_wconf 92' lang='lat' dir='ltr'><strong>per</strong></span> 
     </span>
     <span class='ocr_line' id='line_1_11' title="bbox 720 2188 1893 2284; baseline 0.005 -22"><span class='ocrx_word' id='word_1_83' title='bbox 720 2188 987 2284; x_wconf 79' lang='lat' dir='ltr'><strong>purgatorium,</strong></span> <span class='ocrx_word' id='word_1_84' title='bbox 1026 2209 1093 2264; x_wconf 83' lang='lat' dir='ltr'><strong>corr</strong></span> <span class='ocrx_word' id='word_1_85' title='bbox 1126 2191 1241 2280; x_wconf 80' lang='lat' dir='ltr'><strong>poeta</strong></span> <span class='ocrx_word' id='word_1_86' title='bbox 1270 2191 1401 2282; x_wconf 67' lang='lat' dir='ltr'><strong>formu,</strong></span> <span class='ocrx_word' id='word_1_87' title='bbox 1433 2189 1570 2264; x_wconf 86' lang='lat' dir='ltr'><strong>scitioet</strong></span> <span class='ocrx_word' id='word_1_88' title='bbox 1602 2208 1727 2282; x_wconf 78' lang='lat' dir='ltr'><strong>mnne,</strong></span> <span class='ocrx_word' id='word_1_89' title='bbox 1765 2195 1805 2266; x_wconf 85' lang='lat' dir='ltr'><strong>et</strong></span> <span class='ocrx_word' id='word_1_90' title='bbox 1836 2197 1893 2268; x_wconf 78' lang='lat' dir='ltr'><strong>est</strong></span> 
     </span>
     <span class='ocr_line' id='line_1_12' title="bbox 719 2307 1892 2404; baseline 0.001 -21"><span class='ocrx_word' id='word_1_91' title='bbox 719 2309 865 2404; x_wconf 85' lang='lat' dir='ltr'><strong>proprie</strong></span> <span class='ocrx_word' id='word_1_92' title='bbox 891 2310 1152 2403; x_wconf 77' lang='lat' dir='ltr'><strong>transumptio:</strong></span> <span class='ocrx_word' id='word_1_93' title='bbox 1185 2308 1278 2386; x_wconf 85' lang='lat' dir='ltr'><strong>sieut</strong></span> <span class='ocrx_word' id='word_1_94' title='bbox 1309 2308 1408 2386; x_wconf 87' lang='lat' dir='ltr'><strong>enim</strong></span> <span class='ocrx_word' id='word_1_95' title='bbox 1441 2307 1568 2384; x_wconf 88' lang='lat' dir='ltr'><strong>debilis</strong></span> <span class='ocrx_word' id='word_1_96' title='bbox 1599 2307 1709 2384; x_wconf 81' lang='lat' dir='ltr'><strong>fuscia</strong></span> <span class='ocrx_word' id='word_1_97' title='bbox 1739 2308 1828 2404; x_wconf 78' lang='lat' dir='ltr'><strong>ligat</strong></span> <span class='ocrx_word' id='word_1_98' title='bbox 1853 2315 1892 2384; x_wconf 78' lang='lat' dir='ltr'><strong>et</strong></span> 
     </span>
     <span class='ocr_line' id='line_1_13' title="bbox 718 2427 1890 2526; baseline 0.003 -24"><span class='ocrx_word' id='word_1_99' title='bbox 718 2429 808 2524; x_wconf 75' lang='lat' dir='ltr'><strong>tegit</strong></span> <span class='ocrx_word' id='word_1_100' title='bbox 834 2429 1061 2523; x_wconf 78' lang='lat' dir='ltr'><strong>infantulam,</strong></span> <span class='ocrx_word' id='word_1_101' title='bbox 1087 2429 1135 2504; x_wconf 83' lang='lat' dir='ltr'><strong>ita</strong></span> <span class='ocrx_word' id='word_1_102' title='bbox 1162 2449 1251 2504; x_wconf 78' lang='lat' dir='ltr'><strong>curo</strong></span> <span class='ocrx_word' id='word_1_103' title='bbox 1277 2429 1414 2526; x_wconf 81' lang='lat' dir='ltr'><strong>fragilis</strong></span> <span class='ocrx_word' id='word_1_104' title='bbox 1438 2428 1613 2522; x_wconf 84' lang='lat' dir='ltr'><strong>animam,</strong></span> <span class='ocrx_word' id='word_1_105' title='bbox 1631 2449 1716 2522; x_wconf 83' lang='lat' dir='ltr'><strong>quae</strong></span> <span class='ocrx_word' id='word_1_106' title='bbox 1741 2427 1890 2522; x_wconf 85' lang='lat' dir='ltr'><strong>quidem</strong></span> 
     </span>
    </p>
   </div>
   <div class='ocr_carea' id='block_1_3' title="bbox 718 2547 2041 2644">
    <p class='ocr_par' dir='ltr' id='par_1_3' title="bbox 718 2547 2041 2644">
     <span class='ocr_line' id='line_1_14' title="bbox 718 2547 2041 2644; baseline -0.002 -20"><span class='ocrx_word' id='word_1_107' title='bbox 718 2569 805 2624; x_wconf 83' lang='lat' dir='ltr'><strong>caro</strong></span> <span class='ocrx_word' id='word_1_108' title='bbox 829 2549 982 2624; x_wconf 83' lang='lat' dir='ltr'><strong>iueiiiter</strong></span> <span class='ocrx_word' id='word_1_109' title='bbox 1006 2548 1227 2644; x_wconf 83' lang='lat' dir='ltr'><strong>dissolvitur,</strong></span> <span class='ocrx_word' id='word_1_110' title='bbox 1253 2548 1347 2622; x_wconf 84' lang='lat' dir='ltr'><strong>siout</strong></span> <span class='ocrx_word' id='word_1_111' title='bbox 1371 2548 1493 2641; x_wconf 81' lang='lat' dir='ltr'><strong>inscia,</strong></span> <span class='ocrx_word' id='word_1_112' title='bbox 1524 2555 1562 2622; x_wconf 94' lang='lat' dir='ltr'><strong>et</strong></span> <span class='ocrx_word' id='word_1_113' title='bbox 1591 2547 1767 2643; x_wconf 78' lang='lat' dir='ltr'><strong>putrescit</strong></span> <span class='ocrx_word' id='word_1_114' title='bbox 1795 2548 1891 2624; x_wconf 88' lang='lat' dir='ltr'><strong>inter</strong></span> <span class='ocrx_word' id='word_1_115' title='bbox 2034 2565 2041 2577; x_wconf 91' lang='lat'><strong>·</strong></span> 
     </span>
    </p>
   </div>
   <div class='ocr_carea' id='block_1_4' title="bbox 646 2667 1898 4929">
    <p class='ocr_par' dir='ltr' id='par_1_4' title="bbox 646 2667 1898 4929">
     <span class='ocr_line' id='line_1_15' title="bbox 720 2667 1889 2760; baseline -0.002 -17"><span class='ocrx_word' id='word_1_116' title='bbox 720 2669 845 2744; x_wconf 88' lang='lat' dir='ltr'><strong>sordes</strong></span> <span class='ocrx_word' id='word_1_117' title='bbox 871 2667 965 2743; x_wconf 87' lang='lat' dir='ltr'><strong>siout</strong></span> <span class='ocrx_word' id='word_1_118' title='bbox 989 2668 1109 2743; x_wconf 82' lang='lat' dir='ltr'><strong>inscio.</strong></span> <span class='ocrx_word' id='word_1_119' title='bbox 1136 2667 1241 2744; x_wconf 88' lang='lat' dir='ltr'><strong>Unde</strong></span> <span class='ocrx_word' id='word_1_120' title='bbox 1256 2668 1360 2744; x_wconf 82' lang='lat' dir='ltr'><strong>dicit:</strong></span> <span class='ocrx_word' id='word_1_121' title='bbox 1377 2671 1438 2742; x_wconf 81' lang='lat' dir='ltr'><strong>cte</strong></span> <span class='ocrx_word' id='word_1_122' title='bbox 1458 2672 1495 2742; x_wconf 86' lang='lat' dir='ltr'><strong>la</strong></span> <span class='ocrx_word' id='word_1_123' title='bbox 1511 2676 1623 2743; x_wconf 83' lang='lat' dir='ltr'><strong>morte</strong></span> <span class='ocrx_word' id='word_1_124' title='bbox 1638 2670 1800 2760; x_wconf 77' lang='lat' dir='ltr'><strong>dissotoe,</strong></span> <span class='ocrx_word' id='word_1_125' title='bbox 1818 2670 1889 2744; x_wconf 87' lang='lat' dir='ltr'><strong>sci-</strong></span> 
     </span>
     <span class='ocr_line' id='line_1_16' title="bbox 721 2788 1892 2884; baseline -0.002 -20"><span class='ocrx_word' id='word_1_126' title='bbox 721 2790 815 2884; x_wconf 83' lang='lat' dir='ltr'><strong>licet,</strong></span> <span class='ocrx_word' id='word_1_127' title='bbox 841 2789 992 2864; x_wconf 87' lang='lat' dir='ltr'><strong>omnino</strong></span> <span class='ocrx_word' id='word_1_128' title='bbox 1024 2789 1197 2883; x_wconf 77' lang='lat' dir='ltr'><strong>resolvit,</strong></span> <span class='ocrx_word' id='word_1_129' title='bbox 1224 2809 1310 2863; x_wconf 86' lang='lat' dir='ltr'><strong>num</strong></span> <span class='ocrx_word' id='word_1_130' title='bbox 1342 2796 1380 2864; x_wconf 92' lang='lat' dir='ltr'><strong>et</strong></span> <span class='ocrx_word' id='word_1_131' title='bbox 1406 2796 1494 2864; x_wconf 87' lang='lat' dir='ltr'><strong>unte</strong></span> <span class='ocrx_word' id='word_1_132' title='bbox 1524 2796 1681 2864; x_wconf 88' lang='lat' dir='ltr'><strong>mortem</strong></span> <span class='ocrx_word' id='word_1_133' title='bbox 1715 2788 1892 2884; x_wconf 83' lang='lat' dir='ltr'><strong>paulatim</strong></span> 
     </span>
     <span class='ocr_line' id='line_1_17' title="bbox 646 2908 1893 3004; baseline 0.002 -22"><span class='ocrx_word' id='word_1_134' title='bbox 646 2937 651 2948; x_wconf 94' lang='lat'><strong>·</strong></span> <span class='ocrx_word' id='word_1_135' title='bbox 720 2909 906 3004; x_wconf 89' lang='lat' dir='ltr'><strong>rumpitur</strong></span> <span class='ocrx_word' id='word_1_136' title='bbox 930 2915 969 2984; x_wconf 91' lang='lat' dir='ltr'><strong>et</strong></span> <span class='ocrx_word' id='word_1_137' title='bbox 993 2908 1243 2984; x_wconf 85' lang='lat' dir='ltr'><strong>eonsumitur:</strong></span> <span class='ocrx_word' id='word_1_138' title='bbox 1261 2909 1366 2984; x_wconf 83' lang='lat' dir='ltr'><strong>etsie</strong></span> <span class='ocrx_word' id='word_1_139' title='bbox 1384 2908 1459 2983; x_wconf 81' lang='lat' dir='ltr'><strong>dini</strong></span> <span class='ocrx_word' id='word_1_140' title='bbox 1484 2909 1583 3003; x_wconf 89' lang='lat' dir='ltr'><strong>quod</strong></span> <span class='ocrx_word' id='word_1_141' title='bbox 1607 2929 1692 2981; x_wconf 90' lang='lat' dir='ltr'><strong>sum</strong></span> <span class='ocrx_word' id='word_1_142' title='bbox 1710 2909 1835 3003; x_wconf 78' lang='lat' dir='ltr'><strong>vivus,</strong></span> <span class='ocrx_word' id='word_1_143' title='bbox 1853 2915 1893 2984; x_wconf 89' lang='lat' dir='ltr'><strong>et</strong></span> 
     </span>
     <span class='ocr_line' id='line_1_18' title="bbox 718 3027 1890 3124; baseline -0.001 -21"><span class='ocrx_word' id='word_1_144' title='bbox 718 3028 817 3103; x_wconf 79' lang='lat' dir='ltr'><strong>addit</strong></span> <span class='ocrx_word' id='word_1_145' title='bbox 841 3028 951 3122; x_wconf 88' lang='lat' dir='ltr'><strong>uliud,</strong></span> <span class='ocrx_word' id='word_1_146' title='bbox 978 3027 1119 3102; x_wconf 86' lang='lat' dir='ltr'><strong>dicens:</strong></span> <span class='ocrx_word' id='word_1_147' title='bbox 1146 3050 1166 3100; x_wconf 87' lang='lat' dir='ltr'><strong>e</strong></span> <span class='ocrx_word' id='word_1_148' title='bbox 1190 3031 1293 3102; x_wconf 78' lang='lat' dir='ltr'><strong>renni</strong></span> <span class='ocrx_word' id='word_1_149' title='bbox 1316 3031 1388 3124; x_wconf 80' lang='lat' dir='ltr'><strong>qui,</strong></span> <span class='ocrx_word' id='word_1_150' title='bbox 1413 3027 1460 3102; x_wconf 85' lang='lat' dir='ltr'><strong>ud</strong></span> <span class='ocrx_word' id='word_1_151' title='bbox 1490 3029 1585 3103; x_wconf 89' lang='lat' dir='ltr'><strong>istud</strong></span> <span class='ocrx_word' id='word_1_152' title='bbox 1619 3029 1890 3124; x_wconf 81' lang='lat' dir='ltr'><strong>purgatorium,</strong></span> 
     </span>
     <span class='ocr_line' id='line_1_19' title="bbox 716 3149 1889 3247; baseline 0.004 -27"><span class='ocrx_word' id='word_1_153' title='bbox 716 3169 782 3240; x_wconf 81' lang='lat' dir='ltr'><strong>per</strong></span> <span class='ocrx_word' id='word_1_154' title='bbox 805 3151 962 3242; x_wconf 65' lang='lat' dir='ltr'><strong>tussitat</strong></span> <span class='ocrx_word' id='word_1_155' title='bbox 976 3151 1168 3242; x_wconf 68' lang='lat' dir='ltr'><strong>armanda,</strong></span> <span class='ocrx_word' id='word_1_156' title='bbox 1186 3149 1288 3243; x_wconf 88' lang='lat' dir='ltr'><strong>idest,</strong></span> <span class='ocrx_word' id='word_1_157' title='bbox 1306 3150 1471 3226; x_wconf 83' lang='lat' dir='ltr'><strong>laborem</strong></span> <span class='ocrx_word' id='word_1_158' title='bbox 1489 3155 1527 3224; x_wconf 91' lang='lat' dir='ltr'><strong>et</strong></span> <span class='ocrx_word' id='word_1_159' title='bbox 1545 3150 1752 3247; x_wconf 80' lang='lat' dir='ltr'><strong>angustiam</strong></span> <span class='ocrx_word' id='word_1_160' title='bbox 1772 3150 1889 3225; x_wconf 89' lang='lat' dir='ltr'><strong>mniu-</strong></span> 
     </span>
     <span class='ocr_line' id='line_1_20' title="bbox 720 3269 1891 3364; baseline 0.004 -23"><span class='ocrx_word' id='word_1_161' title='bbox 720 3287 939 3362; x_wconf 84' lang='lat' dir='ltr'><strong>remquam</strong></span> <span class='ocrx_word' id='word_1_162' title='bbox 967 3269 1034 3346; x_wconf 87' lang='lat' dir='ltr'><strong>iste</strong></span> <span class='ocrx_word' id='word_1_163' title='bbox 1059 3269 1114 3364; x_wconf 88' lang='lat' dir='ltr'><strong>sit,</strong></span> <span class='ocrx_word' id='word_1_164' title='bbox 1142 3270 1246 3364; x_wconf 81' lang='lat' dir='ltr'><strong>quusi</strong></span> <span class='ocrx_word' id='word_1_165' title='bbox 1277 3270 1391 3345; x_wconf 85' lang='lat' dir='ltr'><strong>dicat:</strong></span> <span class='ocrx_word' id='word_1_166' title='bbox 1422 3271 1530 3346; x_wconf 89' lang='lat' dir='ltr'><strong>*non</strong></span> <span class='ocrx_word' id='word_1_167' title='bbox 1561 3269 1707 3347; x_wconf 87' lang='lat' dir='ltr'><strong>mireris</strong></span> <span class='ocrx_word' id='word_1_168' title='bbox 1735 3271 1764 3346; x_wconf 91' lang='lat' dir='ltr'><strong>si</strong></span> <span class='ocrx_word' id='word_1_169' title='bbox 1797 3271 1891 3346; x_wconf 82' lang='lat' dir='ltr'><strong>vado</strong></span> 
     </span>
     <span class='ocr_line' id='line_1_21' title="bbox 718 3386 1889 3486; baseline 0.005 -25"><span class='ocrx_word' id='word_1_170' title='bbox 718 3386 825 3462; x_wconf 84' lang='lat' dir='ltr'><strong>vivus</strong></span> <span class='ocrx_word' id='word_1_171' title='bbox 850 3407 916 3482; x_wconf 92' lang='lat' dir='ltr'><strong>per</strong></span> <span class='ocrx_word' id='word_1_172' title='bbox 941 3389 1211 3485; x_wconf 84' lang='lat' dir='ltr'><strong>purgatorium,</strong></span> <span class='ocrx_word' id='word_1_173' title='bbox 1237 3390 1324 3484; x_wconf 82' lang='lat' dir='ltr'><strong>quie</strong></span> <span class='ocrx_word' id='word_1_174' title='bbox 1344 3391 1424 3485; x_wconf 86' lang='lat' dir='ltr'><strong>jum</strong></span> <span class='ocrx_word' id='word_1_175' title='bbox 1451 3389 1497 3464; x_wconf 89' lang='lat' dir='ltr'><strong>ivi</strong></span> <span class='ocrx_word' id='word_1_176' title='bbox 1524 3411 1591 3486; x_wconf 91' lang='lat' dir='ltr'><strong>per</strong></span> <span class='ocrx_word' id='word_1_177' title='bbox 1617 3391 1814 3486; x_wconf 81' lang='lat' dir='ltr'><strong>internum,</strong></span> <span class='ocrx_word' id='word_1_178' title='bbox 1845 3412 1889 3467; x_wconf 83' lang='lat' dir='ltr'><strong>ao</strong></span> 
     </span>
     <span class='ocr_line' id='line_1_22' title="bbox 718 3501 1898 3607; baseline 0.007 -27"><span class='ocrx_word' id='word_1_179' title='bbox 718 3506 748 3581; x_wconf 88' lang='lat' dir='ltr'><strong>si</strong></span> <span class='ocrx_word' id='word_1_180' title='bbox 772 3507 901 3584; x_wconf 68' lang='lat' dir='ltr'><strong>dicati*</strong></span> <span class='ocrx_word' id='word_1_181' title='bbox 917 3501 974 3601; x_wconf 59' lang='lat' dir='ltr'><strong>Ut:</strong></span> <span class='ocrx_word' id='word_1_182' title='bbox 1003 3508 1120 3584; x_wconf 80' lang='lat' dir='ltr'><strong>habeo</strong></span> <span class='ocrx_word' id='word_1_183' title='bbox 1133 3511 1211 3605; x_wconf 84' lang='lat' dir='ltr'><strong>jam</strong></span> <span class='ocrx_word' id='word_1_184' title='bbox 1233 3509 1478 3607; x_wconf 85' lang='lat' dir='ltr'><strong>cognitionem</strong></span> <span class='ocrx_word' id='word_1_185' title='bbox 1500 3511 1673 3589; x_wconf 89' lang='lat' dir='ltr'><strong>vitiorum</strong></span> <span class='ocrx_word' id='word_1_186' title='bbox 1699 3511 1898 3605; x_wconf 73' lang='lat' dir='ltr'><strong>questum·</strong></span> 
     </span>
     <span class='ocr_line' id='line_1_23' title="bbox 719 3627 1891 3728; baseline 0.002 -26"><span class='ocrx_word' id='word_1_187' title='bbox 719 3647 854 3723; x_wconf 79' lang='lat' dir='ltr'><strong>magno</strong></span> <span class='ocrx_word' id='word_1_188' title='bbox 879 3627 1006 3704; x_wconf 83' lang='lat' dir='ltr'><strong>labore</strong></span> <span class='ocrx_word' id='word_1_189' title='bbox 1031 3629 1068 3701; x_wconf 90' lang='lat' dir='ltr'><strong>in</strong></span> <span class='ocrx_word' id='word_1_190' title='bbox 1093 3630 1249 3724; x_wconf 82' lang='lat' dir='ltr'><strong>interno,</strong></span> <span class='ocrx_word' id='word_1_191' title='bbox 1274 3650 1373 3704; x_wconf 85' lang='lat' dir='ltr'><strong>nunu</strong></span> <span class='ocrx_word' id='word_1_192' title='bbox 1403 3629 1550 3706; x_wconf 90' lang='lat' dir='ltr'><strong>intendo</strong></span> <span class='ocrx_word' id='word_1_193' title='bbox 1584 3632 1722 3706; x_wconf 81' lang='lat' dir='ltr'><strong>habere</strong></span> <span class='ocrx_word' id='word_1_194' title='bbox 1752 3653 1891 3728; x_wconf 80' lang='lat' dir='ltr'><strong>purgu-</strong></span> 
     </span>
     <span class='ocr_line' id='line_1_24' title="bbox 717 3747 1889 3845; baseline 0.002 -23"><span class='ocrx_word' id='word_1_195' title='bbox 717 3747 854 3824; x_wconf 87' lang='lat' dir='ltr'><strong>tionem</strong></span> <span class='ocrx_word' id='word_1_196' title='bbox 881 3767 1012 3826; x_wconf 89' lang='lat' dir='ltr'><strong>eorum</strong></span> <span class='ocrx_word' id='word_1_197' title='bbox 1041 3749 1076 3822; x_wconf 91' lang='lat' dir='ltr'><strong>in</strong></span> <span class='ocrx_word' id='word_1_198' title='bbox 1103 3748 1328 3845; x_wconf 81' lang='lat' dir='ltr'><strong>purgatorio.</strong></span> <span class='ocrx_word' id='word_1_199' title='bbox 1355 3751 1400 3824; x_wconf 86' lang='lat' dir='ltr'><strong>Et</strong></span> <span class='ocrx_word' id='word_1_200' title='bbox 1428 3749 1515 3824; x_wconf 83' lang='lat' dir='ltr'><strong>iacit</strong></span> <span class='ocrx_word' id='word_1_201' title='bbox 1543 3771 1650 3825; x_wconf 81' lang='lat' dir='ltr'><strong>suem</strong></span> <span class='ocrx_word' id='word_1_202' title='bbox 1676 3751 1889 3845; x_wconf 84' lang='lat' dir='ltr'><strong>petitionem</strong></span> 
     </span>
     <span class='ocr_line' id='line_1_25' title="bbox 718 3867 1890 3966; baseline 0.001 -23"><span class='ocrx_word' id='word_1_203' title='bbox 718 3867 891 3943; x_wconf 76' lang='lat' dir='ltr'><strong>adiurans</strong></span> <span class='ocrx_word' id='word_1_204' title='bbox 916 3887 1003 3942; x_wconf 90' lang='lat' dir='ltr'><strong>eum</strong></span> <span class='ocrx_word' id='word_1_205' title='bbox 1028 3888 1094 3963; x_wconf 89' lang='lat' dir='ltr'><strong>per</strong></span> <span class='ocrx_word' id='word_1_206' title='bbox 1113 3869 1213 3946; x_wconf 87' lang='lat' dir='ltr'><strong>ilium</strong></span> <span class='ocrx_word' id='word_1_207' title='bbox 1230 3869 1455 3966; x_wconf 78' lang='lat' dir='ltr'><strong>singularem</strong></span> <span class='ocrx_word' id='word_1_208' title='bbox 1473 3871 1631 3966; x_wconf 80' lang='lat' dir='ltr'><strong>gruttam</strong></span> <span class='ocrx_word' id='word_1_209' title='bbox 1650 3891 1734 3965; x_wconf 77' lang='lat' dir='ltr'><strong>quse</strong></span> <span class='ocrx_word' id='word_1_210' title='bbox 1752 3877 1808 3946; x_wconf 90' lang='lat' dir='ltr'><strong>est</strong></span> <span class='ocrx_word' id='word_1_211' title='bbox 1824 3871 1890 3945; x_wconf 89' lang='lat' dir='ltr'><strong>sibi</strong></span> 
     </span>
     <span class='ocr_line' id='line_1_26' title="bbox 718 3988 1890 4087; baseline 0.001 -23"><span class='ocrx_word' id='word_1_212' title='bbox 718 4009 902 4082; x_wconf 81' lang='lat' dir='ltr'><strong>norruessa,</strong></span> <span class='ocrx_word' id='word_1_213' title='bbox 927 3988 1067 4066; x_wconf 87' lang='lat' dir='ltr'><strong>dicens:</strong></span> <span class='ocrx_word' id='word_1_214' title='bbox 1093 4011 1112 4061; x_wconf 84' lang='lat' dir='ltr'><strong>e</strong></span> <span class='ocrx_word' id='word_1_215' title='bbox 1137 4011 1174 4062; x_wconf 84' lang='lat' dir='ltr'><strong>se</strong></span> <span class='ocrx_word' id='word_1_216' title='bbox 1198 3993 1280 4081; x_wconf 81' lang='lat' dir='ltr'><strong>Dio,</strong></span> <span class='ocrx_word' id='word_1_217' title='bbox 1297 3990 1340 4084; x_wconf 92' lang='lat' dir='ltr'><strong>si,</strong></span> <span class='ocrx_word' id='word_1_218' title='bbox 1357 4011 1425 4086; x_wconf 88' lang='lat' dir='ltr'><strong>pro</strong></span> <span class='ocrx_word' id='word_1_219' title='bbox 1440 3991 1550 4085; x_wconf 79' lang='lat' dir='ltr'><strong>quia3</strong></span> <span class='ocrx_word' id='word_1_220' title='bbox 1568 3992 1655 4086; x_wconf 81' lang='lat' dir='ltr'><strong>quia</strong></span> <span class='ocrx_word' id='word_1_221' title='bbox 1675 3992 1755 4066; x_wconf 90' lang='lat' dir='ltr'><strong>sine</strong></span> <span class='ocrx_word' id='word_1_222' title='bbox 1773 3991 1890 4087; x_wconf 83' lang='lat' dir='ltr'><strong>gratio</strong></span> 
     </span>
     <span class='ocr_line' id='line_1_27' title="bbox 718 4108 1891 4209; baseline 0.002 -27"><span class='ocrx_word' id='word_1_223' title='bbox 718 4108 784 4186; x_wconf 85' lang='lat' dir='ltr'><strong>Dei</strong></span> <span class='ocrx_word' id='word_1_224' title='bbox 809 4129 882 4184; x_wconf 89' lang='lat' dir='ltr'><strong>non</strong></span> <span class='ocrx_word' id='word_1_225' title='bbox 908 4115 1074 4204; x_wconf 82' lang='lat' dir='ltr'><strong>poteram</strong></span> <span class='ocrx_word' id='word_1_226' title='bbox 1100 4129 1188 4184; x_wconf 83' lang='lat' dir='ltr'><strong>oum</strong></span> <span class='ocrx_word' id='word_1_227' title='bbox 1221 4110 1321 4184; x_wconf 92' lang='lat' dir='ltr'><strong>omni</strong></span> <span class='ocrx_word' id='word_1_228' title='bbox 1353 4110 1491 4186; x_wconf 82' lang='lat' dir='ltr'><strong>auxilio</strong></span> <span class='ocrx_word' id='word_1_229' title='bbox 1516 4119 1559 4191; x_wconf 83' lang='lat' dir='ltr'><strong>et.</strong></span> <span class='ocrx_word' id='word_1_230' title='bbox 1578 4111 1891 4209; x_wconf 78' lang='lat' dir='ltr'><strong>consiiio&#39;Virgiiii</strong></span> 
     </span>
     <span class='ocr_line' id='line_1_28' title="bbox 719 4227 1890 4325; baseline 0.005 -23"><span class='ocrx_word' id='word_1_231' title='bbox 719 4227 840 4306; x_wconf 84' lang='lat' dir='ltr'><strong>iacere</strong></span> <span class='ocrx_word' id='word_1_232' title='bbox 866 4235 941 4304; x_wconf 83' lang='lat' dir='ltr'><strong>tem</strong></span> <span class='ocrx_word' id='word_1_233' title='bbox 967 4249 1114 4306; x_wconf 89' lang='lat' dir='ltr'><strong>sacrum</strong></span> <span class='ocrx_word' id='word_1_234' title='bbox 1140 4251 1245 4325; x_wconf 89' lang='lat' dir='ltr'><strong>opus,</strong></span> <span class='ocrx_word' id='word_1_235' title='bbox 1272 4233 1377 4304; x_wconf 82' lang='lat' dir='ltr'><strong>m’tu</strong></span> <span class='ocrx_word' id='word_1_236' title='bbox 1403 4234 1442 4304; x_wconf 79' lang='lat' dir='ltr'><strong>iu</strong></span> <span class='ocrx_word' id='word_1_237' title='bbox 1470 4253 1537 4306; x_wconf 81' lang='lat' dir='ltr'><strong>suu</strong></span> <span class='ocrx_word' id='word_1_238' title='bbox 1564 4237 1695 4324; x_wconf 78' lang='lat' dir='ltr'><strong>prurio</strong></span> <span class='ocrx_word' id='word_1_239' title='bbox 1725 4235 1890 4324; x_wconf 63' lang='lat' dir='ltr'><strong>mutuno,</strong></span> 
     </span>
     <span class='ocr_line' id='line_1_29' title="bbox 719 4349 1891 4450; baseline 0.004 -26"><span class='ocrx_word' id='word_1_240' title='bbox 719 4367 782 4424; x_wconf 89' lang='lat' dir='ltr'><strong>me</strong></span> <span class='ocrx_word' id='word_1_241' title='bbox 805 4349 1091 4445; x_wconf 82' lang='lat' dir='ltr'><strong>singularissime</strong></span> <span class='ocrx_word' id='word_1_242' title='bbox 1116 4349 1341 4430; x_wconf 77' lang='lat' dir='ltr'><strong>admittendo</strong></span> <span class='ocrx_word' id='word_1_243' title='bbox 1370 4351 1417 4426; x_wconf 85' lang='lat' dir='ltr'><strong>ud</strong></span> <span class='ocrx_word' id='word_1_244' title='bbox 1446 4373 1553 4428; x_wconf 82' lang='lat' dir='ltr'><strong>suern</strong></span> <span class='ocrx_word' id='word_1_245' title='bbox 1579 4353 1777 4450; x_wconf 80' lang='lat' dir='ltr'><strong>benignum</strong></span> <span class='ocrx_word' id='word_1_246' title='bbox 1803 4374 1891 4449; x_wconf 79' lang='lat' dir='ltr'><strong>gru·</strong></span> 
     </span>
     <span class='ocr_line' id='line_1_30' title="bbox 719 4469 1894 4569; baseline 0.005 -27"><span class='ocrx_word' id='word_1_247' title='bbox 719 4469 820 4562; x_wconf 84' lang='lat' dir='ltr'><strong>tium,</strong></span> <span class='ocrx_word' id='word_1_248' title='bbox 839 4477 948 4558; x_wconf 73' lang='lat' dir='ltr'><strong>mun,</strong></span> <span class='ocrx_word' id='word_1_249' title='bbox 965 4473 1139 4546; x_wconf 69' lang='lat' dir='ltr'><strong>ct’rvuot</strong></span> <span class='ocrx_word' id='word_1_250' title='bbox 1152 4471 1245 4544; x_wconf 61' lang='lat' dir='ltr'><strong>rofio</strong></span> <span class='ocrx_word' id='word_1_251' title='bbox 1263 4473 1388 4562; x_wconf 71' lang='lat' dir='ltr'><strong>osopio</strong></span> <span class='ocrx_word' id='word_1_252' title='bbox 1404 4474 1441 4546; x_wconf 83' lang='lat' dir='ltr'><strong>tu</strong></span> <span class='ocrx_word' id='word_1_253' title='bbox 1456 4492 1524 4546; x_wconf 77' lang='lat' dir='ltr'><strong>suu</strong></span> <span class='ocrx_word' id='word_1_254' title='bbox 1547 4481 1654 4563; x_wconf 78' lang='lat' dir='ltr'><strong>rorte,</strong></span> <span class='ocrx_word' id='word_1_255' title='bbox 1672 4473 1777 4566; x_wconf 85' lang='lat' dir='ltr'><strong>idest,</strong></span> <span class='ocrx_word' id='word_1_256' title='bbox 1795 4473 1894 4569; x_wconf 91' lang='lat' dir='ltr'><strong>quod</strong></span> 
     </span>
     <span class='ocr_line' id='line_1_31' title="bbox 719 4587 1896 4688; baseline 0.006 -27"><span class='ocrx_word' id='word_1_257' title='bbox 719 4588 825 4684; x_wconf 75' lang='lat' dir='ltr'><strong>virus</strong></span> <span class='ocrx_word' id='word_1_258' title='bbox 849 4587 1044 4668; x_wconf 71' lang='lat' dir='ltr'><strong>meandum</strong></span> <span class='ocrx_word' id='word_1_259' title='bbox 1071 4590 1107 4664; x_wconf 92' lang='lat' dir='ltr'><strong>in</strong></span> <span class='ocrx_word' id='word_1_260' title='bbox 1133 4590 1284 4684; x_wconf 83' lang='lat' dir='ltr'><strong>ooeium,</strong></span> <span class='ocrx_word' id='word_1_261' title='bbox 1305 4611 1374 4683; x_wconf 79' lang='lat' dir='ltr'><strong>per</strong></span> <span class='ocrx_word' id='word_1_262' title='bbox 1397 4595 1505 4666; x_wconf 80' lang='lat' dir='ltr'><strong>morto</strong></span> <span class='ocrx_word' id='word_1_263' title='bbox 1529 4600 1613 4667; x_wconf 81' lang='lat' dir='ltr'><strong>tutto</strong></span> <span class='ocrx_word' id='word_1_264' title='bbox 1634 4597 1720 4688; x_wconf 74' lang='lat' dir='ltr'><strong>pror</strong></span> <span class='ocrx_word' id='word_1_265' title='bbox 1740 4589 1798 4668; x_wconf 73' lang='lat' dir='ltr'><strong>rtet</strong></span> <span class='ocrx_word' id='word_1_266' title='bbox 1817 4615 1896 4668; x_wconf 85' lang='lat' dir='ltr'><strong>mo·</strong></span> 
     </span>
     <span class='ocr_line' id='line_1_32' title="bbox 718 4709 1895 4809; baseline 0.003 -23"><span class='ocrx_word' id='word_1_267' title='bbox 718 4709 830 4786; x_wconf 80' lang='lat' dir='ltr'><strong>derrto</strong></span> <span class='ocrx_word' id='word_1_268' title='bbox 846 4730 922 4800; x_wconf 80' lang='lat' dir='ltr'><strong>uso,</strong></span> <span class='ocrx_word' id='word_1_269' title='bbox 940 4709 1086 4804; x_wconf 80' lang='lat' dir='ltr'><strong>seilicet,</strong></span> <span class='ocrx_word' id='word_1_270' title='bbox 1105 4730 1172 4804; x_wconf 87' lang='lat' dir='ltr'><strong>per</strong></span> <span class='ocrx_word' id='word_1_271' title='bbox 1189 4709 1367 4805; x_wconf 74' lang='lat' dir='ltr'><strong>poetieam</strong></span> <span class='ocrx_word' id='word_1_272' title='bbox 1386 4713 1693 4809; x_wconf 73' lang='lat' dir='ltr'><strong>speculationem,</strong></span> <span class='ocrx_word' id='word_1_273' title='bbox 1714 4713 1789 4790; x_wconf 91' lang='lat' dir='ltr'><strong>imo</strong></span> <span class='ocrx_word' id='word_1_274' title='bbox 1810 4717 1895 4790; x_wconf 88' lang='lat' dir='ltr'><strong>nul·</strong></span> 
     </span>
     <span class='ocr_line' id='line_1_33' title="bbox 719 4827 1890 4929; baseline 0.007 -29"><span class='ocrx_word' id='word_1_275' title='bbox 719 4827 1203 4922; x_wconf 75' lang='lat' dir='ltr'><strong>lus,antiquornm·nedum</strong></span> <span class='ocrx_word' id='word_1_276' title='bbox 1237 4829 1501 4907; x_wconf 88' lang='lat' dir='ltr'><strong>modernorum</strong></span> <span class='ocrx_word' id='word_1_277' title='bbox 1533 4834 1696 4908; x_wconf 77' lang='lat' dir='ltr'><strong>escendit</strong></span> <span class='ocrx_word' id='word_1_278' title='bbox 1725 4855 1890 4929; x_wconf 80' lang='lat' dir='ltr'><strong>unquam</strong></span> 
     </span>
    </p>
   </div>
   <div class='ocr_carea' id='block_1_5' title="bbox 781 5093 1646 5160">
    <p class='ocr_par' dir='ltr' id='par_1_5' title="bbox 781 5093 1646 5160">
     <span class='ocr_line' id='line_1_34' title="bbox 781 5093 1646 5160; baseline 0.002 -14"><span class='ocrx_word' id='word_1_279' title='bbox 781 5093 808 5157; x_wconf 83' lang='lat'><strong>(¹)</strong></span> <span class='ocrx_word' id='word_1_280' title='bbox 824 5095 860 5145; x_wconf 87' lang='lat' dir='ltr'><strong>Le</strong></span> <span class='ocrx_word' id='word_1_281' title='bbox 877 5095 966 5160; x_wconf 69' lang='lat' dir='ltr'><strong>parole</strong></span> <span class='ocrx_word' id='word_1_282' title='bbox 983 5094 1023 5146; x_wconf 79' lang='lat' dir='ltr'><strong>ira</strong></span> <span class='ocrx_word' id='word_1_283' title='bbox 1039 5097 1047 5146; x_wconf 89' lang='lat' dir='ltr'><strong>i</strong></span> <span class='ocrx_word' id='word_1_284' title='bbox 1063 5097 1114 5147; x_wconf 85' lang='lat' dir='ltr'><strong>due</strong></span> <span class='ocrx_word' id='word_1_285' title='bbox 1130 5096 1264 5149; x_wconf 64' lang='lat' dir='ltr'><strong>aterbii</strong></span> <span class='ocrx_word' id='word_1_286' title='bbox 1279 5109 1345 5148; x_wconf 72' lang='lat' dir='ltr'><strong>uno</strong></span> <span class='ocrx_word' id='word_1_287' title='bbox 1359 5097 1400 5148; x_wconf 76' lang='lat' dir='ltr'><strong>uu</strong></span> <span class='ocrx_word' id='word_1_288' title='bbox 1415 5095 1502 5147; x_wconf 80' lang='lat' dir='ltr'><strong>Gudtct</strong></span> <span class='ocrx_word' id='word_1_289' title='bbox 1517 5097 1543 5147; x_wconf 84' lang='lat' dir='ltr'><strong>s.</strong></span> <span class='ocrx_word' id='word_1_290' title='bbox 1559 5111 1575 5148; x_wconf 77' lang='lat' dir='ltr'><strong>e</strong></span> <span class='ocrx_word' id='word_1_291' title='bbox 1592 5102 1646 5149; x_wconf 80' lang='lat'>1¹7.</span> 
     </span>
    </p>
   </div>
   <div class='ocr_carea' id='block_1_6' title="bbox 0 0 2277 6836">
    <p class='ocr_par' dir='ltr' id='par_1_6' title="bbox 0 0 2277 6836">
     <span class='ocr_line' id='line_1_35' title="bbox 0 0 2277 6836; baseline 0 0"><span class='ocrx_word' id='word_1_292' title='bbox 0 0 2277 6836; x_wconf 95' lang='lat' dir='ltr'><strong> </strong></span> 
     </span>
    </p>
   </div>
  </div>
 </body>
</html>
