4542 6842
726 934 798 1002 432
1085 943 1290 1002 uouunruu
1315 948 1535 1003 nunoaronn

725 1098 762 1166 et
787 1091 955 1164 liberavit
979 1091 1156 1166 llarcum.
1184 1093 1238 1166 Ad
1262 1092 1406 1167 literam
1432 1113 1534 1190 ergo,
1554 1091 1641 1168 dicit
1665 1101 1774 1190 poeta
1784 1087 1839 1187 (¹)²
1861 1102 1899 1170 et

724 1209 784 1284 ille
809 1210 957 1304 spiritus
974 1209 1184 1286 describens
1200 1234 1241 1287 se
1266 1234 1287 1287 a
1315 1211 1552 1307 prenomine,
1570 1214 1719 1308 proprio
1738 1215 1897 1309 nomine,

722 1337 760 1406 et
777 1330 925 1422 virtute,
946 1323 1017 1404 cosi
1041 1335 1190 1424 rirpose,
1208 1333 1278 1406 sub
1296 1338 1371 1407 tam
1389 1331 1518 1406 curiali
1536 1331 1656 1408 lorma
1676 1335 1898 1409 verborum:

722 1453 922 1526 lombardo
950 1453 1014 1546 sni.
1040 1452 1085 1525 Et
1118 1452 1176 1527 bic
1209 1460 1305 1547 nota,
1332 1452 1432 1547 quod
1462 1453 1531 1528 iste
1561 1454 1774 1530 denominat
1805 1476 1845 1530 se
1876 1477 1899 1531 a

722 1581 845 1670 gente,
863 1573 950 1666 quia
967 1572 1035 1646 luit
1055 1572 1101 1646 de
1118 1572 1337 1648 lombardia
1354 1572 1529 1667 inferiori,
1550 1595 1634 1668 quae
1651 1574 1785 1650 dicitur
1801 1577 1901 1650 llar-

721 1694 803 1768 cbia
829 1693 1047 1786 Taruisana3
1073 1693 1131 1768 vel
1157 1693 1216 1768 dic
1233 1701 1270 1768 et
1290 1693 1434 1788 melius,
1452 1693 1551 1788 quod
1569 1693 1825 1770 denominatus
1842 1703 1898 1770 est

723 1813 962 1907 Lombardus,
989 1813 1077 1908 quia
1103 1813 1330 1890 familiariter
1350 1816 1641 1890 conversabatur
1665 1836 1752 1890 cum
1778 1817 1897 1892 domi-

724 1934 778 2006 nis
802 1933 1031 2009 Lombardiae
1059 1941 1226 2029 tempore
1250 1955 1330 2027 suo,
1353 1935 1450 2008 inter
1474 1955 1569 2028 quos
1594 1935 1775 2010 tractabat
1799 1956 1898 2031 saepe

722 2055 934 2128 concordias
948 2045 1000 2147 (²),
1027 2074 1147 2149 paces,
1170 2055 1375 2148 affinitates,
1397 2061 1435 2129 et
1459 2054 1807 2132 confoederationes:
1828 2057 1897 2130 ali·

722 2172 869 2266 quando
895 2173 1004 2248 etiam
1040 2174 1217 2248 transibat
1248 2174 1478 2268 Apenninum
1514 2174 1550 2247 in
1579 2175 1760 2250 Tusciam.
1795 2176 1896 2252 Unde

719 2293 851 2368 audisti
877 2292 974 2388 alibi,
993 2294 1152 2389 qualiter
1178 2295 1408 2389 prophetavit
1425 2295 1550 2369 comiti
1570 2295 1721 2391 Ugolino
1738 2303 1896 2392 tyranno

721 2413 887 2488 Pisanum
915 2413 1008 2488 iram
1035 2413 1097 2488 liei
1127 2421 1321 2488 venturam
1349 2434 1461 2509 super
1486 2433 1585 2489 enm.
1612 2415 1658 2488 lit
1681 2415 1786 2489 dicit:
1808 2419 1895 2510 esui

721 2537 894 2607 clriomnto
917 2539 1064 2626 Moroo‚·
1081 2555 1157 2627 quo
1180 2535 1329 2609 nomine
1346 2535 1450 2608 multi
1469 2535 1708 2609 inveniuntur
1725 2535 1895 2612 venetiis.

724 2654 768 2726 lit
794 2654 852 2727 bic
878 2661 963 2728 nota
989 2653 1088 2748 quod
1113 2654 1256 2728 nullum
1283 2674 1419 2728 nomen
1444 2654 1629 2728 invenitur
1648 2656 1820 2731 babuisse
1840 2663 1894 2731 tot

725 2774 885 2863 illustres
910 2775 1008 2849 viros
1025 2774 1119 2849 sicut
1136 2774 1232 2860 istud
1253 2795 1389 2849 nomen
1405 2777 1561 2868 Marcus,
1580 2782 1622 2849 ut
1636 2777 1781 2851 llarcus
1797 2776 1895 2851 Varo

724 2884 780 2967 vir
805 2893 1036 2967 doctissimus
1062 2915 1316 2984 romanorum,
1342 2895 1486 2969 blarcus
1510 2895 1600 2969 dato
1626 2895 1682 2970 vir
1707 2896 1896 2992 sapientis·

724 3015 850 3108 simuS,
877 3016 1020 3090 Marcus
1045 3014 1185 3088 Tullius
1211 3014 1267 3088 vir
1295 3015 1627 3108 eloquentissimus,
1652 3017 1796 3092 Marcus
1826 3017 1896 3090 Ca·

723 3134 845 3208 millus
871 3134 927 3207 vir
953 3134 1124 3229 optimus,
1151 3135 1294 3208 Marcus
1319 3133 1482 3209 Scaevola
1512 3135 1569 3209 vir
1603 3135 1831 3231 fortissimus,
1857 3143 1896 3210 et

721 3255 769 3329 ita
788 3255 835 3329 de
852 3255 1027 3349 plurimis.
1055 3255 1098 3327 Et
1123 3255 1191 3329 iste
1210 3257 1354 3330 Marcus
1378 3255 1447 3328 luit
1465 3255 1520 3330 vir
1537 3257 1708 3351 prudens,
1727 3256 1891 3350 affabilis,

683 3401 686 3408 ·
720 3386 896 3470 expertus
921 3375 1108 3471 agibilinm
1136 3375 1287 3468 mundi3
1314 3376 1397 3452 ideo
1421 3376 1517 3451 bene
1546 3377 1655 3451 dicit:
1681 3380 1739 3451 del
1761 3379 1891 3450 modo

719 3499 828 3589 seppi,
846 3495 932 3592 quia
955 3517 1126 3593 magnam
1147 3497 1309 3570 notitiam
1330 3517 1458 3572 rerum
1477 3498 1726 3572 humanarum
1751 3498 1889 3592 babuit,

719 3639 739 3692 e
763 3620 843 3712 quet
867 3621 988 3692 valore
1011 3622 1120 3708 amai,
1143 3617 1278 3692 scilicet
1295 3617 1484 3712 virtutem,
1503 3639 1586 3713 quae
1602 3610 1639 3712 (³)
1657 3627 1713 3694 est
1742 3618 1894 3694 omnino

719 3738 913 3830 derelicta;
929 3737 1026 3813 unde
1043 3738 1146 3813 dicit:
1165 3740 1204 3812 ot
1219 3742 1320 3829 qnare
1336 3741 1384 3811 bo
1399 3760 1445 3811 or
1463 3742 1604 3812 norrun
1621 3743 1746 3814 dr'steso
1765 3743 1894 3831 lurco,

720 3860 808 3955 quia
834 3860 956 3933 nullus
981 3859 1103 3954 dirigit
1129 3880 1228 3934 nunc
1257 3859 1508 3955 operationem
1540 3881 1647 3935 suam
1673 3860 1720 3935 ad
1745 3861 1890 3957 signum

720 3979 883 4072 virtutis3
902 3978 959 4052 vel
979 3978 1038 4053 dic
1064 3978 1207 4072 melius,
1229 3979 1328 4072 quod
1346 3980 1498 4073 quilibet
1514 3980 1625 4056 babet
1643 4001 1741 4055 nunc
1760 4001 1889 4055 arcum

720 4105 865 4174 tensum
893 4098 938 4172 ad
964 4099 1163 4173 arcendam
1189 4107 1226 4173 et
1253 4099 1498 4194 repellendam
1530 4101 1705 4176 virtutem
1735 4100 1844 4197 longe
1868 4119 1891 4173 a

720 4240 760 4294 se
785 4225 975 4312 tamquam
1001 4218 1198 4313 inimicam,
1226 4241 1331 4295 more
1362 4222 1591 4314 parthorum,
1618 4221 1681 4315 qui
1711 4220 1893 4317 fugientes

719 4341 862 4414 bostem
888 4360 974 4413 cum
1000 4360 1091 4414 arcu
1118 4339 1299 4436 sagiptant
1323 4361 1346 4415 a
1371 4347 1488 4438 tergo.
1507 4343 1551 4416 lit
1577 4341 1770 4437 respondet
1794 4344 1892 4415 Mar-

720 4479 786 4536 cus
811 4459 980 4534 secundae
1005 4459 1179 4554 petitioni,
1200 4461 1342 4537 dicens:
1358 4483 1425 4554 per
1443 4471 1642 4537 montarso
1661 4465 1892 4536 dirtttomentc

718 4583 789 4672 oui,
816 4579 921 4673 quasi
952 4579 1060 4674 dicat,
1086 4580 1227 4654 intrasti
1260 4581 1357 4655 viam
1389 4589 1529 4657 rectam
1559 4590 1597 4657 et
1625 4602 1754 4658 veram
1782 4582 1893 4656 siris

718 4699 917 4776 ascendere
942 4701 1090 4774 coelum.
1116 4701 1161 4773 Et
1185 4699 1284 4775 addit
1309 4707 1436 4796 poeta:
1457 4723 1476 4774 e
1498 4705 1696 4794 soppiunse,
1717 4701 1777 4777 ille
1793 4703 1890 4776 llar-

719 4841 796 4915 cus,
822 4825 856 4894 to
882 4823 907 4893 ti
928 4841 1041 4912 prepo
1065 4823 1126 4895 ote
1147 4843 1214 4913 per
1239 4842 1293 4894 me
1311 4823 1450 4913 prepbi,
1470 4823 1572 4916 idest,
1592 4841 1678 4897 ores
1701 4821 1749 4898 ad
1769 4807 1887 4896 Deum

781 5005 808 5068 (¹)
825 5005 849 5054 S·
868 5010 951 5068 βθθῑι,
968 5007 1038 5070 quod
1055 5007 1108 5058 ille.
1297 5005 1326 5068 (¹)
1341 5005 1367 5057 S.
1384 5007 1558 5058 concordiam,

781 5081 808 5144 ζ’)
827 5086 881 5141 lli,
897 5093 955 5145 que
971 5087 1010 5132 eet
1027 5082 1102 5134 bodie
1118 5083 1225 5134 omnino
1240 5083 1374 5134 dentem
