4542 6842
715 959 788 1026 ata
1074 973 1280 1030 comaron
1304 974 1524 1030 rnneaaonn

716 1139 789 1193 non
819 1117 927 1192 satiat
955 1119 1158 1214 appetitum
1184 1126 1306 1214 tunm,
1330 1122 1454 1193 oedrm
1477 1122 1650 1212 Baetice,
1674 1120 1780 1215 idest,
1806 1139 1891 1215 spe·

714 1239 896 1314 culaberis
921 1239 1155 1337 theologiam,
1180 1240 1368 1334 adquam
1393 1241 1553 1336 pertinet
1576 1240 1772 1316 ostendere
1797 1239 1889 1315 lmi-

716 1359 854 1435 tionem
870 1359 1008 1434 summi
1034 1359 1141 1456 boni;
1157 1361 1240 1436 ideo
1255 1360 1362 1436 dicit:
1379 1368 1414 1436 et
1427 1364 1496 1435 eda
1507 1364 1726 1454 penam
1744 1364 1770 1434 ti
1786 1350 1889 1450 tend

715 1489 835 1572 presta
859 1487 892 1555 et
914 1484 1064 1554 dasoun’
1077 1485 1175 1556 mero
1198 1482 1339 1573 banaa,
1365 1480 1468 1577 idest,
1488 1481 1639 1576 tamem,
1656 1480 1793 1556 scilieet
1816 1481 1887 1556 dn·

716 1600 928 1676 bitationem
947 1600 1041 1676 fidei.
1059 1603 1104 1674 Et
1120 1601 1183 1678 dat
1200 1601 1372 1698 Virgilius
1387 1601 1570 1697 optimum
1590 1601 1781 1676 eonsilium
1801 1621 1888 1696 per-

716 1721 883 1796 veniendi
909 1721 980 1796 cito
1004 1721 1050 1796 ad
1076 1721 1294 1816 beatricem,
1319 1721 1463 1798 dicens:
1484 1724 1676 1815 mosaeam
1691 1743 1765 1814 par
1781 1724 1888 1796 cteta

714 1843 837 1934 enque
846 1845 989 1936 propte,
1006 1842 1098 1918 idest
1113 1836 1163 1938 (⁴),
1188 1843 1318 1940 plage,
1335 1864 1421 1938 que
1437 1850 1524 1916 sunt
1543 1842 1700 1918 vulnera
1718 1843 1886 1919 mortalia

715 1963 861 2058 animae,
879 1971 966 2038 cose
987 1966 1089 2037 nano
1105 1972 1235 2057 sponte,
1252 1964 1356 2058 idest,
1374 1964 1612 2059 mortificate,
1629 1986 1727 2038 come
1741 1986 1809 2038 son
1827 1955 1890 2055 pid

716 2083 748 2157 te
771 2086 851 2175 dae,
871 2084 1008 2160 scilicet
1024 2083 1197 2179 superbia
1213 2091 1251 2158 et
1268 2082 1414 2179 invidia,
1432 2085 1557 2179 peiora
1575 2085 1727 2159 ceteris.
1745 2086 1791 2158 Et
1807 2090 1889 2158 tan-

714 2201 769 2300 git
794 2203 945 2278 modum
971 2204 1211 2300 purgationis,
1242 2203 1386 2278 dicens:
1412 2206 1472 2276 ete
1501 2207 1534 2292 st
1561 2207 1758 2295 riettittdon,
1786 2204 1890 2298 idest,

715 2331 903 2418 sanantur,
927 2327 1287 2416 pararnonem,
1312 2345 1380 2421 per
1405 2346 1534 2401 veram
1560 2325 1824 2420 pmnitentiam.

793 2448 906 2518 dome.
931 2444 1004 2520 Ista
1030 2451 1086 2520 est
1112 2445 1218 2519 tertia
1235 2464 1321 2541 pars
1337 2445 1531 2542 generalis,
1550 2444 1587 2520 in
1607 2465 1681 2538 qua
1699 2451 1805 2540 poeta
1822 2465 1892 2521 no·

717 2570 793 2641 ster
817 2565 988 2641 describit
1015 2587 1127 2640 unam
1154 2587 1262 2640 suam
1289 2565 1466 2641 visionem
1491 2585 1559 2661 per
1581 2586 1695 2660 quam
1711 2565 1819 2640 donet
1835 2566 1892 2641 vi·

717 2691 797 2760 tare
823 2693 860 2761 et
884 2705 1097 2781 praecavere
1122 2684 1252 2760 vitium
1281 2685 1346 2760 irre
1370 2705 1437 2781 per
1457 2686 1627 2780 quaedam
1650 2685 1890 2762 memoranda

717 2805 889 2901 exempla
913 2825 1169 2900 personarum,
1196 2826 1280 2900 que
1304 2825 1392 2880 cum
1423 2805 1602 2881 baberent
1626 2806 1766 2901 justam
1797 2826 1890 2881 eau-

718 2945 798 3000 sam
816 2925 1005 3019 irascendi,
1023 2947 1101 3000 use
1126 2934 1213 3000 sunt
1229 2927 1423 3002 elementia
1439 2934 1477 3001 et
1494 2926 1716 3024 benignitate
1734 2947 1885 3030 magna:

718 3054 756 3122 et
780 3047 899 3142 primo
924 3045 1141 3121 continuans
1165 3054 1307 3142 partem
1333 3047 1427 3142 parti
1452 3048 1609 3122 ostendit
1629 3049 1816 3143 quomodo
1832 3047 1889 3122 di·

718 3165 874 3263 spositus
898 3164 1009 3242 luerit
1025 3165 1072 3240 ad
1089 3186 1224 3241 novam
1244 3168 1450 3262 materiam,
1468 3166 1608 3242 dicens:
1629 3171 1723 3242 Gom'
1735 3172 1771 3242 io
1788 3170 1888 3241 vobo

717 3289 823 3382 dicer,
849 3287 996 3383 seilicet,
1022 3285 1193 3382 Virgilio:
1220 3295 1255 3362 tu
1286 3291 1332 3362 m'
1345 3291 1516 3381 oppapte,
1548 3288 1652 3382 idest,
1683 3288 1826 3382 quietas
1849 3293 1890 3362 et

716 3413 904 3483 contentas
931 3427 1002 3502 me,
1029 3408 1149 3480 oidimi
1170 3411 1291 3498 ptumo
1315 3410 1352 3480 in
1376 3429 1418 3480 su
1438 3409 1568 3482 taltro
1592 3410 1732 3499 girone,
1753 3407 1889 3482 scilicet

611 3551 613 3556 ·
718 3529 837 3624 tertio,
861 3527 923 3602 ubi
939 3527 1091 3625 punitur
1108 3527 1182 3622 ira;
1200 3534 1237 3602 et
1252 3528 1357 3602 dicit:
1378 3520 1485 3602 sicto
1503 3531 1536 3602 le
1555 3531 1623 3602 laci
1641 3531 1765 3620 mpte,
1783 3527 1886 3621 idest,

716 3650 813 3724 oculi
839 3648 935 3724 avidi
961 3648 1104 3725 videndi
1127 3649 1318 3746 novitates,
1337 3651 1386 3722 mi
1406 3653 1464 3743 ser
1488 3656 1625 3741 taram
1650 3655 1687 3724 et
1711 3649 1887 3725 continue

716 3770 830 3845 clausi
856 3769 982 3843 oculos
1008 3775 1045 3843 et
1069 3767 1286 3843 obdormivi.
1318 3768 1420 3843 Unde
1443 3768 1549 3844 dicit:
1579 3771 1640 3860 ivi,
1670 3769 1708 3843 in
1737 3767 1888 3842 introitu

718 3889 857 3984 circuli,
883 3893 931 3962 mi
950 3910 1065 3982 poree
1096 3910 1193 3962 esser
1222 3895 1328 3963 trattn
1353 3891 1391 3962 di
1417 3889 1542 3981 mbito,
1563 3909 1612 3964 err
1625 3879 1663 3981 (²)
1693 3888 1888 3982 insperate,

715 4014 754 4085 tn
769 4032 842 4085 aaa
859 4013 989 4084 visione
1005 4011 1162 4102 εειαῐίεα,
1178 4009 1280 4104 idest,
1297 4008 1530 4084 abstractiva.
1551 4008 1692 4083 Ertasis
1712 4008 1810 4082 enim
1832 4012 1888 4082 est

717 4131 865 4228 qnando
884 4149 989 4205 mens
1009 4136 1064 4206 est
1078 4129 1236 4204 alienata
1253 4149 1329 4204 non
1353 4149 1420 4224 per
1437 4129 1711 4224 revelationem,
1728 4128 1792 4204 sed
1813 4128 1889 4204 lor-

716 4258 791 4332 tem
818 4252 1129 4348 imaginationem,
1155 4271 1240 4345 que
1266 4250 1377 4326 trabit
1401 4260 1441 4327 et
1463 4258 1620 4346 occupat
1645 4270 1728 4325 eam
1754 4250 1806 4324 sic
1831 4256 1889 4324 to-

716 4379 805 4468 tam,
832 4373 931 4467 quod
957 4372 1055 4448 aliud
1082 4393 1155 4447 non
1180 4377 1368 4466 operatur.
1385 4371 1431 4446 Et
1447 4371 1567 4464 primo
1591 4369 1755 4446 occurrit
1774 4369 1888 4446 menti

716 4513 794 4568 suae
829 4493 1022 4568 abstraetae
1060 4491 1120 4566 illa
1150 4490 1341 4565 laudabilis
1372 4489 1575 4566 moderatio
1608 4490 1721 4564 animi
1754 4489 1889 4584 rariae,

717 4633 802 4708 quae
822 4633 909 4688 oum
927 4631 994 4708 per
1019 4611 1184 4686 triduum
1211 4610 1402 4704 quaesisset
1425 4609 1554 4703 tilium,
1576 4610 1736 4704 tandem,
1754 4609 1815 4684 illo
1832 4609 1889 4683 in·

717 4737 837 4826 vento,
860 4752 933 4807 non
958 4731 1053 4808 sicut
1077 4731 1222 4806 lenisset
1244 4729 1318 4806 alia
1343 4729 1479 4805 mulier
1503 4729 1641 4804 exarsit
1654 4719 1692 4822 (³)
1714 4728 1752 4802 in
1777 4729 1883 4823 iram,

778 4960 805 5022 l¹l
822 4964 878 5022 ¹¹⁷,
894 4961 967 5021 least,
984 4967 1098 5024 uenata,
1114 4975 1183 5025 que.
1246 4955 1249 4962 '
1389 4956 1419 5022 (⁸)
1436 4962 1490 5014 ltt.
1506 4973 1540 5009 ox
1554 4959 1706 5022 impactam.

779 5038 806 5101 (¹)
822 5039 853 5089 E.
868 5039 982 5089 extum
1004 5039 1031 5089 in
1050 5041 1126 5100 lram,
1152 5052 1205 5088 non
1226 5044 1313 5089 tamen
1338 5036 1468 5096 clamavit,
1488 5049 1538 5086 nee
1553 5033 1748 5099 blasphemavit,
1764 5045 1814 5084 nee
1828 5033 1889 5085 vln-

717 5115 813 5166 dictam
829 5114 1004 5176 comminavlt,
1022 5115 1076 5167 imo
1091 5115 1163 5166 marl
1178 5127 1243 5167 vena
1260 5113 1368 5177 bendum
1382 5113 1458 5164 dlait=
1475 5112 1521 5163 ntt
