4542 6842
707 927 777 994 124
1066 937 1272 993 counnruu
1296 938 1516 993 nununromr

592 1122 595 1127 ·
703 1083 799 1177 licet,
824 1082 862 1155 in
887 1081 948 1156 illo
973 1081 1090 1156 balcio
1116 1083 1193 1159 sive
1210 1082 1354 1180 einghio
1372 1088 1616 1178 praeostens03
1634 1086 1671 1156 et
1691 1104 1780 1159 vere
1797 1090 1878 1159 erat

701 1223 796 1298 opus
812 1202 938 1296 quiete
962 1203 1058 1277 bona
1082 1202 1129 1277 ad
1146 1203 1252 1277 istam
1272 1202 1558 1299 speculationem
1579 1201 1877 1297 describendam,

703 1324 787 1395 volti
809 1344 834 1395 u
857 1326 1003 1415 levante,
1021 1323 1123 1417 idest,
1143 1326 1331 1399 volventes
1349 1324 1469 1398 visum
1490 1342 1619 1397 versus
1636 1330 1760 1398 ortum
1780 1324 1876 1419 solis,

703 1445 795 1516 ondc
817 1464 965 1517 monum
989 1448 1095 1537 solid,
1121 1445 1224 1539 idest,
1249 1466 1273 1519 a
1298 1465 1372 1539 qua
1401 1428 1507 1539 parte
1538 1441 1687 1517 orientis
1716 1443 1877 1520 intrave-

703 1583 832 1636 ramus
863 1563 982 1659 primo
1010 1585 1205 1639 ascensum
1237 1564 1382 1656 montis,
1407 1558 1480 1655 clad,
1512 1563 1615 1655 idest,
1648 1564 1710 1657 qui
1740 1564 1875 1661 oriens,

701 1686 799 1781 suolc
821 1688 963 1777 piouor,
989 1684 1092 1779 idest,
1109 1685 1304 1779 delectare,
1322 1687 1430 1758 utbui
1445 1705 1470 1756 u
1484 1687 1712 1776 ripuardare.
1732 1684 1775 1757 Et
1792 1691 1875 1760 tan·

703 1805 757 1902 git
781 1805 933 1879 modum
960 1826 1038 1879 suae
1064 1805 1306 1901 inspectionis,
1332 1804 1466 1899 dicens,
1493 1803 1605 1899 quod,
1628 1810 1668 1877 ut
1688 1804 1876 1900 vigoraret

704 1924 824 1999 visum
849 1925 896 1999 ad
923 1925 1189 2020 respiciendum
1218 1925 1347 2000 melius
1368 1924 1497 2018 solem,
1515 1924 1658 1999 rellexit
1683 1925 1811 1999 oculos
1828 1927 1875 2001 ad

704 2051 856 2137 terram3
886 2043 983 2119 unde
1007 2044 1111 2119 dicit:
1136 2048 1189 2136 pli
1212 2048 1308 2119 occlri
1326 2047 1448 2137 prima
1473 2046 1617 2117 drtzzot'
1641 2048 1678 2117 ui
1698 2045 1793 2117 omn
1812 2048 1876 2139 liti,

702 2163 805 2258 idest,
830 2164 877 2239 ad
903 2172 1108 2239 extremam
1136 2166 1254 2260 ripam
1276 2164 1371 2238 illius
1391 2164 1518 2237 insulae
1543 2165 1660 2259 planae
1685 2170 1722 2238 et
1747 2164 1875 2261 bassae,

703 2283 765 2356 ubi
790 2284 844 2357 sol
870 2285 989 2377 primo
1014 2285 1216 2379 oriebatur,
1243 2284 1306 2359 ubi
1338 2285 1460 2358 luerat
1492 2284 1588 2358 lotus
1621 2304 1707 2359 rore
1737 2291 1775 2357 et
1799 2283 1877 2359 cin·

701 2410 782 2476 ctus
802 2402 917 2498 juneo
942 2425 966 2478 a
991 2404 1152 2501 Virgilio,
1171 2403 1276 2498 quasi
1301 2402 1424 2479 dicens
1451 2402 1559 2477 tacite
1585 2402 1621 2475 in
1643 2410 1766 2479 mente
1789 2426 1875 2479 sua:

702 2521 830 2596 sinon
857 2529 1000 2598 tantum
1029 2546 1090 2599 me
1114 2523 1376 2616 humiliassem,
1398 2544 1471 2597 non
1489 2543 1607 2597 essem
1625 2522 1702 2618 jam
1731 2531 1873 2600 tantum
1914 2574 1920 2583 ·

702 2643 901 2737 exaltatum
928 2651 966 2718 et
990 2646 1037 2718 ab
1063 2643 1146 2719 inde
1163 2645 1282 2719 oritur
1302 2643 1367 2738 sol,
1386 2642 1488 2736 idest,
1508 2644 1627 2740 gratia
1648 2644 1713 2717 lloi
1740 2644 1875 2720 lacien-

678 2762 801 2836 ,tibus
826 2764 900 2838 tale
924 2764 1004 2840 iter.
1030 2766 1133 2841 Unde
1157 2765 1261 2840 dicit:
1285 2767 1408 2857 porcia
1433 2767 1483 2855 pli
1514 2767 1645 2837 alzona
1674 2767 1714 2837 ul
1742 2768 1814 2838 sole
1843 2774 1877 2839 ct

702 2888 917 2976 ammirans,
943 2886 1030 2979 quia
1055 2885 1201 2961 videbat
1226 2886 1451 2959 contrarium
1471 2884 1563 2979 eius,
1584 2884 1682 2978 quod
1709 2893 1789 2961 erat
1813 2906 1874 2961 so-

702 3006 788 3079 litus
813 3006 958 3100 videre;
984 3014 1021 3081 et
1046 3027 1144 3101 ecoe,
1161 3009 1222 3080 cle
1241 3010 1290 3080 da
1305 3008 1450 3079 siutstru
1466 3008 1500 3079 η’
1514 3026 1661 3079 monam
1678 3008 1786 3099 scrttt',
1804 3006 1874 3081 sci-

703 3126 786 3199 licet
810 3126 858 3198 ab
883 3126 960 3220 ipso
982 3126 1070 3220 sole,
1088 3126 1193 3202 etsie
1211 3126 1343 3199 umbra
1362 3133 1443 3201 erat
1459 3125 1619 3221 proiecta
1638 3125 1675 3198 in
1691 3125 1872 3200 dextram.

701 3244 805 3319 Unde
830 3255 914 3321 nota
941 3245 1041 3338 quod
1066 3246 1095 3319 si
1123 3246 1234 3319 bomo
1252 3252 1307 3319 est
1333 3266 1533 3319 conversus
1558 3244 1605 3319 ad
1630 3245 1811 3321 orientem
1837 3247 1873 3320 in

701 3363 771 3439 isto
797 3371 922 3438 nostro
940 3364 1160 3460 hemisperio
1179 3364 1375 3460 habitabili,
1394 3367 1448 3439 sol
1466 3364 1548 3441 ierit
1568 3366 1686 3460 ipsum
1705 3387 1727 3439 a
1745 3366 1875 3459 dextra

701 3491 739 3559 et
759 3484 848 3579 jacit
874 3485 1046 3560 umbram
1073 3507 1094 3559 a
1121 3485 1275 3559 sinistra.
1302 3487 1341 3558 ln
1372 3485 1433 3559 illo
1463 3484 1682 3580 hemisperio
1712 3484 1874 3561 inleriori

702 3606 788 3683 lacit
811 3606 1061 3701 contrarium,
1083 3605 1165 3681 ideo
1187 3626 1284 3680 nunc
1309 3606 1363 3681 sol
1389 3606 1543 3681 feriebat
1559 3606 1714 3680 Dantem
1741 3626 1763 3679 a
1788 3606 1876 3709 sini·

701 3733 776 3800 stra
801 3734 840 3801 et
859 3728 1007 3822 jacebat
1032 3728 1205 3801 umbram
1232 3727 1268 3801 in
1294 3727 1476 3821 dextram,
1502 3727 1589 3822 quia
1620 3733 1745 3802 noster
1778 3727 1875 3803 occi·

701 3847 791 3922 dens
816 3854 871 3922 est
896 3847 945 3921 ibi
970 3847 1092 3923 oriens
1116 3854 1154 3922 et
1179 3868 1202 3923 e
1226 3868 1426 3943 converso,
1445 3854 1481 3923 et
1507 3848 1555 3923 ita
1582 3848 1728 3943 quando
1747 3849 1783 3921 in
1805 3868 1874 3923 no-

701 3972 778 4041 stro
803 3972 859 4041 est
884 3987 969 4061 non,
1002 3966 1039 4040 in
1071 3967 1131 4041 illo
1164 3974 1218 4042 est
1248 3967 1335 4043 dies.
1370 3968 1462 4043 Nota
1492 3968 1601 4043 etiam
1630 3974 1766 4062 quanta
1792 3975 1873 4044 arte

702 4087 819 4161 utitur
844 4087 903 4161 bic
928 4095 1036 4185 poeta
1061 4096 1186 4163 noster
1217 4087 1254 4161 in
1284 4088 1352 4164 ista
1382 4088 1538 4183 fictione,
1565 4088 1651 4183 quia
1678 4088 1785 4165 tacite
1810 4090 1873 4164 dat

702 4207 851 4304 intelligi
884 4209 984 4303 quod
1016 4208 1073 4283 vir
1103 4209 1258 4305 sapiens,
1288 4210 1351 4303 qui
1384 4231 1574 4303 nunquam
1608 4209 1687 4285 vult
1717 4210 1873 4303 perdere

702 4335 858 4423 tempus,
885 4328 1032 4423 quando
1058 4328 1175 4403 lessus
1200 4336 1317 4403 cessat
1337 4330 1385 4403 ab
1401 4330 1614 4426 operatione
1635 4330 1790 4424 virtutis,
1808 4350 1873 4404 va·

701 4454 760 4525 cal
786 4448 945 4523 scientiae
970 4450 1180 4525 meditando
1202 4471 1288 4524 cum
1312 4457 1437 4527 mente
1461 4451 1559 4526 circa
1583 4450 1706 4547 aliqua
1733 4452 1873 4547 pulcra,

647 4626 655 4640 .
701 4568 897 4664 sicutipse
922 4591 1021 4645 nunc
1046 4569 1143 4645 circa
1168 4571 1314 4645 subtilia
1348 4577 1477 4647 eontra
1508 4571 1629 4669 pigros
1660 4578 1698 4646 et
1727 4572 1874 4667 ignaros

700 4688 764 4783 qui
791 4689 927 4764 iaciunt
958 4692 1190 4767 residentiam
1223 4692 1290 4766 hie.
1306 4698 1452 4765 -Bcrn
1486 4692 1551 4766 llic
1582 4698 1688 4786 poeta
1718 4693 1875 4767 ostendit

700 4812 886 4905 quomodo
912 4812 1081 4908 Virgilius
1107 4812 1296 4908 perpendit
1313 4813 1359 4887 de
1378 4812 1457 4887 eius
1479 4812 1721 4887 admiratione
1746 4819 1782 4886 et
1807 4812 1874 4888 ad·

702 4930 904 5004 mirationis
928 4952 1051 5027 causa,
1068 4933 1211 5008 dicens:
1231 4938 1304 5007 Bcrt
1319 4936 1348 5007 s'
1361 4936 1463 5007 ouidc
1483 4936 1511 5006 il
1520 4940 1640 5025 poeto,
1658 4932 1760 5026 idest,
1779 4934 1874 5009 bene

702 5050 891 5145 perpendit
916 5050 1097 5149 Virgilius,
1122 5054 1221 5127 clt’io
1248 5060 1351 5128 slavo
1380 5057 1515 5147 stupido
1540 5060 1637 5143 tutto,
1663 5052 1766 5147 idest,
1793 5060 1872 5127 stu·
