4542 6842
702 968 772 1037 318
1060 980 1265 1037 cannarum
1290 983 1510 1037 rununromr

700 1131 738 1201 et
762 1126 858 1222 dicit,
884 1126 983 1222 quod
1009 1127 1071 1221 qui
1092 1127 1244 1202 dederat
1267 1148 1364 1222 eam,
1383 1128 1506 1203 aufert
1530 1148 1626 1222 eam,
1642 1127 1780 1203 scilicet
1804 1127 1872 1221 sol,

702 1247 799 1323 unde
824 1247 930 1322 dicit:
957 1269 976 1321 e
1001 1251 1078 1341 quei
1111 1250 1167 1321 sol
1193 1270 1260 1341 per
1284 1252 1340 1322 cui
1364 1251 1443 1342 ello,
1469 1248 1617 1341 scilicet,
1642 1247 1753 1339 lama,
1780 1253 1876 1321 tam

701 1388 813 1462 quam
829 1368 953 1461 berba‚
967 1360 1061 1441 urcio
1075 1368 1204 1441 acerba
1216 1371 1308 1442 della
1321 1376 1433 1459 terro,
1447 1367 1549 1461 idest,
1564 1373 1647 1441 nata
1662 1372 1717 1441 est
1731 1368 1874 1460 tenella,

701 1488 864 1561 nondum
888 1493 1047 1582 matura,
1069 1490 1105 1560 lu
1130 1491 1321 1579 dboolmu,
1347 1488 1449 1582 idest,
1476 1488 1598 1563 aufert
1622 1486 1688 1561 sibi
1715 1485 1876 1560 viridita-

703 1613 788 1682 tem.
821 1608 864 1681 Et
893 1608 987 1683 bene
1016 1608 1192 1682 assimilat
1218 1608 1353 1682 lamam
1380 1608 1517 1701 herba,
1535 1628 1620 1701 quae
1638 1607 1774 1682 virtute
1790 1606 1875 1680 solis

703 1735 869 1823 tempore
894 1729 1002 1825 primi
1028 1728 1125 1803 veris
1151 1728 1341 1825 egreditur
1365 1728 1499 1803 acerba
1524 1748 1571 1801 ex
1598 1732 1721 1820 terra3
1749 1732 1873 1821 postea

702 1870 877 1945 processu
903 1849 1078 1945 temporis
1098 1849 1259 1924 caliditas
1283 1848 1458 1943 temporis
1471 1841 1508 1939 (¹)
1531 1847 1730 1924 crescendo
1754 1847 1874 1921 disco·

702 1970 808 2065 iurat,
827 1976 863 2044 et
880 1971 1038 2045 exsiccat
1063 1990 1159 2063 eam,
1185 1970 1279 2044 sicut
1304 1974 1402 2064 patet
1425 1969 1462 2041 iu
1489 1970 1692 2062 messibus3
1711 1968 1759 2041 ita
1777 1968 1875 2042 lama

702 2091 877 2183 humana,
903 2110 988 2185 quae
1014 2110 1087 2163 nou
1112 2090 1224 2164 habet
1249 2089 1408 2164 radicem
1436 2088 1615 2182 stabilem,
1637 2088 1811 2183 paulatim
1839 2087 1876 2160 iu

701 2216 869 2305 tempore
896 2215 1061 2283 mutatur
1091 2214 1128 2282 et
1161 2210 1293 2282 amittit
1318 2208 1549 2283 viriditatem.
1581 2209 1624 2281 Et
1652 2210 1702 2283 ita
1732 2208 1877 2282 videtur
1970 2260 1974 2266 .

702 2330 825 2405 dicere
850 2330 949 2423 quod
976 2336 1120 2424 tempus
1145 2335 1201 2404 est
1225 2329 1314 2403 illud
1339 2329 1437 2423 quod
1464 2329 1526 2403 dat
1555 2335 1592 2403 et
1619 2330 1711 2403 tollit
1739 2328 1876 2402 lamam

702 2449 851 2524 homiui.
884 2450 969 2524 ldeo
1010 2455 1105 2544 nota,
1141 2450 1240 2543 quod
1273 2450 1390 2547 gloria
1424 2451 1588 2524 humana
1620 2455 1675 2523 est
1706 2448 1878 2543 quaedam

703 2569 836 2643 umbra
863 2570 921 2644 vel
945 2591 1039 2645 aura
1066 2570 1231 2664 volatilis,
1257 2591 1370 2663 qrram
1402 2570 1465 2665 qui
1492 2570 1580 2643 dant
1604 2568 1772 2643 homiues
1802 2568 1878 2642 eri-

704 2689 807 2784 piunt
832 2690 869 2764 in
895 2697 1081 2785 tempore;
1108 2690 1207 2765 unde
1237 2710 1335 2785 saepe
1366 2690 1545 2783 videmus,
1578 2690 1675 2784 quod
1703 2689 1767 2783 qui
1797 2694 1879 2763 erat

703 2810 884 2907 gloriosus
911 2811 988 2885 beri
1016 2810 1122 2886 bodie
1148 2817 1203 2885 est
1229 2809 1501 2907 ignominiosus.
1528 2809 1688 2883 Stultum
1715 2829 1805 2905 ergo
1822 2814 1878 2883 est

703 2951 842 3026 ponere
867 2952 968 3026 spem
995 2932 1031 3003 in
1057 2930 1219 3025 deposito
1249 2930 1349 3024 quod
1387 2930 1564 3005 locaveris
1593 2950 1705 3025 penes
1730 2928 1878 3003 instabi-

704 3050 777 3123 lem
804 3055 841 3124 et
860 3051 1059 3145 perfidum,
1086 3050 1173 3145 quia
1204 3050 1360 3145 populus
1390 3054 1445 3123 est
1475 3048 1723 3143 iniquissimus
1748 3048 1879 3145 judex,

704 3175 805 3245 etex
824 3170 1003 3264 manibus
1018 3170 1092 3243 imo
1114 3170 1247 3265 linguis
1264 3168 1356 3263 eim,
1370 3168 1528 3263 pendent
1546 3169 1652 3242 lamae
1669 3168 1873 3278 bominum.

703 3290 747 3362 Et
773 3295 896 3363 tamen
923 3291 1021 3363 nulla
1043 3296 1098 3363 est
1115 3294 1215 3363 tauta
1232 3289 1418 3362 humilitas
1439 3308 1523 3383 quae
1542 3287 1734 3363 dulcedine
1750 3288 1877 3383 gloriae

704 3430 777 3482 non
808 3414 991 3505 tangatur.
1022 3408 1124 3483 Unde
1150 3408 1312 3481 Tullius:
1340 3408 1398 3481 vix
1432 3408 1615 3482 invenitur
1645 3408 1788 3503 aliquis,
1814 3407 1878 3501 qui

704 3528 880 3622 susceptis
905 3528 1092 3604 laboribus
1118 3549 1192 3602 non
1217 3527 1398 3602 desideret
1422 3528 1577 3622 gloriam
1605 3528 1710 3621 quasi
1736 3548 1879 3602 merce-

704 3648 787 3723 dem
823 3654 1184 3746 rerumgestarum,
1216 3648 1311 3723 sicut
1344 3648 1535 3723 Africanus
1567 3650 1696 3743 maior,
1730 3655 1767 3723 et
1798 3669 1879 3723 ma-

704 3790 800 3864 guus
825 3768 1021 3864 Pompeius
1046 3775 1083 3843 et
1107 3767 1167 3843 alii
1193 3768 1305 3842 duces
1330 3767 1526 3843 avidissimi
1558 3768 1696 3864 gloriae.
1724 3767 1795 3842 Sed
1820 3768 1879 3842 bie

706 3886 825 3962 oritur
841 3888 1028 3984 dubitatio,
1047 3888 1133 3983 quia
1153 3888 1296 3963 videtur
1313 3888 1412 3982 quod
1429 3894 1539 3961 autor
1559 3888 1784 3963 contradicat
1800 3888 1879 3983 sibi,

707 4010 770 4104 qui
796 4010 832 4083 iu
859 4009 1001 4084 iulerno
1026 4009 1126 4103 dixit,
1145 4009 1244 4105 quod
1270 4009 1382 4083 homo
1407 4009 1470 4103 qui
1497 4009 1655 4082 moritur
1678 4009 1757 4083 sine
1783 4008 1880 4083 lama

706 4131 868 4205 vanescit
894 4131 995 4205 velut
1021 4130 1145 4204 lamus
1162 4130 1199 4203 in
1216 4150 1305 4204 aere
1321 4135 1359 4203 et
1378 4151 1508 4224 spuma
1526 4130 1563 4203 in
1579 4150 1696 4223 aqua;
1713 4129 1773 4203 hic
1791 4148 1880 4203 vero

705 4250 881 4325 assimilat
906 4250 1021 4344 ipsam
1048 4250 1185 4325 lamam
1212 4255 1322 4324 vento
1347 4255 1385 4325 et
1409 4250 1544 4325 berbae.
1566 4248 1767 4323 Dicendum
1795 4249 1881 4323 bre-

706 4371 812 4465 viter,
839 4371 936 4465 quod
963 4371 1167 4446 benedicit
1192 4371 1249 4445 hic
1275 4377 1312 4445 et
1338 4370 1398 4465 ibi,
1424 4370 1510 4465 quia
1541 4370 1587 4444 ad
1620 4368 1794 4443 virtutem
1822 4389 1882 4444 se·

707 4491 834 4585 quitur
860 4490 957 4565 lama
984 4498 1021 4565 et
1045 4491 1174 4588 gloria,
1192 4502 1230 4567 et
1247 4491 1359 4565 bomo
1376 4496 1494 4585 potest
1509 4489 1606 4564 licite
1623 4496 1796 4584 appetere
1813 4490 1881 4563 ho-

707 4630 850 4704 norem,
876 4611 1022 4687 laudem
1049 4615 1086 4687 et
1110 4610 1267 4707 gloriam
1292 4610 1339 4685 de
1366 4609 1497 4684 merito
1522 4630 1602 4704 suo,
1629 4615 1666 4684 et
1691 4609 1720 4681 si
1747 4609 1883 4683 reserat

707 4731 778 4804 hoc
803 4729 998 4825 inlleum,
1024 4752 1098 4805 non
1132 4730 1169 4804 in
1200 4735 1465 4804 nocumentum
1497 4729 1680 4825 proximi3
1713 4728 1777 4803 sed
1808 4749 1881 4803 non

708 4846 817 4925 debet
842 4871 980 4945 ponere
1005 4851 1212 4927 felicitatem
1239 4872 1344 4924 suam
1377 4850 1414 4923 in
1443 4870 1500 4944 ea,
1526 4870 1595 4925 nec
1621 4851 1812 4946 superbire
1837 4851 1884 4925 de

711 5021 790 5031 ...-

772 5116 801 5182 (¹)
819 5120 872 5177 117,
889 5115 1005 5167 caliditas
1020 5114 1082 5166 solis
1098 5112 1246 5165 crescendo.
