4542 6842
746 929 884 985 caurus
909 930 1067 986 nscruus
1092 931 1235 986 numus.
1502 919 1570 987 311

395 1076 603 1149 suasionem
639 1074 756 1149 inanis
789 1075 931 1171 gloriae,
965 1077 1176 1170 ostendens,
1214 1097 1327 1170 quam
1365 1076 1500 1151 inutilis
1537 1083 1575 1151 et

394 1216 513 1271 vanus
538 1189 643 1287 est(¹)
666 1194 746 1271 eius
770 1196 963 1291 appetitus,
983 1197 1069 1291 quia
1092 1196 1300 1291 paucissimi
1327 1203 1413 1271 sunt
1437 1218 1570 1292 perve-

396 1307 587 1409 nientesl²l
613 1316 659 1390 ad
685 1337 873 1390 summum
900 1314 1038 1413 glorie,
1065 1321 1101 1391 et
1132 1337 1220 1391 eum
1255 1318 1489 1411 pervenerint
1514 1338 1575 1393 ra·

396 1436 538 1511 rissime
563 1436 680 1533 gloria
705 1436 767 1511 diu
793 1436 912 1511 durat.
939 1438 983 1511 Et
1007 1436 1094 1530 quia
1116 1436 1182 1511 ista
1201 1437 1304 1511 litera
1330 1437 1476 1512 ridetur
1500 1458 1574 1513 non

398 1555 584 1631 modicum
618 1556 788 1649 obscura,
823 1557 906 1631 volo
944 1562 980 1631 le
1014 1562 1155 1650 notare,
1187 1556 1285 1650 quod
1320 1558 1425 1629 multi
1458 1558 1574 1631 multa

398 1695 493 1751 vana
514 1675 687 1751 dixerunt
704 1676 749 1749 ad
771 1675 864 1749 illius
882 1675 1157 1770 expositionem.
1176 1675 1296 1769 Aliqui
1318 1675 1416 1751 enim
1436 1676 1573 1771 dicunt,

398 1794 498 1889 quod
522 1794 637 1891 gloria
664 1815 796 1890 parurn
823 1795 944 1889 durat,
970 1801 1007 1870 et
1032 1795 1103 1869 cito
1120 1795 1264 1889 arescit,
1287 1795 1354 1869 nisi
1373 1796 1574 1892 attingatur

397 1915 444 1991 ab
470 1914 637 1989 aetatibus
663 1915 809 2010 grossis,
841 1916 944 2009 idest,
970 1916 1017 1991 ab
1049 1916 1209 2009 antiquis
1243 1916 1476 2011 sapientibus,
1509 1916 1573 2011 qui

398 2035 517 2111 sciunt
542 2036 594 2108 uti
621 2056 664 2111 ea
692 2037 891 2111 moderate.
919 2036 988 2113 Sed
1016 2036 1110 2110 istud
1131 2038 1216 2111 nibil
1235 2037 1343 2130 valet,
1362 2036 1448 2129 quia
1467 2036 1571 2109 multi

392 2156 550 2252 juvenes
575 2156 860 2251 intemperantes
886 2156 1110 2231 mundanam
1136 2159 1293 2253 gloriam
1320 2156 1572 2249 obtinuerunt,
1615 2245 1635 2257 ,

397 2276 491 2350 sicut
508 2274 713 2351 Alexander
730 2278 890 2370 Macedo,
911 2276 1018 2351 cuius
1040 2284 1168 2371 pectus
1185 2278 1252 2351 luit
1269 2276 1470 2351 insatiabile
1491 2276 1572 2371 glo-

398 2396 480 2469 riae:
495 2396 646 2491 sapienti
665 2416 754 2470 vero
771 2396 1014 2470 clarissimum
1034 2405 1089 2472 est
1102 2418 1279 2492 spernere
1291 2397 1446 2494 gloriam
1461 2396 1572 2471 etiam

395 2516 517 2591 studio
543 2516 687 2591 virtutis
711 2517 939 2610 acquisitam.
961 2517 1029 2591 Alii
1054 2524 1182 2592 autem
1208 2519 1379 2593 videntur
1404 2516 1574 2590 subtilius

396 2636 520 2713 dicere
545 2642 779 2731 exponentes,
806 2636 905 2730 quod
930 2637 1046 2734 gloria
1073 2659 1204 2732 parum
1228 2638 1350 2731 durat,
1370 2637 1436 2709 nisi
1462 2635 1573 2711 attin-

396 2763 509 2853 gatur
533 2777 555 2831 a
583 2756 724 2851 magnis
749 2757 1107 2850 constellationibus3
1133 2757 1197 2831 sed
1223 2759 1290 2831 ista
1316 2756 1493 2852 expositio
1519 2761 1574 2829 est

396 2876 616 2951 alienissima
642 2896 665 2951 a
691 2882 816 2951 mente
838 2876 990 2969 autoris,
1008 2878 1072 2972 qui
1094 2878 1238 2951 videtur
1256 2876 1363 2968 velle,
1381 2882 1418 2950 et
1435 2876 1485 2949 sic
1506 2880 1573 2969 est,

398 2996 498 3089 quod
516 3015 755 3090 quocumque
773 3003 940 3093 tempore
956 2996 1068 3092 aliqui
1085 2997 1302 3092 perveniant
1318 2996 1364 3070 ad
1385 3016 1572 3069 summam

396 3116 565 3212 gloriam,
593 3116 675 3191 licet
702 3137 774 3190 non
800 3121 853 3191 tot
879 3123 970 3212 quot
989 3118 1059 3191 sub
1075 3118 1392 3192 coniunctionibus
1419 3117 1573 3213 magnis,

396 3235 446 3309 ita
472 3236 571 3330 quod
596 3235 627 3309 si
652 3241 821 3331 tempore
844 3236 1041 3343 Alexandri
1063 3238 1180 3333 llagni
1199 3238 1351 3311 luerunt
1376 3238 1499 3332 magni
1520 3235 1574 3309 la-

395 3355 500 3449 mosi,
528 3355 622 3430 sieut
647 3355 869 3451 Aristotcles,
897 3358 1010 3449 Plato,
1032 3364 1069 3433 ct
1088 3357 1162 3450 alii,
1188 3363 1226 3431 et
1251 3363 1419 3451 tempore
1443 3355 1575 3451 Augu-

393 3478 439 3552 sti
465 3477 566 3551 Titus
591 3476 714 3551 Livius
740 3484 777 3553 et
803 3479 957 3574 Trogus,
984 3484 1108 3553 tamen
1134 3478 1214 3551 aliis
1239 3476 1466 3572 temporibus
1493 3475 1575 3549 lue·

394 3604 483 3674 runt
508 3604 545 3673 et
570 3604 655 3673 ante
680 3604 718 3673 et
743 3604 868 3693 postea
894 3599 963 3673 viri
989 3598 1231 3692 famosissimi,
1258 3598 1352 3673 sicut
1377 3598 1572 3689 llomerus,

394 3717 553 3812 Boetius,
580 3718 763 3793 averrois.
782 3718 853 3793 Sed
881 3738 927 3793 ne
952 3739 1071 3792 vanus
1096 3718 1223 3793 videar
1247 3716 1486 3793 discurrendo
1508 3735 1573 3809 per

394 3838 513 3935 plura,
538 3838 619 3912 dico
645 3838 819 3931 breviter,
837 3837 936 3932 quod
959 3858 1045 3913 vera
1069 3838 1219 3912 intentio
1243 3844 1360 3931 poetae
1386 3834 1573 3929 estquod

396 3958 426 4031 si
452 3958 549 4032 lama
576 3958 635 4032 vel
660 3958 777 4055 gloria
794 3957 949 4033 alieuius
965 3958 1075 4033 debet
1092 3958 1152 4031 diu
1172 3957 1310 4031 durare
1335 3956 1371 4028 in
1398 3954 1572 4047 culmine,

395 4084 539 4174 oportet
564 4079 663 4173 quod
680 4079 926 4175 coniungatur
943 4079 1111 4153 aetatibus
1133 4078 1282 4174 grossis,
1301 4078 1403 4171 idest,
1423 4077 1571 4150 rudium

395 4198 601 4293 bominum,
627 4197 788 4295 intellige
812 4218 879 4293 per
910 4203 1117 4292 respectum
1148 4198 1194 4271 ad
1227 4218 1284 4271 se:
1312 4196 1414 4271 verbi
1440 4195 1572 4292 gralia,

395 4318 493 4393 lama
511 4316 669 4393 Platonis
686 4338 760 4391 non
775 4317 838 4391 diu
857 4317 973 4413 viguit
990 4317 1025 4389 in
1043 4300 1129 4410 alto,
1148 4315 1234 4409 quia
1253 4316 1463 4390 Aristoteles
1482 4316 1572 4389 sub-

395 4437 492 4512 tilior
516 4438 684 4511 diminuit
709 4443 746 4513 et
772 4436 964 4511 offuscavit
988 4435 1145 4532 gloriam
1172 4436 1270 4529 eius3
1295 4435 1359 4510 sed
1385 4435 1573 4530 quiapost

394 4556 624 4633 Aristotelem
643 4579 716 4633 non
742 4557 951 4633 venitalius
969 4546 1186 4648 subtilior(³)
1204 4579 1214 4649 ;
1233 4555 1314 4629 ideo
1338 4557 1435 4629 lama
1451 4556 1572 4630 adbuc

393 4677 502 4774 riget.
530 4679 635 4753 Nunc
661 4680 744 4754 vide
769 4680 931 4753 literam:
958 4678 1044 4751 dicit
1073 4682 1181 4771 poeta
1211 4696 1373 4771 arguens
1402 4696 1570 4750 amorem

393 4797 550 4895 propriae
585 4799 809 4874 excellentiae
844 4798 881 4871 in
915 4797 1148 4873 bominibus:
1185 4802 1217 4871 0
1252 4798 1466 4887 vanapton‘a
1496 4798 1571 4868 del-

456 4982 483 5047 (¹)
500 4984 531 5034 E.
548 4984 581 5033 sil
596 4985 660 5036 eius.
1004 4981 1032 5045 (¹)
1050 4990 1104 5044 117,
1122 4986 1262 5036 venientes.

458 5058 485 5121 (¹)
501 5061 532 5111 Ε.
548 5061 667 5112 subtllior
682 5075 727 5125 θος
744 5063 803 5113 ideo
819 5062 888 5113 tama
905 5063 961 5113 elur
976 5063 1062 5112 adbuc
1078 5062 1156 5126 riget.
