4542 6842
778 963 916 1019 caurus
941 964 1134 1019 SECUNDUS.
1495 954 1542 1019 '19

366 1108 465 1204 quod
491 1109 643 1206 ignarus
669 1109 820 1184 musicae
847 1111 1088 1206 reputabatur
1119 1110 1298 1205 indoctus,
1323 1111 1419 1186 sicut
1447 1112 1543 1186 The·

365 1229 548 1304 mistocles
574 1229 875 1325 preclarissimus
900 1230 975 1304 dux
1001 1236 1038 1306 et
1063 1231 1298 1327 philosophus
1321 1232 1543 1307 atheniensis

365 1352 535 1446 culpatus
560 1355 615 1425 est
640 1349 727 1446 quia
753 1351 789 1425 in
815 1351 984 1426 convivio
1010 1352 1128 1447 lyram
1158 1353 1352 1428 recusavit.
1379 1353 1423 1427 Et
1447 1353 1544 1448 lipa-

367 1470 557 1545 minondas
595 1472 870 1547 strenuissimus
908 1470 984 1545 dux
1022 1473 1203 1547 thebanus
1246 1474 1371 1548 similis
1414 1474 1541 1548 Catoni

367 1591 560 1687 superiori,
586 1592 623 1666 in
649 1599 749 1666 tanta
780 1613 907 1667 rerum
938 1593 1114 1667 industria
1149 1594 1318 1668 laudatus
1347 1601 1414 1688 est,
1443 1594 1542 1690 quod

367 1711 504 1787 sciebat
528 1713 666 1808 optime
690 1733 825 1787 canere
842 1714 933 1808 lyra,
951 1712 1045 1788 sicut
1060 1705 1097 1804 (¹)
1121 1714 1261 1786 Tullius
1281 1714 1376 1789 libro
1401 1715 1543 1788 Tuscu·

369 1831 559 1905 lanarum:
591 1838 628 1907 et
652 1832 807 1907 Achilles
833 1832 981 1927 juvenis
1006 1852 1047 1906 se
1071 1851 1162 1906 sono
1193 1833 1282 1928 lyrae
1307 1855 1329 1908 a
1356 1834 1543 1908 laboribus

368 1952 580 2046 recreabat;
613 1960 651 2027 et
680 1952 847 2026 Socrates
872 1973 986 2026 senex
1012 1951 1048 2024 in
1074 1951 1176 2026 senio
1202 1972 1275 2026 non
1301 1954 1544 2030 erubescebat

367 2070 508 2145 discere
525 2072 716 2146 musicam.
731 2073 774 2145 Et
791 2071 886 2146 idem
906 2072 1044 2146 Tullius
1061 2073 1223 2147 secundo
1240 2072 1286 2149 de
1298 2074 1456 2172 Legibus
1472 2074 1544 2148 mi-

367 2192 530 2267 rabiliter
556 2192 791 2267 commendat
817 2192 1009 2286 musicam,
1031 2200 1068 2267 et
1088 2194 1217 2289 pulcre
1236 2194 1396 2290 disputat
1412 2203 1543 2270 utrum

367 2314 411 2387 sit
438 2313 545 2408 utilis,
572 2319 609 2388 et
635 2313 792 2387 ostendit
816 2313 915 2408 quod
942 2334 1064 2408 neque
1089 2315 1253 2409 colenda,
1279 2337 1401 2411 neque
1426 2317 1543 2414 negli-

368 2433 488 2531 genda
513 2434 568 2507 sit.
595 2435 640 2507 Et
659 2434 762 2508 Plato
787 2433 843 2506 vir
868 2432 978 2506 divini
1000 2434 1134 2530 ingenii
1151 2435 1352 2510 arbitratus
1376 2444 1433 2512 est
1458 2458 1544 2510 mu-

368 2555 480 2629 sicam
507 2554 553 2628 ad
579 2561 716 2632 statum
749 2554 826 2628 siva
857 2554 1131 2650 corruptionem
1165 2575 1314 2629 morum
1347 2577 1392 2631 ac
1419 2557 1544 2652 reipu-

369 2675 472 2750 blicae
498 2675 692 2770 pertinere.
719 2675 817 2748 Nero
842 2681 969 2748 antem
987 2674 1036 2748 lta
1053 2674 1233 2748 alienatus
1254 2682 1310 2750 est
1335 2683 1460 2751 mente
1477 2697 1544 2772 per

371 2797 562 2890 musicam,
581 2796 680 2890 quod
697 2796 733 2869 in
752 2793 882 2868 ultimo
902 2794 1110 2869 discrimine
1127 2795 1265 2890 positus
1283 2797 1451 2892 dedebat,
1469 2818 1543 2872 non

369 2922 529 3011 quantus
546 2907 582 3008 (ἱ)
607 2915 775 3011 princeps
800 2915 864 2990 sed
889 2915 1007 3010 qualis
1033 2916 1197 2990 musicus
1222 2917 1369 3012 periret,
1387 2925 1430 2992 ut
1452 2919 1544 2993 scri·

369 3036 421 3110 bit
446 3037 640 3112 Suetonius
665 3036 702 3110 in
726 3042 841 3111 sexto.
856 3077 906 3090 -
923 3041 1035 3110 Come.
1053 3037 1119 3111 llic
1135 3037 1266 3112 ultimo
1283 3047 1391 3134 poeta
1407 3040 1544 3114 descri-

369 3157 421 3232 bit
445 3177 634 3232 recessum
660 3157 807 3231 illarum
829 3157 1040 3231 animarum
1066 3178 1131 3252 per
1159 3179 1272 3232 unam
1298 3159 1544 3254 comparatio-

369 3297 455 3352 nem
486 3277 746 3371 domesticam;
778 3284 815 3351 at
846 3277 1008 3352 breviter
1033 3277 1128 3370 dicit,
1162 3277 1261 3371 quod
1291 3277 1348 3352 isti
1378 3277 1545 3354 lecerunt

368 3417 467 3472 nunc
492 3396 587 3471 sicut
611 3397 785 3491 columbi,
812 3397 874 3492 qui
907 3397 1135 3472 intendentes
1167 3397 1214 3472 ad
1243 3397 1461 3493 capiendum
1492 3399 1546 3474 ci·

369 3516 471 3609 bum,
491 3517 657 3592 exterriti
679 3518 843 3592 clamore
859 3517 918 3592 vel
935 3517 1089 3612 strepitu
1107 3517 1263 3591 alicuius
1280 3519 1546 3613 supervenien-

372 3637 427 3730 tis,
441 3638 562 3713 subito
578 3638 775 3734 aufugiunt
792 3637 941 3712 dimisso
959 3637 1058 3711 victu
1076 3659 1156 3712 suo.
1170 3637 1306 3712 Ordina
1319 3638 1371 3712 sic
1387 3640 1545 3734 literam,

368 3779 452 3852 qnae
478 3759 623 3834 videtur
649 3758 836 3832 intricata:
862 3759 930 3832 cdd
943 3762 992 3850 io,
1018 3758 1154 3833 scilicet
1172 3780 1242 3856 ego
1262 3760 1408 3852 Dentes,
1432 3763 1545 3852 pudo

369 3883 546 3954 masnada
562 3885 695 3974 fresca,
713 3879 817 3974 idest,
835 3879 982 3953 turbam
1002 3899 1137 3953 novam
1156 3879 1303 3953 illarum
1321 3880 1544 3972 animarum,

370 4003 489 4073 lassor
513 4003 547 4074 lo
573 4007 689 4090 cunm,
710 4000 805 4074 illius
831 3999 991 4093 Casellae,
1009 4021 1028 4072 c
1049 4001 1173 4093 suppia*
1198 3995 1259 4072 adr
1284 4003 1322 4072 la
1346 4006 1457 4091 costa,
1474 4000 1545 4074 sci·

368 4121 453 4196 licet
478 4121 612 4196 montis
637 4121 851 4218 purgatorii,
877 4123 1056 4194 com’uom
1082 4121 1144 4192 cbc
1168 4142 1227 4210 oa,
1246 4117 1349 4194 adso
1368 4123 1458 4196 dooe
1472 4124 1546 4196 πό-

366 4263 443 4334 scn,
463 4243 551 4336 quia
568 4243 631 4337 qui
653 4241 775 4337 incipit
793 4241 944 4317 tendere
964 4239 1011 4315 ad
1032 4239 1206 4315 virtutem
1234 4241 1378 4338 ignorat
1402 4242 1545 4316 exitum

368 4371 405 4440 et
430 4363 561 4458 finem3
595 4355 666 4437 cori
690 4383 786 4436 come
816 4365 842 4434 li
871 4363 1030 4453 columbi,
1055 4363 1195 4457 supple,
1221 4361 1377 4458 lugiunt,
1404 4365 1546 4455 quando

366 4487 516 4560 munuli
540 4488 614 4558 ulla
633 4490 800 4578 pastura,
818 4483 856 4556 in
881 4502 1011 4577 campo
1037 4482 1100 4556 ubi
1126 4489 1340 4578 pascuntur,
1363 4485 1546 4574 coplierrdo

368 4607 476 4680 buda
501 4627 523 4678 o
549 4607 669 4696 lontio,
695 4606 785 4696 quati
808 4624 918 4676 senza
935 4609 1091 4676 mostrnr
1108 4605 1130 4675 l’
1142 4609 1244 4676 uculo
1260 4606 1436 4694 orpoplio,
1454 4603 1547 4678 idest

370 4725 519 4801 dimisso
550 4747 687 4823 magno
716 4744 915 4799 murmure
945 4743 1013 4798 suo
1044 4723 1215 4818 naturali,
1250 4726 1385 4797 luscino
1413 4723 1545 4798 mtto-

368 4852 480 4919 mente
501 4853 579 4920 stur
608 4849 736 4936 tesca,
773 4866 848 4940 qua
877 4850 954 4918 tam
986 4843 1143 4918 dulciter
1173 4844 1430 4939 pascebantur,
1458 4865 1546 4936 per-

433 5099 461 5166 (¹)
478 5102 509 5153 E.
525 5103 592 5154 siem
607 5103 698 5154 scribit
713 5102 823 5154 'lulllun
997 5099 1025 5164 (¹)
1041 5102 1072 5153 li.
1088 5116 1143 5154 non
1158 5107 1295 5167 qnantum.
