4542 6842
850 912 989 973 murus
1013 916 1143 973 NONUS·
1509 910 1580 976 251

410 1056 451 1131 iu
465 1076 564 1152 areu,
586 1058 731 1155 Progne
746 1051 782 1151 (¹)
802 1058 839 1133 in
859 1058 1104 1155 hirundinem,
1122 1048 1321 1138 Philomela
1338 1062 1376 1137 in
1391 1084 1500 1141 avem
1522 1064 1582 1139 sui

410 1176 586 1271 nominis,
605 1177 668 1253 sod
685 1178 825 1255 Tereus
841 1200 1042 1257 conversus
1062 1189 1117 1257 est
1142 1181 1180 1256 iu
1203 1202 1312 1258 avem
1332 1185 1580 1280 turpissimam

407 1316 492 1392 qrrae
516 1296 650 1371 dicitur
676 1318 813 1403 upupa,
831 1320 917 1394 qnae
941 1300 1113 1375 discurrit
1129 1322 1196 1397 per
1215 1304 1383 1399 sepulcra
1409 1312 1580 1379 mortuo·

408 1438 511 1512 rum,
529 1418 602 1514 ltys
618 1438 708 1492 reru
729 1438 823 1513 puer
839 1440 1039 1496 conversus
1056 1429 1112 1496 est
1130 1422 1166 1495 in
1184 1424 1413 1517 phasianum.
1430 1424 1502 1500 Sed
1519 1426 1579 1500 ul·

407 1538 497 1614 timo
523 1544 620 1634 nota,
648 1540 774 1633 lector,
800 1539 899 1633 quod
926 1562 987 1616 res
1010 1547 1171 1637 narrata,
1197 1542 1280 1622 licet
1304 1544 1446 1619 dicatur
1471 1545 1578 1620 labu-

407 1660 496 1752 losa,
522 1665 597 1732 tota
624 1658 690 1733 luit
715 1658 862 1735 historia
890 1680 990 1755 vera,
1016 1662 1109 1735 sicul
1134 1662 1258 1737 scribit
1283 1663 1508 1761 Augustinus
1530 1662 1578 1740 de
1662 1714 1665 1723 2

406 1778 558 1866 diritate
574 1778 652 1871 Dei,
669 1786 706 1853 et
722 1780 910 1873 Horosius,
930 1784 1064 1875 preter
1081 1780 1192 1856 finem
1212 1782 1274 1857 ubi
1290 1782 1440 1879 tingitur
1458 1791 1579 1860 trans·

405 1899 575 1975 formatio
603 1900 775 1994 istorum,
793 1900 900 1975 cuius
917 1899 1069 1975 fictionis
1086 1901 1299 1999 allegoriam
1318 1923 1453 1999 ponam
1471 1904 1576 1999 inira,

404 2021 563 2115 capitulo
581 2018 671 2093 xvi.
698 2021 751 2093 Ex
776 2019 879 2095 dictis
904 2040 994 2118 ergo
1020 2022 1119 2097 clare
1143 2029 1254 2118 patet,
1275 2042 1393 2117 quare
1418 2022 1578 2097 hirundo
1711 2112 1715 2119 ¹

402 2140 535 2215 dicitur
551 2160 665 2236 prope
682 2160 792 2215 mane
809 2146 959 2215 cantare
977 2140 1097 2217 tristes
1114 2141 1403 2217 lamentationes.
1422 2144 1467 2217 Et
1485 2142 1576 2217 sub-

401 2258 585 2355 aitpoeta
612 2260 711 2354 quod
742 2260 804 2335 tali
838 2261 929 2336 bora
958 2259 1050 2335 liunt
1081 2261 1265 2336 interdum
1297 2262 1438 2337 somnia
1471 2282 1573 2357 vera,

401 2380 543 2456 dicem:
571 2382 674 2453 eolre
698 2382 735 2453 lu¹
759 2387 868 2453 mento
893 2388 1015 2454 rmstru
1032 2376 1094 2474 piri
1107 2386 1312 2474 perefflua,
1330 2382 1432 2475 idest,
1455 2381 1572 2479 magis

401 2508 544 2577 remota
575 2507 613 2577 et
643 2500 838 2595 abstracta,
863 2502 961 2575 doliu
995 2522 1116 2593 curae,
1147 2502 1250 2597 idest,
1281 2523 1305 2577 a
1338 2503 1503 2577 sensibus
1534 2509 1573 2577 et

400 2622 638 2719 passionibus,
669 2620 755 2715 quia
789 2627 878 2695 tunc
910 2621 1070 2717 perlecta
1101 2621 1302 2719 digestione
1333 2629 1372 2697 et
1400 2623 1572 2698 resolutis

401 2742 511 2817 imnis
536 2762 642 2819 mens
666 2750 721 2817 est
746 2742 863 2839 magis
887 2742 1019 2834 sobria,
1054 2764 1074 2815 c
1101 2764 1180 2816 men
1203 2745 1267 2817 dui
1286 2746 1426 2836 pomer
1445 2764 1571 2836 presa,

400 2861 502 2957 idest,
538 2862 660 2937 minus
691 2868 869 2958 occupata
894 2883 917 2937 a
945 2863 1044 2936 curis
1077 2882 1203 2937 rerum
1236 2864 1478 2957 exteriorum,
1503 2868 1573 2939 aue

399 3004 459 3057 rue
490 2988 602 3058 vioon
636 2980 789 3077 quud-e*
816 2986 948 3075 dicitu,
980 2982 1071 3057 idest
1105 3003 1282 3080 praesaga,
1314 2985 1400 3079 quia
1435 2975 1571 3063 scilicet

399 3105 575 3199 praevidel
599 3124 689 3179 vere
714 3105 839 3179 lutura
865 3122 930 3198 per
961 3102 1158 3177 somnium.
1184 3104 1228 3176 nt
1258 3103 1316 3179 bic
1345 3112 1443 3200 nota,
1470 3107 1570 3200 quod

399 3225 568 3319 quadam
583 3231 669 3299 sunt
685 3224 826 3299 somnia
845 3223 1037 3315 naturalia,
1051 3222 1145 3297 sicut
1162 3223 1330 3299 ridemus
1344 3224 1443 3317 quod
1455 3225 1569 3321 aliqui

398 3362 496 3440 sepe
520 3365 543 3418 a
569 3352 700 3419 natura
719 3344 856 3418 iaciunt
878 3342 1018 3417 somnia
1040 3363 1141 3437 vera,
1161 3342 1274 3438 aliqui
1295 3364 1441 3438 semper
1462 3346 1569 3440 laisa,

397 3450 567 3560 quadam
594 3472 680 3538 sunt
705 3462 879 3557 bestialia,
905 3462 999 3537 sicin
1020 3462 1079 3537 illa
1096 3482 1181 3557 qne
1205 3464 1427 3557 proveniunt
1446 3486 1469 3538 a
1485 3486 1570 3541 cra·

397 3584 483 3681 pola
511 3586 569 3660 vel
594 3584 796 3679 ebrietate3
822 3583 991 3679 quoedam
1018 3604 1108 3659 vero
1134 3590 1220 3657 sunt
1244 3584 1457 3678 spiritualia,
1482 3606 1570 3679 quac

398 3706 491 3781 liunt
517 3706 740 3781 revelatione
764 3704 895 3779 divina.
911 3710 1018 3779 -Et
1040 3726 1145 3777 esser.
1171 3704 1237 3779 llic
1266 3711 1373 3799 poeta
1397 3705 1568 3780 describit

396 3828 521 3903 locum
547 3833 583 3903 et
608 3827 760 3901 modum
788 3826 844 3899 sui
872 3831 997 3921 raptus
1023 3844 1089 3920 per
1115 3846 1228 3900 unam
1254 3826 1568 3921 comparationem

396 3948 567 4023 nobilem.
594 3946 647 4021 Ad
673 3946 780 4022 cuius
809 3944 1081 4040 intelligentiam
1108 3944 1219 4019 debes
1243 3945 1349 4039 scire,
1381 3944 1491 4039 quod,
1524 3951 1566 4018 ut

394 4068 538 4166 tingunt
562 4075 680 4165 poetae
705 4074 742 4142 et
766 4064 878 4163 graeci
905 4075 942 4143 et
966 4064 1076 4159 latini,
1094 4064 1324 4161 Ganymedes
1349 4064 1444 4139 tilius
1469 4066 1567 4161 regis

393 4191 624 4266 troianorum
650 4209 735 4263 cum
764 4186 886 4261 ivisset
912 4206 997 4260 cum
1023 4186 1128 4261 sociis
1146 4185 1432 4261 invenationem
1459 4190 1565 4261 extra

394 4310 552 4405 Troiam,
577 4328 664 4385 ecce
688 4307 822 4403 aquila,
840 4326 926 4402 que
940 4305 1072 4381 dicitur
1091 4305 1171 4381 avis
1187 4304 1297 4398 loris,
1315 4304 1436 4380 subito
1459 4304 1564 4379 ilium

394 4438 540 4526 mptum
568 4428 725 4525 portavit
749 4428 786 4501 in
812 4428 960 4520 omium
986 4425 1049 4500 ubi
1082 4425 1200 4500 lactus
1227 4424 1361 4500 dicitur
1391 4424 1566 4520 pincerna

392 4550 500 4625 iovis.
530 4549 647 4624 liuius
679 4547 832 4625 fictionis
866 4546 1000 4622 veritus
1035 4551 1101 4639 est,
1134 4550 1315 4639 quantum
1348 4551 1487 4639 spectat
1516 4543 1565 4619 ad

393 4680 557 4746 nostrum
584 4669 822 4766 propositum,
845 4667 944 4763 quod
969 4666 1134 4761 luppiter
1155 4672 1283 4760 potens
1304 4684 1370 4739 rex
1391 4655 1560 4756 Cretaeti

391 4792 475 4867 lelix
487 4783 525 4885 (³)
542 4810 628 4865 cum
647 4789 858 4865 venissetis
876 4786 992 4862 aciem
1011 4792 1140 4861 contra
1153 4785 1286 4859 Troern
1305 4804 1431 4879 regem
1447 4784 1579 4880 Pbry-¹

453 5060 479 5123 (¹)
497 5058 528 5108 ll.
544 5058 642 5109 scillcet
658 5056 767 5121 hosne.
842 5054 869 5118 (¹)
886 5054 916 5107 li.
933 5054 1065 5107 cretensis.
1138 5050 1236 5114 mil,
1252 5050 1316 5101 ielis
1331 5050 1357 5100 in
1373 5050 1474 5113 paullo.
1491 5064 1561 5100 cum.
