4542 6842
708 931 755 998 ro
1066 940 1270 996 mnemon
1295 941 1515 994 nunnamuu

707 1087 825 1182 magis
850 1105 916 1182 per
941 1085 1035 1158 istud
1062 1105 1234 1180 regnum,
1261 1105 1327 1180 per
1357 1084 1455 1178 quod
1490 1105 1682 1177 nunquam
1714 1085 1790 1157 itur
1815 1084 1882 1158 nisi

704 1215 787 1282 orto
812 1208 907 1300 sole3
935 1209 1120 1297 volpiunn'
1136 1209 1299 1297 induco,
1316 1204 1454 1278 scilicet
1471 1225 1602 1279 versus
1621 1204 1826 1298 orientem3
1843 1213 1884 1279 et

705 1347 793 1402 ecoe
817 1345 992 1402 causam:
1018 1327 1078 1398 cue
1102 1327 1141 1398 di
1163 1347 1248 1418 qua,
1272 1325 1409 1399 scilicet
1433 1345 1477 1398 er
1506 1330 1611 1418 parto
1635 1324 1797 1416 orientis,
1822 1327 1883 1398 n·-

706 1449 823 1537 ctrtnn,
848 1446 949 1539 idest,
982 1444 1177 1520 inclinatur
1196 1440 1248 1537 (¹),
1279 1452 1398 1537 mnata
1425 1448 1599 1536 piannru,
1630 1444 1732 1538 idest,
1762 1445 1881 1519 insula

708 1567 826 1662 plana,
852 1571 890 1640 ni
913 1569 990 1640 mot
1014 1569 1152 1640 tumim
1175 1565 1282 1656 burri,
1308 1565 1370 1638 ubi
1397 1570 1484 1638 sunt
1503 1565 1620 1658 junci,
1637 1566 1741 1658 quasi
1767 1566 1882 1640 dicat:

710 1687 787 1782 ripa
813 1693 867 1762 est
893 1687 1099 1762 bomissima
1125 1685 1187 1780 ibi,
1213 1685 1306 1778 ideo,
1334 1685 1578 1758 inchoandum
1596 1691 1689 1758 esta
1713 1693 1775 1760 tua
1792 1707 1884 1781 pur·
2014 1785 2019 1792 Ι

709 1809 855 1906 gatione
869 1807 904 1880 in
919 1807 999 1882 loco
1012 1827 1169 1880 summae
1189 1804 1461 1878 bumiliationis.
1475 1843 1525 1858 -—
1536 1807 1674 1877 L’nlbu.
1694 1807 1759 1878 llic
1774 1813 1881 1899 poeta

709 1927 879 2002 describit
897 1935 1040 2022 tempus
1057 1925 1339 2000 accommodum
1358 1945 1427 1999 suo
1444 1925 1576 2017 itineri,
1594 1932 1631 1999 et
1648 1925 1767 2019 ipsum
1792 1926 1884 2019 tter,

709 2053 748 2122 et
773 2048 853 2121 vult
877 2046 1038 2120 breviter
1063 2045 1198 2137 dicere,
1224 2044 1335 2118 tiebat
1363 2045 1463 2136 dies3
1496 2045 1595 2118 unde
1623 2044 1732 2118 dicit:
1757 2045 1884 2137 calba,

710 2169 811 2262 idest,
843 2167 986 2259 albedo,
1018 2169 1139 2240 nincen
1167 2169 1191 2238 ἴ
1202 2187 1272 2238 orn
1305 2169 1475 2238 matutino
1493 2156 1590 2258 (Ἣ
1622 2167 1770 2260 Matuta,
1800 2186 1884 2259 quae

709 2293 764 2362 eat
789 2307 939 2380 aurora,
965 2288 1037 2374 cle,
1063 2285 1165 2379 idest,
1191 2305 1287 2378 quae,
1311 2289 1436 2378 suppio
1459 2290 1620 2374 innanzi,
1638 2286 1724 2378 quia
1745 2306 1883 2360 aurora

710 2406 868 2501 disparet
905 2404 1123 2479 adveniente
1159 2406 1247 2497 sole,
1284 2405 1332 2479 ita
1368 2406 1465 2500 quod
1501 2406 1645 2480 Lucifer
1678 2407 1885 2500 recedebat,

712 2527 775 2620 qui
802 2526 912 2621 paulo
937 2531 1023 2600 ante
1053 2524 1280 2598 illuminabat
1304 2525 1497 2618 orientem,
1532 2533 1569 2599 et
1602 2527 1655 2599 sol
1688 2527 1886 2600 accedebat

714 2647 777 2740 qui
805 2645 972 2720 vincebat
997 2665 1108 2739 eum3
1135 2645 1218 2721 ideo
1241 2645 1350 2720 dicit:
1380 2639 1411 2718 cl
1438 2649 1499 2718 clu
1522 2649 1571 2719 du
1596 2649 1752 2737 lontano,
1779 2646 1884 2739 quasi

712 2767 832 2842 dicat:
859 2771 1007 2861 propter
1038 2767 1157 2840 lucem
1189 2767 1274 2840 solis
1306 2773 1504 2860 antequam
1537 2768 1816 2861 perveniremus
1839 2767 1885 2842 ad

714 2887 810 2982 litua,
837 2887 982 2960 conobbi
999 2889 1027 2959 il
1050 2889 1219 2959 nenrolur
1243 2890 1336 2960 dedu
1360 2891 1518 2976 murina,
1544 2867 1647 2980 idest,
1678 2888 1887 2962 fluctuatio-

715 3027 798 3083 nem
826 3027 935 3100 aquae
960 3006 1133 3101 marinae,
1152 3014 1190 3082 et
1215 3007 1330 3103 tangit
1351 3008 1467 3102 ipsum
1486 3008 1556 3081 iter
1572 3007 1717 3083 dicens:
1743 3012 1805 3082 noi
1819 3031 1887 3081 un·

712 3129 843 3200 dunum
874 3149 941 3219 per
969 3130 1004 3199 lo
1034 3130 1172 3218 cntinuo
1197 3130 1323 3219 pinno,
1355 3127 1457 3221 idest,
1488 3148 1554 3221 per
1579 3129 1763 3222 planitiem
1791 3129 1887 3202 illius

713 3267 836 3343 parvae
875 3247 1013 3321 insulae.
1045 3248 1089 3320 Et
1124 3246 1181 3321 bic
1217 3255 1314 3342 nom,
1343 3247 1442 3341 quod
1472 3248 1674 3321 secundum
1702 3249 1884 3324 fictionem

713 3368 825 3446 nostri
852 3375 980 3463 poctae,
999 3375 1098 3442 terra
1117 3373 1242 3441 nostra
1261 3367 1464 3442 habitabilis
1485 3375 1540 3442 est
1558 3390 1692 3466 magua
1713 3369 1887 3464 trequen-

714 3496 787 3564 tata
813 3509 835 3564 a
863 3489 998 3582 multis,
1024 3489 1111 3582 quia
1128 3489 1236 3582 plena
1254 3489 1483 3583 peccantium
1498 3512 1508 3583 3
1526 3489 1588 3563 sed
1606 3490 1667 3563 illa
1686 3501 1783 3567 terra
1801 3512 1890 3585 pur·

713 3608 843 3708 gatorii
869 3610 1032 3706 opposita
1051 3615 1185 3683 nostrae
1204 3617 1259 3683 est
1276 3630 1389 3703 parva
1408 3615 1445 3684 et
1462 3630 1592 3703 vacua,
1610 3611 1697 3704 quia
1715 3617 1769 3685 est
1790 3618 1889 3686 terra

714 3731 968 3826 poenitentium
996 3730 1222 3805 tendentium
1248 3730 1294 3804 ad
1322 3729 1510 3824 virtutem,
1531 3751 1597 3825 per
1614 3753 1726 3825 quam
1746 3734 1891 3828 paucis-

715 3851 795 3926 simi
821 3852 1022 3926 ambulant.
1050 3852 1092 3924 Et
1118 3851 1280 3925 declarat
1305 3852 1375 3925 boc
1403 3872 1469 3946 per
1500 3853 1759 3947 pulcerrimum
1786 3875 1890 3929 com-

716 3971 941 4070 parationem
970 3984 1007 4050 et
1033 3971 1317 4067 propriissimum
1344 3971 1506 4067 viatoria,
1535 3973 1682 4048 dicens:
1708 3954 1889 4049 com'uonn

716 4095 775 4166 ote
804 4101 908 4165 torna
934 4097 1007 4168 ullu
1030 4096 1180 4186 perdura
1205 4095 1355 4186 snadp5
1381 4093 1487 4186 pauci
1505 4092 1603 4167 enim
1622 4102 1707 4167 sunt
1725 4095 1787 4188 qui
1805 4116 1890 4190 per·

717 4213 864 4288 veniant
881 4213 925 4287 ad
944 4213 1042 4287 viam
1062 4217 1213 4306 rectam,
1232 4211 1299 4285 nisi
1317 4212 1526 4307 cespitando
1544 4234 1610 4307 per
1628 4215 1743 4288 multa
1761 4215 1889 4310 devia;

716 4334 797 4408 ideo
823 4332 931 4407 dicit:
958 4335 1018 4406 cle
1033 4335 1141 4425 'mino
1161 4334 1212 4404 nd
1235 4353 1313 4405 essu
1337 4335 1363 4406 a·
1383 4353 1477 4424 pare
1500 4335 1554 4405 ire
1577 4336 1615 4406 in
1640 4354 1744 4407 vano.
1765 4335 1891 4409 Omnis

716 4452 813 4530 enim
842 4454 952 4527 bomo
977 4453 1103 4527 vivens
1129 4452 1164 4525 in
1194 4451 1330 4526 mundo
1356 4452 1426 4526 isto
1451 4453 1655 4548 appellatur
1681 4453 1810 4548 viator,
1828 4455 1890 4549 qui

717 4574 830 4650 tendit
855 4574 890 4648 in
917 4574 1084 4669 patriam,
1112 4573 1175 4648 sed
1201 4593 1298 4667 sepe
1323 4573 1509 4647 exorbitat
1526 4593 1547 4646 a
1565 4573 1622 4647 via
1643 4581 1753 4668 recta,
1775 4581 1813 4650 et
1828 4575 1888 4649 diu
1948 4578 1950 4581 ’

716 4715 781 4790 per
807 4716 901 4769 vana
927 4701 1102 4790 vagatum
1129 4695 1223 4769 sicut
1247 4705 1355 4788 poeta
1381 4701 1516 4788 noster,
1536 4695 1599 4788 qui
1627 4715 1693 4790 per
1718 4702 1772 4769 tot
1796 4704 1893 4770 tern-

718 4835 805 4910 pora
833 4816 949 4891 iverat
975 4835 1040 4910 per
1065 4836 1180 4890 vanos
1205 4815 1363 4888 bonores
1393 4824 1431 4891 et
1462 4814 1609 4889 insanos
1641 4836 1799 4910 amores,
1828 4815 1891 4891 sed

780 5073 808 5138 (Ι)
826 5079 879 5136 mr,
897 5075 1011 5126 inclinat.
1268 5077 1298 5140 (³)
1313 5076 1342 5126 R
1359 5077 1498 5135 moranno,
1514 5090 1574 5141 qum
1589 5082 1637 5127 arv.
