4542 6842
713 918 784 987 346
1071 926 1274 982 counnrou
1299 924 1521 982 runonronu

711 1076 757 1151 de
782 1076 920 1151 circulo
945 1072 1192 1169 superborum
1217 1071 1408 1147 ascensuri
1427 1068 1542 1144 alium
1568 1067 1750 1142 clnculum
1776 1066 1884 1140 altio-

711 1216 790 1271 rem
808 1216 876 1292 pro
893 1194 1123 1291 purgatione,
1142 1193 1364 1269 invenerunt
1381 1210 1577 1265 ascensum
1591 1187 1729 1263 lactum
1748 1187 1785 1261 iu
1802 1208 1885 1261 mo—

710 1316 799 1391 dum
818 1316 1012 1390 scalarum.
1026 1354 1076 1367 -
1090 1316 1169 1387 Noi.
1188 1312 1253 1388 llic
1269 1318 1378 1407 poeta
1394 1309 1565 1386 describit
1586 1308 1747 1382 letitiam
1771 1328 1882 1402 quam

709 1437 877 1511 lecerunt
908 1434 1041 1509 auimae
1075 1432 1184 1529 primi
1214 1431 1343 1506 circuli
1372 1430 1419 1507 de
1449 1428 1667 1526 purgatione
1701 1428 1884 1523 superbie

710 1555 805 1630 sacta
832 1556 868 1628 in
894 1574 939 1629 eo
964 1552 1011 1628 ab
1035 1552 1182 1649 angelo,
1200 1551 1287 1646 quia
1304 1558 1497 1647 coeperunt
1522 1570 1651 1624 omnes
1675 1548 1885 1624 dulcissime

711 1682 871 1752 cantare.
900 1672 1001 1748 Unde
1026 1672 1168 1747 dicit‘:e
1196 1675 1285 1765 uoci,
1308 1671 1456 1746 illorum
1482 1671 1739 1766 superborum,
1759 1678 1885 1743 conto-

711 1816 782 1870 ron
805 1788 848 1885 si,
874 1794 976 1887 idest,
1002 1799 1077 1867 tam
1103 1792 1271 1886 dulciter,
1296 1796 1357 1865 cte
1380 1794 1443 1865 nol
1465 1795 1562 1866 dbia
1586 1812 1758 1883 sermore,
1781 1790 1884 1887 idest,

712 1938 786 1991 non
810 1921 932 2011 posset
956 1913 1127 2009 explicari
1153 1933 1326 1989 sermone
1350 1912 1504 1987 viventis
1511 1937 1521 2007 3
1543 1918 1581 1988 et
1605 1911 1777 1988 dixerunt
1793 1933 1885 1986 cen-

712 2037 846 2112 taudo:
873 2039 973 2109 Beati
991 2055 1167 2128 pauperes
1191 2036 1315 2127 spirim
1328 2028 1378 2127 (¹),
1396 2035 1562 2126 montom
1580 2036 1737 2127 ipsorum
1757 2039 1808 2106 est
1825 2053 1886 2105 re-

710 2178 818 2248 onnm
843 2158 1009 2229 caelorum
1019 2181 1034 2246 ;
1060 2154 1151 2228 beati
1169 2156 1278 2245 nuno,
1296 2156 1463 2247 quondum
1487 2156 1555 2247 ipsi
1575 2145 1799 2247 posudebunt
1814 2161 1886 2225 ter·

711 2286 815 2369 rum;
841 2276 931 2348 beon
955 2277 1014 2367 qni
1038 2277 1167 2365 tonent,
1193 2278 1358 2365 quonum
1382 2277 1451 2366 ipsi
1473 2274 1766 2366 consolabuntur5
1795 2273 1886 2345 beuti

711 2400 770 2490 qut
785 2398 942 2469 esnnnnt
962 2401 997 2468 et
1017 2396 1328 2487 sitiuntjnstittnm,
1345 2397 1511 2486 qnoniam
1526 2398 1595 2487 ipsi
1610 2396 1862 2467 recunduntur
1869 2420 1886 2487 ,-

710 2518 801 2590 beati
824 2517 1080 2605 mnerieordes,
1098 2518 1264 2607 qnoniam
1288 2516 1355 2607 ipsi
1379 2517 1657 2588 mnericordinm
1673 2533 1885 2605 consequen-

711 2644 790 2730 tur;
826 2636 916 2709 beati
948 2638 1079 2708 mundo
1114 2636 1233 2725 corde,
1265 2637 1431 2727 qnoniam
1465 2637 1532 2727 ipsi
1563 2639 1676 2707 Deum
1700 2634 1862 2707 videbunt
1869 2659 1885 2727 ‚-

711 2757 801 2830 beati
825 2759 884 2847 qui
911 2757 1185 2847 persecutionem
1207 2758 1388 2847 ponuntur
1414 2761 1565 2848 propter
1586 2756 1772 2846 justitium,
1799 2774 1886 2845 qno-

711 2879 809 2949 niam
834 2879 991 2967 ipsorum
1016 2880 1237 2967 estnequam
1261 2878 1439 2948 coelorum.
1466 2874 1524 2949 Sic
1549 2896 1640 2971 ergo
1664 2873 1766 2949 vides
1791 2894 1886 2968 quo-

713 2996 823 3071 modo
849 2996 928 3070 baec
955 2995 1068 3069 verba
1095 2996 1317 3070 conveniunt
1342 2995 1418 3070 istis
1450 2996 1513 3089 qui
1544 2996 1601 3070 bic
1629 3002 1885 3092 purgantura

712 3116 799 3192 vitio
825 3114 1018 3210 superbiae,
1044 3123 1082 3191 et
1102 3106 1140 3208 (Ξ)
1165 3115 1247 3191 dioo
1271 3121 1526 3209 cantaverunt,
1552 3117 1614 3188 noi
1643 3118 1813 3206 uoluendo
1837 3118 1886 3188 tut

710 3240 742 3310 le
766 3242 885 3309 nostre
906 3256 1069 3328 persone,
1091 3236 1194 3331 idest,
1214 3235 1304 3310 dum
1324 3237 1593 3312 diverteremus
1617 3236 1665 3311 ad
1688 3256 1884 3311 ascensum

710 3357 860 3433 secundi
886 3356 1033 3450 circuli3
1060 3363 1097 3431 et
1114 3356 1349 3431 commendat
1373 3356 1486 3431 istum
1504 3364 1662 3431 'cantum
1688 3378 1755 3453 per
1780 3336 1885 3433 dille·

710 3478 867 3553 rentiam
893 3477 939 3552 ad
966 3478 1152 3572 planctum
1178 3477 1407 3571 infernalem,
1431 3477 1574 3553 dicens:
1593 3480 1682 3551 nui!
1707 3478 1811 3572 quasi
1829 3477 1886 3551 di·

709 3606 781 3692 eat,
805 3598 972 3673 dolenter
998 3597 1131 3693 refero,
1156 3606 1286 3690 quanto
1311 3600 1529 3691 querneae,
1556 3597 1702 3691 scilicet,
1723 3598 1883 3673 existen·

709 3718 802 3793 tium
829 3718 866 3791 in
891 3717 1116 3814 purgatorio,
1148 3738 1214 3791 son
1242 3720 1378 3791 diuum
1406 3719 1491 3791 dult’
1504 3720 1697 3811 infernali!
1726 3724 1764 3792 et
1795 3738 1883 3793 ecoe

709 3838 897 3933 quomodo
930 3837 1119 3931 differunt,
1152 3832 1354 3935 obductu,
1392 3837 1550 3931 scilicet,
1584 3838 1622 3909 in
1658 3838 1883 3934 purgatorio,

708 3962 737 4033 ε’
750 3965 853 4037 entra
886 3979 954 4051 per
987 3960 1099 4051 cunti,
1135 3958 1229 4032 sicut
1258 3958 1336 4054 jam
1370 3957 1487 4054 patuit
1519 3977 1632 4052 supra
1664 3958 1701 4031 in
1733 3959 1884 4032 introitu

710 4078 843 4174 primo,
870 4078 956 4171 quia
982 4083 1171 4152 cantatum
1197 4077 1284 4151 luit:
1316 4084 1361 4150 Tc
1386 4083 1497 4151 mum
1522 4080 1708 4151 undam
1720 4103 1736 4171 ;
1761 4086 1799 4152 et
1824 4078 1883 4153 bic

712 4218 810 4272 nunc
836 4204 874 4271 et
898 4197 983 4272 alibi
1009 4217 1116 4293 saepe,
1136 4202 1176 4269 ut
1193 4196 1330 4291 patebit
1354 4196 1392 4270 in
1412 4193 1887 4293 processu301u99ni,sci·

710 4316 795 4393 licet
821 4316 857 4391 in
883 4317 1080 4411 infernum,
1106 4316 1277 4409 intratur,
1298 4338 1368 4409 per
1392 4319 1534 4390 lonunti
1553 4321 1679 4411 feroci,
1705 4318 1800 4393 sieut
1820 4340 1886 4413 pa·

712 4439 780 4513 tuit
806 4438 905 4533 quod
939 4438 974 4511 ln
1006 4436 1125 4534 primo
1152 4437 1304 4512 introitu
1329 4437 1460 4512 interni
1489 4438 1623 4513 animae
1655 4438 1888 4535 blaspbema-

711 4558 800 4633 bant
834 4558 969 4650 Deum‚
1001 4563 1173 4631 naturam
1209 4564 1247 4632 et
1281 4558 1468 4632 fortunam
1502 4578 1634 4653 suam3
1663 4566 1700 4633 et
1739 4559 1886 4633 Cbarou

635 4768 637 4773 ¹
712 4678 884 4755 clamavit
909 4677 1156 4773 quaerelanter
1173 4685 1302 4753 contra
1322 4685 1469 4773 poetam
1490 4678 1629 4773 virum,
1648 4684 1686 4754 et
1702 4680 1887 4756 Cerberus

773 4897 800 4962 (¹)
816 4898 847 4949 Ε.
862 4912 878 4949 e
895 4903 949 4960 nr,
965 4900 1066 4963 »ptum
1087 4900 1152 4952 Hanc
1168 4902 1247 4952 verba
1263 4902 1386 4966 leguntur
1402 4904 1519 4969 Matthaei
1529 4904 1620 4968 quinto
1631 4904 1752 4967 capitulo,
1766 4904 1810 4955 ubl
1820 4904 1886 4956 dixit
1982 4959 1987 4966 ,

712 4974 838 5025 Dominus
854 4980 943 5026 noster
958 4976 1033 5027 lesus
1049 4976 1182 5029 Christus:
1199 4979 1275 5029 Booti
1287 4992 1419 5044 munem.

776 5046 804 5111 (¹)
820 5050 851 5101 Ε.
867 5064 882 5101 c
901 5055 954 5113 nr,
971 5056 998 5103 et
1013 5052 1064 5103 boe
1080 5054 1147 5105 dico.
