4542 6842
623 971 625 976 '
712 971 851 1028 CANTUS
875 973 1033 1031 nmmos
1057 977 1204 1031 SEXTUS.
1468 967 1540 1031 445

368 1116 502 1190 Parma
529 1124 566 1192 et
591 1119 752 1194 Bononia
779 1125 817 1194 et
841 1119 965 1214 plures
989 1119 1071 1195 aliae
1101 1127 1211 1194 terrm
1241 1121 1471 1225 Lomhardiae
1504 1129 1542 1199 et

367 1235 617 1313 Romandiolae
642 1239 926 1314 coniuraverunt
942 1231 978 1332 (¹)
997 1261 1083 1316 cum
1105 1239 1258 1316 ecclesia
1283 1249 1411 1317 contra
1437 1263 1539 1338 eum,

367 1355 551 1432 descendit
576 1359 623 1434 de
648 1379 764 1456 regno
789 1359 826 1433 in
850 1360 1107 1435 Lomhardiam
1135 1360 1279 1455 magnis
1310 1361 1472 1456 viribus3
1500 1371 1537 1438 et

366 1484 449 1573 post
474 1479 590 1553 multa
617 1479 745 1573 proelia
772 1478 1060 1555 mediolanenses
1085 1479 1169 1554 totis
1195 1479 1334 1554 virihns
1366 1481 1452 1576 suis,
1478 1503 1540 1558 ec-

368 1597 487 1673 clesiae
513 1603 550 1674 et
575 1597 843 1695 colligatorum,
867 1619 954 1673 cnm
981 1599 1165 1674 venissent
1190 1599 1227 1674 in
1251 1601 1432 1674 auxilium
1463 1602 1538 1677 bri-

369 1715 562 1811 xiensium,
576 1724 847 1792 concurrerunt
863 1738 949 1793 curn
963 1719 1148 1794 liriderico
1164 1719 1202 1793 in
1218 1719 1299 1794 loco
1316 1719 1412 1796 dicto
1426 1722 1538 1798 Cane

368 1839 488 1932 Nova3
506 1845 543 1912 et
568 1845 649 1934 post
664 1858 751 1913 acre
767 1840 940 1933 proelium
960 1839 1247 1916 mediolanenses
1267 1839 1436 1916 debellati
1453 1852 1541 1919 sunt

369 1977 455 2033 cum
482 1978 617 2054 magno
642 1957 777 2033 damno
802 1979 959 2032 snorum
976 1965 1014 2035 et
1031 1959 1253 2034 exaltatione
1268 1959 1454 2054 driderici,
1474 1960 1540 2054 qui

369 2077 406 2150 in
431 2076 490 2152 illa
516 2098 640 2174 pugna
666 2083 817 2153 strenue
841 2093 882 2153 se
905 2085 1081 2175 gesserat.
1099 2080 1213 2154 Cuius
1233 2081 1287 2156 rei
1304 2079 1431 2155 dolore
1448 2081 1539 2157 Gre-

368 2195 495 2293 gorius
520 2196 725 2272 infirmatus
743 2203 913 2273 mortuus
938 2206 992 2274 est
1016 2199 1145 2274 liomae
1164 2200 1276 2296 paulo
1295 2206 1396 2295 post:
1414 2199 1540 2275 Fride-

369 2317 467 2392 ricus
491 2338 583 2393 roro
607 2317 724 2393 victor
749 2317 844 2414 cepit
868 2339 1041 2416 magnam
1075 2326 1218 2415 partem
1247 2320 1476 2394 lombardie
1501 2327 1539 2396 et

366 2437 626 2513 Romandiolae.
652 2439 734 2526 Quo
759 2444 926 2534 tempore
952 2439 1080 2514 hahuit
1099 2440 1343 2535 elephantem,
1359 2440 1406 2513 ad
1423 2459 1537 2534 quem

367 2559 564 2634 videndum
590 2558 822 2633 continebant
839 2559 944 2632 multi
962 2559 1008 2635 de
1024 2561 1166 2655 populis
1185 2560 1424 2635 Lomhardiae.
1442 2560 1537 2634 Tan·

366 2679 451 2754 dem
478 2689 625 2756 creatus
650 2686 705 2753 est
731 2699 824 2774 papa
848 2680 1080 2755 innocentius
1097 2681 1144 2754 lV
1161 2680 1218 2755 vir
1236 2681 1364 2754 nobilis
1379 2682 1539 2776 januen-

367 2798 414 2872 sis
448 2819 495 2874 cx
526 2799 706 2874 nohilihns
734 2800 781 2875 de
810 2798 939 2893 Flisco,
963 2820 1061 2875 anno
1093 2800 1238 2874 Domini
1268 2800 1538 2895 dccxn1,qui

367 2919 459 2993 sedit
483 2919 587 2994 annis
612 2919 782 2994 undecim
810 2926 847 2995 et
873 2919 1025 3016 replevit
1050 2921 1242 2996 ecclesiam
1270 2920 1394 2995 multis
1420 2921 1538 2996 cardi-

367 3037 510 3112 nalihns
535 3059 580 3113 ex
613 3039 765 3114 diversis
795 3040 959 3134 partibus
992 3039 1273 3115 christianitatis.
1299 3041 1381 3129 Quo
1410 3039 1536 3116 audito

366 3157 573 3233 Fridericus
589 3158 769 3254 tornatus,
788 3160 905 3234 lertur
926 3159 1078 3235 dixisse:
1096 3159 1192 3234 lien!
1209 3159 1347 3254 perdidi
1372 3159 1534 3234 amicum

366 3299 514 3387 menm3
545 3279 763 3376 presagiens
789 3279 888 3374 quod
913 3279 1082 3354 intnrum
1114 3287 1205 3355 erat.
1231 3281 1324 3355 Nam
1358 3280 1536 3355 lnnocen-

366 3399 450 3494 tius,
476 3399 636 3494 prudens
661 3408 698 3476 el
723 3399 952 3497 magnificor,
971 3401 1095 3476 ridens
1116 3401 1316 3495 potentiam
1342 3408 1380 3476 et
1403 3407 1535 3476 contn-

366 3519 524 3595 maciam
549 3519 732 3614 Friderici,
766 3520 828 3615 qui
858 3520 963 3614 qnasi
998 3528 1112 3596 totam
1145 3520 1351 3616 possidebat
1380 3521 1534 3614 ltaliam,

366 3639 449 3715 iecit
474 3640 612 3714 armari
636 3640 733 3735 apud
759 3641 915 3715 Jannam
942 3640 1068 3736 viginti
1093 3641 1218 3737 galeas
1248 3659 1315 3734 per
1344 3646 1532 3714 consortes

365 3782 478 3855 suos3
504 3768 541 3835 et
565 3781 652 3835 cnm
669 3760 914 3836 cardinalibus
932 3767 968 3835 et
984 3759 1089 3836 curia
1106 3759 1171 3834 ivit
1187 3760 1234 3834 de
1252 3759 1370 3834 Roma
1387 3760 1537 3857 Lugdu·

366 3903 469 3976 num,
495 3902 607 3977 snpra
637 3881 868 3976 Rhodanum,
895 3881 956 3956 uhi
986 3880 1173 3956 celebrato
1203 3879 1367 3975 concilio,
1392 3881 1454 3956 cni
1478 3881 1535 3955 in-

366 4004 491 4080 terluit
516 4003 634 4078 honus
658 4002 865 4078 Ludovicus
886 4023 951 4078 rex
970 4001 1108 4095 Galliae,
1125 4001 1312 4076 damnavit
1329 4008 1365 4076 et
1381 4021 1534 4076 excom-

366 4123 566 4198 municavit
582 4122 820 4198 Fridcricum.
838 4123 985 4198 interim
1005 4121 1265 4218 consanguinei
1283 4121 1481 4196 innocentii
1497 4128 1536 4197 et

365 4241 473 4318 amici
499 4241 672 4335 ecclesiae,
698 4242 838 4336 expulsi
864 4241 909 4316 de
936 4242 1080 4335 Parma,
1104 4240 1337 4316 intraverunt
1359 4242 1533 4316 Parmam

365 4384 452 4439 cnm
478 4383 658 4437 consensu
685 4361 817 4457 populi.
842 4363 882 4435 ln
900 4383 1059 4457 quorum
1077 4361 1257 4436 auxilinm
1277 4362 1452 4436 continno
1469 4383 1535 4438 ve-

366 4484 417 4559 nit
441 4481 640 4579 Gregorius
657 4481 703 4556 de
719 4481 840 4555 Monte
859 4480 985 4577 Longo
1002 4481 1146 4578 legatus
1169 4480 1332 4556 ccelesiae
1347 4501 1433 4555 cnm
1453 4503 1534 4558 me-

363 4601 642 4696 diolanensibus,
674 4599 885 4696 placentinis
918 4606 956 4674 et
987 4599 1208 4694 mantuanis,
1240 4606 1278 4675 et
1307 4609 1534 4696 paraverunt

363 4745 403 4798 se
427 4723 474 4798 ad
497 4720 756 4798 defensionem.
774 4719 979 4794 liridericus
997 4717 1243 4815 indignatione
1260 4720 1390 4814 plenus
1409 4728 1448 4795 ct
1466 4721 1532 4817 ira,

363 4843 556 4921 contractis
580 4841 724 4939 magnis
748 4841 898 4935 viribus,
916 4847 953 4916 et
970 4839 1138 4914 Eccelino
1154 4840 1201 4914 de
1225 4840 1403 4935 Romano,
1421 4842 1530 4917 ohse-

425 5103 451 5164 (Ι)
470 5106 523 5163 lli,
541 5104 722 5152 conuenerant.
