4542 6842
832 968 971 1026 murus
996 971 1163 1038 QUINTUS·
1352 1006 1356 1012 -
1508 960 1578 1029 165

404 1120 480 1189 ater
496 1114 596 1190 necis
613 1112 756 1209 occidit,
774 1117 879 1188 Sieua
903 1119 953 1190 mi
972 1119 1022 1211 se,
1042 1114 1145 1211 idest,
1159 1116 1287 1213 genuit
1311 1137 1387 1212 me3
1406 1124 1461 1193 est
1477 1116 1575 1192 euim

403 1235 518 1331 patria
545 1234 763 1331 principium
790 1236 1048 1333 generationis,
1070 1237 1384 1333 quemadmodum
1403 1245 1441 1314 et
1460 1245 1575 1335 pater,

400 1356 506 1451 quasi
531 1356 651 1431 dicat:
686 1356 740 1430 iui
769 1376 865 1457 vana
889 1356 1025 1431 femina
1053 1356 1275 1433 decivitate
1308 1358 1504 1454 Senatum,
1529 1359 1575 1434 de
1660 1351 1680 1423 7

401 1476 623 1571 principibus
647 1474 745 1549 iliius
760 1474 926 1570 civitatis,
951 1478 1128 1572 dt'rsccemi
1143 1482 1355 1571 Murcum,
1372 1479 1475 1574 idest,
1494 1500 1575 1554 ma·
1668 1459 1673 1471 ⁸

400 1596 523 1671 ritima
547 1596 731 1672 Senarum
756 1596 937 1671 interfecit
962 1616 1034 1671 me.
1066 1597 1112 1669 Et
1136 1616 1223 1673 ecce
1249 1600 1457 1694 quomodo:
1489 1602 1575 1674 sutri

399 1719 503 1808 cetui,
528 1717 630 1811 idest,
647 1716 706 1792 rir
731 1735 837 1790 meus
861 1716 957 1791 bene
974 1717 1042 1791 scit
1057 1716 1123 1790 sibi
1146 1718 1228 1812 hoc,
1245 1724 1283 1793 et
1301 1720 1396 1793 bene
1415 1726 1471 1794 est
1486 1740 1574 1795 con-

400 1836 497 1912 scius
521 1836 587 1909 sibi
614 1855 709 1910 mem
734 1834 874 1931 mortis,
893 1835 977 1911 licet
995 1836 1135 1912 diceret
1160 1844 1198 1912 et
1221 1837 1289 1913 dici
1308 1828 1573 1935 iaceret‚‚qund

400 1978 472 2055 ego
505 1956 711 2033 cecideram
744 1954 940 2032 casualiter
978 1956 1025 2031 de
1060 1958 1243 2053 fenestra3
1276 1961 1336 2031 cte
1357 1960 1573 2033 maurellum

394 2081 481 2172 pria
505 2081 551 2150 m’
564 2098 667 2168 acea,
693 2076 796 2172 idest,
822 2077 886 2171 qui
911 2075 1034 2172 primn'
1055 2085 1231 2174 posuerat
1260 2078 1348 2153 mihi
1378 2080 1571 2173 annulum,

397 2200 626 2293 &sperantum
643 2218 710 2271 con
735 2200 772 2271 lu
795 2218 862 2272 rua
885 2218 1047 2293 acrarum
1063 2198 1159 2273 sicut
1183 2196 1223 2271 tit
1249 2204 1416 2293 tempore
1443 2198 1571 2273 matri·
1650 2232 1651 2241 κ

397 2317 521 2394 monii.
548 2318 714 2393 munius
738 2324 862 2393 tamen
888 2318 974 2393 iacit
989 2318 1035 2393 ad
1054 2318 1332 2394 matrimonium
1353 2319 1453 2413 illud,
1472 2319 1570 2416 quod

396 2438 556 2513 circulus
581 2438 627 2513 ad
645 2438 848 2513 tabernam.
866 2439 912 2512 nt
927 2439 998 2513 hoc
1013 2438 1095 2513 dico
1116 2438 1237 2533 iacies,
1256 2442 1397 2532 quando
1414 2446 1449 2513 tu
1468 2442 1571 2513 sarai

396 2566 537 2633 tomam
566 2562 605 2633 al
631 2562 774 2651 mondo,
808 2558 955 2653 scilicet,
986 2559 1200 2654 virentium,
1238 2582 1257 2633 e
1287 2563 1445 2653 vaporato
1476 2563 1569 2635 detta

396 2682 505 2772 innoc
528 2682 598 2774 via,
623 2679 728 2774 idest,
744 2686 782 2756 et
801 2699 887 2754 curn
909 2679 1136 2775 requieveris
1152 2700 1174 2754 a
1193 2678 1302 2777 longo
1320 2680 1461 2776 itinere,
1482 2702 1568 2777 per-

396 2820 506 2876 curso
532 2800 686 2896 interno,
711 2798 925 2897 purgatorio
950 2806 989 2876 et
1012 2800 1191 2894 paradiso.
