4542 6842
745 939 815 1005 bit
1103 950 1308 1005 conuuruu
1332 951 1554 1007 runelmnu

817 1098 886 1169 Not
901 1115 1057 1169 novom.
1076 1096 1148 1170 lsta
1164 1102 1220 1171 est
1237 1102 1370 1189 quarta
1387 1117 1472 1191 pars
1488 1096 1591 1169 istius
1606 1094 1766 1189 capituli,
1784 1095 1820 1169 in
1837 1116 1913 1188 qua

742 1222 849 1310 poeta
872 1222 997 1291 noster
1017 1215 1187 1291 describit
1214 1215 1418 1290 mirabilem
1444 1215 1613 1291 accidens
1638 1216 1736 1309 qnod
1763 1216 1916 1291 emersit

742 1334 802 1428 ibi,
828 1335 963 1410 scilicet
989 1343 1191 1411 tremorem
1217 1342 1255 1411 et
1280 1328 1480 1411 clamorem
1506 1335 1570 1429 qui
1601 1335 1750 1411 incussit
1774 1336 1842 1409 sibi
1866 1336 1916 1408 ti-

742 1473 885 1529 morem
914 1475 1102 1550 magnum.
1130 1453 1234 1529 Unde
1257 1454 1343 1528 dicit
1367 1456 1636 1530 continuative:
1674 1458 1744 1529 Not
1766 1476 1915 1527 nouom

739 1565 1019 1666 participibus
1044 1596 1133 1664 esso,
1161 1574 1264 1667 idest,
1289 1574 1336 1648 ab
1361 1574 1439 1669 ipso
1469 1574 1625 1669 Hugoue
1648 1572 1822 1669 Ciapetta,
1848 1574 1914 1667 qui

743 1694 774 1768 si
799 1694 920 1769 iuerat
944 1716 1081 1770 avarus
1106 1695 1344 1769 denariorum
1361 1694 1399 1767 iu
1420 1694 1506 1788 vita,
1532 1694 1600 1767 luit
1613 1688 1651 1787 (¹)
1673 1693 1767 1775 mibi,
1787 1694 1915 1790 largus

742 1814 942 1890 verborum
970 1814 1039 1909 hic,
1065 1837 1083 1887 c
1107 1816 1293 1905 brtpooorn
1317 1816 1356 1888 dt
1378 1818 1582 1889 semotior
1598 1818 1635 1889 tu
1651 1817 1790 1905 condo,
1807 1814 1913 1907 idest,
1957 1880 1960 1882 a

740 1939 778 2009 et
803 1934 1031 2009 conabamur
1057 1954 1277 2029 percurrere
1302 1934 1412 2027 riam,
1438 1934 1525 2028 quia
1554 1934 1714 2008 multum
1743 1933 1914 2008 tardave-

743 2073 823 2127 ram
850 2074 936 2127 cum
962 2053 1023 2128 illo
1049 2054 1190 2149 spiritu,
1218 2053 1451 2148 permittente
1470 2053 1631 2149 Virgilio,
1655 2061 1764 2145 tuoto,
1781 2060 1912 2147 quanto

741 2176 781 2246 ol
800 2176 915 2267 puder
938 2177 973 2247 n'
986 2196 1051 2247 cro
1071 2195 1264 2267 permesso,
1290 2173 1393 2267 idest,
1420 2180 1560 2268 quanto
1575 2165 1612 2264 (²)
1638 2179 1718 2248 erat
1744 2173 1912 2268 possibile

740 2291 902 2367 facultati
930 2313 1023 2367 meae
1048 2294 1111 2389 qui
1137 2314 1241 2367 eram
1272 2312 1358 2367 oum
1388 2312 1513 2385 carue,
1538 2312 1607 2367 uec
1631 2300 1798 2387 poteram
1823 2313 1913 2367 cur·

740 2434 824 2489 rere
842 2415 899 2489 vel
918 2415 1043 2489 volare
1060 2414 1154 2487 sicut
1174 2413 1342 2510 Virgilius
1358 2414 1417 2488 vel
1434 2414 1607 2509 augelus3
1625 2416 1756 2505 quoad
1764 2417 1799 2487 io
1811 2416 1911 2489 serui’

740 2542 873 2609 tronor
905 2538 938 2607 lo
968 2542 1082 2609 monte
1110 2555 1207 2607 come
1238 2554 1323 2607 roso
1351 2536 1410 2607 ebe
1439 2537 1555 2607 codo:
1587 2533 1646 2609 bic
1677 2540 1911 2609 terraemotus

740 2654 863 2730 evenit
887 2675 933 2729 ex
960 2654 1175 2731 liberatione
1200 2654 1302 2727 Statii
1329 2660 1457 2748 poetae,
1474 2653 1569 2729 sient
1585 2654 1831 2729 declarabitur
1847 2674 1911 2727 ca-

739 2774 855 2870 pitulo
880 2774 1057 2869 sequenti.
1085 2776 1129 2847 Et
1154 2773 1256 2848 dicit:
1286 2777 1377 2847 unde
1407 2776 1455 2847 mi
1481 2794 1585 2865 prece
1613 2794 1662 2846 nn
1688 2777 1780 2865 pelo,
1804 2774 1909 2867 idest,

739 2895 852 2970 timor
878 2916 1047 2991 magnus,
1073 2894 1136 2989 qui
1164 2893 1281 2969 reddit
1305 2892 1491 2967 bominem
1512 2892 1685 2989 gelidum,
1703 2894 1791 2988 quia
1807 2896 1909 2969 calor

741 3017 930 3091 concurrit
959 3014 1005 3089 ad
1030 3036 1106 3107 cor,
1132 3036 1155 3089 a
1181 3013 1299 3107 simili,
1325 3016 1411 3105 quar
1428 3016 1585 3106 prender
1608 3018 1686 3088 scot
1709 3018 1800 3088 colui
1822 3016 1909 3089 cb'o

739 3142 850 3209 morte
875 3139 980 3209 vodo.
999 3136 1042 3209 Et
1059 3142 1113 3209 est
1130 3134 1355 3229 comparatio
1372 3134 1532 3229 optima:
1550 3141 1786 3210 terremotus
1806 3116 1907 3209 enim

739 3264 793 3333 est
824 3277 884 3332 res
917 3255 1086 3331 terribilis
1121 3254 1185 3348 qui
1216 3254 1344 3328 scindit
1373 3254 1558 3329 interdum
1591 3261 1745 3349 montes,
1776 3256 1909 3331 evertit

737 3378 849 3453 urbes
874 3398 959 3452 cunr
988 3396 1122 3472 magno
1148 3374 1298 3450 interitu
1323 3375 1533 3469 bominum3
1559 3382 1598 3450 et
1626 3376 1685 3451 bic
1710 3383 1817 3471 poeta
1843 3398 1911 3453 no-

737 3502 814 3572 ster
836 3497 1027 3571 videbatur
1054 3495 1180 3569 videre
1205 3500 1364 3569 mortem
1391 3514 1468 3589 prae
1492 3496 1627 3569 oculis:
1648 3516 1722 3570 non
1746 3496 1845 3570 euim
1864 3496 1910 3569 ti-

737 3637 884 3692 memus
909 3637 993 3711 quae
1019 3615 1190 3690 videntur
1216 3613 1320 3687 nobis
1344 3634 1365 3687 a
1393 3615 1512 3710 louge,
1530 3614 1617 3707 quia
1635 3636 1708 3689 non
1734 3615 1908 3689 timemus

737 3744 895 3812 mortem
931 3736 1151 3828 naturalem,
1183 3754 1296 3829 quam
1333 3754 1406 3808 non
1436 3733 1621 3807 credimus
1651 3734 1731 3809 lore
1760 3734 1908 3830 propin-

736 3879 862 3953 quam.
876 3898 926 3911 -
942 3861 1052 3931 Certo
1079 3855 1145 3930 llic
1169 3860 1276 3949 poeta
1301 3854 1462 3929 declarat
1482 3854 1582 3928 bunc
1603 3861 1747 3929 motum
1773 3854 1907 3928 montis

737 4000 804 4074 per
837 3978 995 4053 nobilem
1031 3976 1355 4072 comparationem.
1395 3974 1448 4047 dd
1484 3995 1597 4067 quam
1635 3974 1905 4072 intelligendam

737 4100 836 4174 clare
860 4098 971 4173 debes
996 4096 1090 4172 scire
1115 4096 1214 4190 quod
1240 4096 1347 4170 Delos
1372 4102 1428 4169 est
1453 4094 1571 4169 insula
1596 4093 1782 4170 notissima
1807 4095 1905 4191 apud

736 4226 873 4314 poetas,
901 4239 985 4291 una·
1000 4217 1046 4291 de
1071 4214 1298 4312 Cycladibus,
1324 4214 1458 4289 scilicet
1475 4214 1512 4287 in
1530 4214 1744 4312 arcipetago
1768 4216 1906 4290 Roma·

737 4338 817 4433 niae,
844 4358 928 4433 qnae
960 4338 1046 4411 olim
1081 4336 1215 4412 dicitur
1248 4335 1360 4410 luisse
1392 4335 1535 4409 mobilis
1549 4325 1587 4427 (³)
1618 4335 1735 4410 donec
1767 4336 1906 4411 Latona

736 4464 857 4533 mater
881 4456 1052 4552 Apollinis
1077 4464 1114 4531 et
1140 4456 1264 4530 Dianae
1289 4454 1452 4551 confugit
1471 4454 1517 4529 ad
1535 4455 1628 4529 hanc
1651 4454 1819 4549 insulam,
1840 4457 1906 4530 Ju-

736 4600 832 4655 uone
857 4583 1103 4674 persequente
1127 4596 1223 4670 eam,
1252 4576 1312 4650 ubi
1339 4576 1479 4670 peperit
1503 4575 1617 4649 dictos
1631 4562 1668 4668 (⁴)
1691 4575 1785 4651 dnos
1803 4576 1904 4651 lilios.

736 4700 852 4773 Huius
870 4696 1022 4773 fictionis
1039 4696 1251 4793 allegoriam
1266 4695 1415 4791 quidam
1430 4703 1570 4791 ponunt
1585 4696 1652 4771 sic:
1665 4696 1791 4772 dicum
1807 4696 1906 4772 enim

737 4821 836 4915 quod
861 4820 968 4895 Delos
989 4818 1055 4892 luit
1072 4818 1189 4891 insula
1206 4816 1393 4911 quondam
1414 4824 1585 4911 quassata
1607 4818 1749 4913 magnis
1764 4824 1802 4892 et
1823 4838 1905 4892 cre-

798 5003 827 5067 (¹)
842 5004 873 5055 E.
890 5002 939 5054 luit
955 5008 1041 5053 tantm
1057 5002 1153 5067 largus.
1363 4999 1389 5062 (¹)
1407 5004 1461 5059 117,
1477 5006 1613 5065 quantum,

799 5080 826 5144 (⁸)
842 5080 873 5130 E·
888 5078 989 5131 noum
1363 5077 1390 5141 r)
1407 5081 1460 5138 ur,
1478 5078 1538 5129 tuor
1554 5078 1628 5129 unos.
