4542 6842
698 971 836 1024 cunnus
861 969 1018 1026 nnomus
1043 969 1187 1023 sarnus.
1453 955 1522 1022 tt't

356 1115 522 1192 dominos
548 1123 585 1190 et
611 1115 708 1189 viros
734 1113 872 1190 nobiles
898 1116 1092 1208 utriusque
1116 1114 1271 1209 riperiae,
1292 1133 1404 1208 quam
1431 1112 1527 1186 sole·

356 1237 418 1311 bat
443 1257 541 1333 saepe
566 1236 811 1331 frequentare,
839 1243 876 1310 ct
909 1256 1032 1310 mores
1064 1234 1263 1309 laudabiles
1294 1233 1460 1308 virorum
1490 1237 1528 1307 et

357 1357 555 1432 mulierum
583 1357 732 1432 reterre.
759 1355 863 1431 Unde
889 1355 1003 1430 semei
1029 1354 1239 1430 discurrens
1260 1375 1326 1448 per
1352 1352 1524 1448 ripariam

356 1477 456 1571 Padi,
480 1478 569 1550 dum
597 1477 667 1552 iret
692 1476 738 1550 de
762 1475 932 1550 Ferraria
949 1476 1175 1568 Ravennam,
1193 1474 1346 1548 audiens
1367 1473 1526 1547 muitum

356 1597 608 1672 commendari
624 1597 859 1693 Margaritam
879 1595 1189 1692 consanguineam
1207 1594 1339 1668 Azouis
1351 1595 1407 1687 Ml,
1426 1614 1528 1668 mar-

357 1717 495 1791 chionis
520 1717 682 1810 estensis,
708 1716 855 1790 intravit
880 1717 1092 1810 Argentum,
1116 1714 1179 1787 ubi
1204 1714 1265 1787 iiia
1289 1721 1382 1806 erat,
1407 1719 1527 1788 teuta-

359 1845 465 1911 turus
491 1837 694 1912 veritatem.
722 1836 915 1932 Margarita
941 1843 1067 1910 autem
1093 1835 1229 1927 valona,
1255 1841 1293 1910 et
1317 1834 1413 1910 hene
1447 1855 1528 1909 mo-

359 1964 457 2052 rata,
489 1979 575 2032 cum
607 1958 767 2033 audisset
786 1950 821 2050 (¹)
857 1956 904 2032 da
939 1957 1035 2030 sama
1075 1955 1201 2048 Marci,
1238 1955 1374 2049 recepit
1407 1955 1525 2050 ipsum

360 2078 544 2171 laetanter3
562 2079 621 2152 cui
639 2080 783 2155 Marcus
802 2076 993 2172 magnifice
1012 2076 1178 2170 loquens,
1200 2075 1269 2148 ait:
1291 2075 1442 2149 illustris
1462 2075 1528 2148 do-

359 2197 470 2293 mina,
495 2199 567 2273 alta
593 2199 711 2273 virtus
736 2206 799 2272 tua
827 2197 965 2290 ubique
987 2203 1073 2270 nota
1098 2195 1273 2270 conduxit
1299 2216 1359 2271 me
1384 2195 1469 2289 huc,
1489 2203 1531 2269 ut

358 2317 506 2413 gloriari
532 2317 667 2413 possim
686 2316 817 2392 vidisse
842 2324 878 2392 et
903 2316 1085 2390 audivisse
1101 2315 1300 2408 dominam,
1318 2336 1402 2408 quae
1421 2336 1531 2390 erce·

359 2438 410 2512 dit
435 2447 587 2514 caeteras
613 2438 798 2514 nobilitate
823 2436 969 2534 generis
995 2443 1031 2510 et
1057 2435 1194 2511 virtute
1209 2435 1332 2508 animi.
1353 2434 1532 2509 Marchio·

361 2557 468 2653 uissa,
482 2558 607 2632 volens
629 2557 788 2652 experiri
806 2557 1170 2652 circumspectionem
1189 2556 1312 2649 Marci,
1328 2557 1531 2652 prudenter

361 2677 546 2773 respondit
561 2676 701 2751 subito:
721 2676 839 2772 Certe,
858 2679 989 2770 Marce,
1008 2697 1081 2750 nou
1102 2697 1250 2772 possum
1276 2677 1322 2752 de
1347 2685 1384 2752 te
1409 2677 1532 2752 dicere

362 2795 449 2871 iilud
475 2798 628 2891 bonum,
653 2797 757 2891 quod.
776 2804 817 2871 tu
843 2797 889 2873 de
916 2817 976 2871 me
1001 2795 1098 2871 dicis.
1120 2797 1164 2870 Et
1188 2799 1331 2872 Marcus
1356 2798 1531 2874 contiuuo

362 2917 469 2991 dixit:
497 2919 615 2992 immo
635 2917 730 2994 bene
754 2917 971 3013 potuissetis,
989 2917 1017 2992 si
1041 2917 1244 2993 voluissetis
1267 2917 1314 2993 de
1341 2940 1401 2993 me
1426 2939 1532 2994 men-

363 3037 433 3130 tiri,
460 3038 554 3112 sicut
578 3058 649 3134 ego
675 3038 849 3114 mentitus
874 3059 955 3112 sum
988 3036 1034 3112 de
1064 3038 1177 3111 vohis.
1205 3038 1258 3111 Ex
1283 3059 1359 3133 quo
1384 3039 1531 3114 domina

364 3158 567 3252 subridens,
593 3158 820 3253 perpendens
845 3178 977 3234 verum
995 3177 1087 3250 esse,
1106 3158 1206 3250 quod
1225 3157 1271 3232 de
1287 3160 1409 3233 Marco
1426 3158 1532 3232 audi-

364 3286 478 3371 verat,
505 3278 654 3352 donavit
678 3279 726 3352 illi
753 3285 896 3355 certum
914 3278 1046 3372 jocale,
1064 3284 1101 3352 et
1119 3277 1283 3372 permisit
1299 3277 1353 3352 ire
1369 3278 1415 3352 ad
1434 3279 1533 3352 viam

362 3418 481 3472 suam.
509 3398 552 3471 Et
576 3398 635 3472 bic
669 3404 755 3474 nota
781 3398 878 3493 quod
908 3399 1052 3472 Marcus
1078 3397 1179 3471 novit
1204 3396 1326 3472 facere
1352 3398 1533 3472 mirabilia

363 3526 576 3612 scommata,
595 3518 681 3612 quia
699 3519 841 3593 bunum
867 3529 1031 3602 scomma
1057 3517 1165 3592 debet
1191 3517 1363 3592 mordere
1387 3518 1534 3592 andito·

364 3658 443 3714 rem
470 3643 512 3711 ut
536 3638 627 3731 ovis,
653 3658 727 3712 nou
753 3642 794 3711 ut
818 3637 937 3731 canis3
963 3643 1001 3712 et
1025 3637 1134 3712 debet
1153 3637 1231 3712 deri
1248 3644 1381 3733 presto
1397 3645 1436 3713 et
1457 3638 1536 3714 sino

364 3779 480 3834 mora.
507 3759 560 3832 De
591 3779 666 3853 qua
696 3758 850 3833 materia
883 3758 1011 3853 pulcre
1044 3763 1177 3832 tractat
1208 3758 1415 3832 Macrobius
1441 3760 1535 3834 iibro

364 3877 626 3953 Saturnalium.
653 3878 697 3950 ut
721 3877 806 3953 dicit
831 3880 992 3952 Marcus:
1008 3881 1129 3971 primo
1145 3880 1204 3950 cde
1230 3881 1400 3969 Fedcripo
1417 3901 1537 3952 ovasse

365 3999 481 4090 brtpo,
498 3998 601 4092 idest,
626 3997 763 4074 betium
791 4018 877 4071 cum
904 3998 1057 4072 ecclesia
1078 4019 1164 4073 cum
1187 3997 1397 4076 Innocentio
1414 4000 1471 4074 lV.
1491 4000 1537 4075 Et

365 4118 486 4192 subdit
502 4119 658 4211 Marcus,
677 4137 774 4192 nunc
796 4138 877 4194 esse
895 4116 1121 4195 contrarium
1139 4118 1176 4192 in
1194 4119 1352 4194 Marcbia
1369 4126 1408 4194 et
1424 4122 1536 4194 Lom-

365 4238 509 4332 bardia;
537 4239 633 4314 uude
658 4238 760 4314 dicit:
787 4261 831 4312 ur
854 4232 925 4331 pud
941 4242 1169 4312 momente
1187 4243 1262 4313 indi
1277 4245 1453 4334 possnrsi,
1469 4263 1536 4338 per

364 4357 459 4433 dicta
481 4359 571 4452 loca,
590 4379 674 4452 quae
691 4365 777 4432 sunt
793 4357 965 4433 derelicta
983 4379 1005 4432 a
1023 4358 1139 4452 bonis,
1156 4381 1223 4452 per
1239 4364 1449 4453 puntunquc,
1466 4361 1538 4436 sci-

326 4577 331 4586 ·
365 4477 459 4573 licet,
473 4499 643 4573 pravum,
654 4481 818 4552 tractasse
832 4499 898 4572 pcr
915 4499 1096 4571 ocrpopno
1113 4482 1152 4552 di
1166 4483 1343 4570 ropionur
1357 4482 1537 4574 co'bnurd,

365 4599 452 4694 quia
489 4607 575 4674 suut
612 4598 661 4673 ibi
699 4599 785 4693 rari,
811 4621 833 4671 o
861 4601 1143 4691 d’oppressorsi,
1179 4599 1248 4673 iilis
1278 4601 1392 4676 bouis.
1426 4602 1537 4690 Quasi

364 4719 483 4795 dicat:
518 4719 747 4814 quicumque
777 4718 1093 4794 verecundaretur
1117 4718 1274 4814 colioqni
1305 4728 1343 4796 et
1381 4743 1539 4798 conver·

366 4840 440 4915 sari
465 4859 552 4913 cum
574 4839 678 4913 bonis
695 4847 733 4915 et
749 4838 947 4914 curiatibus
964 4845 1081 4933 potest
1098 4839 1276 4914 audacter
1297 4842 1453 4917 transire
1469 4862 1536 4938 per

430 5094 458 5161 (¹)
474 5102 528 5158 ¹¹⁷,
541 5097 686 5150 summac
