4542 6842
698 956 768 1024 138
1053 964 1257 1019 conssrant
1282 960 1504 1018 roaonronrr

693 1120 788 1211 riso;
813 1115 878 1211 qui
904 1126 1029 1192 tamen
1055 1134 1142 1188 raro
1169 1115 1227 1188 vel
1255 1132 1443 1206 nunquam
1471 1116 1551 1187 erat
1576 1110 1703 1185 solitus
1729 1110 1867 1205 ridere3

693 1238 757 1313 sed
782 1243 885 1312 certe
910 1236 989 1310 sine
1016 1234 1092 1309 risu
1118 1254 1309 1329 nunquam
1338 1232 1440 1329 potui
1466 1233 1590 1328 legere
1621 1233 1679 1306 vol
1706 1232 1868 1307 scribere

694 1358 803 1433 istam
830 1357 1001 1433 literam:
1022 1358 1087 1449 poi
1109 1357 1305 1446 comtnctoi,
1331 1354 1459 1449 supple
1484 1352 1606 1428 dicere
1627 1352 1695 1426 illi:
1723 1374 1746 1425 o
1771 1356 1870 1426 Bila-

694 1498 778 1571 puo,
803 1484 840 1552 et
871 1483 927 1553 est
957 1496 1091 1551 nomen
1122 1475 1344 1550 conveniens
1373 1473 1529 1567 nomini3
1555 1474 1650 1548 bene
1680 1474 1776 1548 enim
1807 1474 1869 1547 Bl-

695 1600 805 1692 taqua
835 1596 1049 1671 ostendebat
1080 1616 1120 1669 se
1154 1614 1343 1689 nunquam
1377 1595 1510 1669 bibisse
1541 1594 1681 1687 vinum,
1713 1593 1761 1667 ita
1788 1600 1868 1669 erat

695 1718 838 1817 gelidus
862 1724 901 1792 et
924 1717 1062 1810 tardus,
1088 1738 1113 1788 α
1138 1738 1191 1789 ma
1216 1736 1291 1789 non
1313 1718 1415 1789 duola
1434 1718 1472 1789 dt
1487 1722 1519 1788 le
1534 1718 1651 1806 omoi;
1673 1724 1865 1809 postquam

695 1840 802 1914 video
828 1845 865 1913 te
890 1840 1044 1912 salvum.
1074 1838 1118 1913 Et
1149 1836 1323 1911 continuo
1352 1835 1442 1931 petit
1471 1836 1518 1910 de
1546 1856 1659 1910 causa
1691 1835 1868 1909 tarditatis

696 1961 788 2054 eius,
813 1960 957 2034 dicens:
975 1980 1034 2031 mo
1055 1961 1197 2032 dimmt:
1210 1953 1341 2051 percle*
1355 1960 1415 2030 sie*
1429 1960 1545 2049 offiano
1562 1960 1621 2049 qui
1639 1959 1748 2029 tillo?
1765 1956 1868 2051 idest,

695 2100 813 2175 quare
837 2101 877 2154 es
903 2086 944 2152 tu
970 2079 1138 2152 firmatus
1164 2078 1247 2153 hic?
1273 2080 1404 2151 attendi
1427 2084 1462 2150 to
1478 2080 1641 2151 iscorto?
1671 2077 1774 2169 idest,
1799 2096 1867 2151 er-

695 2206 819 2296 pectas
849 2205 890 2271 tu
921 2200 1067 2290 ducem,
1093 2198 1156 2293 qui
1189 2205 1225 2272 te
1255 2197 1437 2272 conducat
1468 2218 1534 2293 per
1566 2204 1742 2293 montem,
1775 2198 1868 2272 sicut

695 2340 765 2416 ego
791 2320 939 2393 babeo?
963 2342 985 2391 o
1007 2340 1079 2411 por
1104 2322 1200 2392 tboi
1218 2322 1370 2411 ripreso,
1387 2317 1491 2413 idest,
1510 2319 1567 2394 rel
1585 2320 1704 2393 solum
1724 2340 1870 2393 resum-

695 2438 805 2535 psisti,
838 2441 872 2511 lo
909 2440 1014 2511 modo
1051 2446 1166 2529 asoto,
1192 2437 1295 2531 idest,
1327 2438 1509 2535 pigritiam
1541 2460 1654 2532 quam
1687 2460 1771 2515 eras
1810 2460 1870 2513 so-

696 2559 781 2632 litus
806 2559 944 2633 babere
969 2578 1115 2653 semper
1141 2564 1265 2633 tecum
1292 2558 1328 2633 in
1354 2559 1438 2633 vita.
1454 2564 1561 2632 -n’t
1583 2562 1648 2634 elli.
1671 2560 1736 2633 Hic
1762 2566 1869 2655 poeta

696 2678 798 2773 ponit
830 2679 1103 2773 responsionem
1139 2678 1302 2773 Bilaquae
1333 2679 1379 2752 ad
1413 2679 1623 2773 petitionem
1655 2701 1775 2772 suam,
1807 2680 1868 2773 qui

698 2819 772 2872 non
798 2799 960 2891 loquitur
985 2798 1141 2892 amplius
1166 2798 1408 2893 displicenter,
1426 2798 1489 2873 sed
1516 2807 1730 2874 reverenter
1755 2798 1870 2874 confi·

698 2924 779 2992 tens
804 2920 950 3012 culpam
977 2939 1108 3011 suam3
1135 2917 1232 2993 unde
1258 2918 1364 2993 dicit:
1391 2927 1424 2991 et
1447 2922 1514 3010 elli,
1536 2919 1682 3012 scilicet,
1704 2919 1866 3014 Bilaqua,

698 3038 882 3134 respondit
899 3039 1006 3112 milri:
1024 3042 1169 3132 ofrate,
1183 3047 1221 3113 et
1236 3039 1366 3133 amice,
1380 3042 1529 3113 l'ondor
1544 3044 1580 3113 tn
1602 3062 1643 3115 so
1660 3044 1720 3114 obe
1733 3046 1869 3133 porta?

696 3158 802 3253 quasi
826 3158 946 3232 dicat:
973 3158 1060 3231 nibil
1085 3160 1245 3254 prodest,
1271 3168 1308 3233 et
1333 3180 1419 3235 ecce
1445 3180 1619 3234 causam:
1646 3156 1707 3233 cae*
1734 3162 1871 3251 carpet

695 3280 734 3350 dt
757 3281 827 3350 Dio
851 3280 911 3350 obe
934 3280 1027 3351 stede
1049 3299 1091 3351 su
1116 3281 1152 3351 la
1166 3286 1287 3371 porto,
1310 3279 1479 3354 sacerdos
1495 3272 1532 3371 (⁴)
1554 3281 1698 3353 Domini
1717 3280 1779 3374 qui
1798 3285 1869 3353 stat

696 3399 734 3475 in
760 3400 909 3473 introitu
938 3400 1015 3473 veri
1046 3399 1262 3495 purgatorii,
1290 3408 1330 3473 ut
1358 3407 1459 3495 patet
1487 3401 1646 3497 capitulo
1671 3401 1772 3494 vdit,
1799 3420 1870 3473 non

696 3524 745 3595 mi
769 3520 963 3593 loscerebbe
986 3523 1021 3592 ir
1046 3522 1084 3591 oi
1107 3512 1261 3609 maron,
1286 3520 1390 3613 idest,
1420 3520 1465 3594 ad
1489 3542 1635 3615 poenam
1663 3540 1748 3616 quae
1773 3520 1869 3594 irro-

695 3648 806 3738 gatur
838 3640 1038 3733 unicuique
1074 3640 1168 3714 intra
1201 3640 1470 3736 purgatorium,
1504 3642 1565 3714 ubi
1600 3662 1668 3715 suo
1704 3650 1869 3736 tempore

697 3760 885 3858 purgabor
911 3761 1097 3835 currendo
1123 3760 1275 3833 sollicite
1301 3780 1366 3855 per
1391 3760 1571 3835 circulum
1590 3760 1867 3852 desidiosorum,

699 3882 762 3957 ubi
790 3902 887 3955 nunc
912 3900 1059 3975 semper
1085 3880 1195 3954 sedeo
1220 3879 1298 3974 hic;
1316 3886 1353 3955 et
1375 3902 1461 3956 ecce
1485 3902 1622 3975 quare:
1643 3884 1766 3974 prima
1787 3900 1871 3952 con-

698 4024 763 4075 oen
788 4004 848 4074 cle
872 4008 969 4074 moto
992 4004 1021 4074 il
1043 4004 1109 4074 ciel
1132 4004 1177 4072 m’
1190 4004 1322 4091 oppila,
1352 4000 1455 4095 idest,
1482 4009 1624 4076 tanturn
1651 4008 1808 4096 tempuS,
1834 4002 1873 4073 di

694 4124 781 4215 suot
797 4125 846 4196 do
861 4144 953 4214 msa,
971 4122 1110 4196 scilicet
1134 4127 1291 4216 portam,
1318 4122 1484 4213 quantia
1503 4127 1571 4217 sect
1594 4127 1632 4195 in
1657 4128 1740 4214 olto,
1767 4121 1870 4214 idest,

697 4249 839 4336 quanto
862 4249 1029 4337 tempore
1045 4242 1118 4314 viri
1147 4242 1183 4315 in
1209 4241 1366 4335 mundo;
1379 4244 1499 4335 percl’
1512 4246 1547 4315 io
1567 4244 1726 4332 tndnpiat
1742 4244 1781 4313 al
1800 4242 1872 4333 pino

696 4368 710 4437 i
734 4365 803 4437 bon
818 4345 969 4456 sopiri,
996 4364 1132 4438 scilicet
1157 4362 1413 4438 contritionem
1432 4369 1469 4437 et
1489 4362 1751 4458 poenitentiam,
1771 4366 1871 4436 sotoo

696 4506 734 4557 se
757 4487 929 4558 orozione
951 4487 989 4557 in
1010 4487 1133 4577 ptimo
1150 4504 1222 4555 non
1243 4486 1288 4555 m’
1302 4485 1389 4573 aila,
1406 4482 1606 4557 breiiando
1629 4482 1717 4556 mihi
1743 4480 1872 4559 termi-

698 4626 808 4700 num3
835 4612 872 4681 et
901 4605 1010 4679 dicit:
1036 4607 1096 4677 cle
1123 4624 1235 4695 sorpa
1261 4624 1303 4675 so
1328 4606 1366 4677 dt
1395 4624 1459 4675 cor
1483 4605 1542 4675 cle
1558 4605 1593 4674 'n
1620 4605 1752 4692 prozia
1778 4604 1872 4693 otoo,

697 4725 800 4820 idest,
826 4725 982 4799 alicuius
1003 4725 1093 4821 justi
1110 4724 1265 4799 viventis
1282 4724 1320 4799 in
1338 4724 1476 4797 mundo
1496 4730 1632 4815 vestro,
1650 4722 1744 4796 sicut
1761 4722 1871 4797 etiam

699 4845 845 4939 petebat
869 4844 1078 4918 blaniredus
1103 4844 1141 4917 in
1167 4844 1325 4940 capitulo
1352 4842 1580 4937 praecedenti.
1604 4844 1647 4916 Et
1671 4843 1767 4917 bene
1791 4841 1873 4917 dico

764 5096 792 5162 (¹)
809 5100 853 5148 117
869 5110 885 5147 a
901 5096 932 5145 E.
948 5096 1023 5159 idest,
1039 5097 1169 5149 sacerdos.
1292 5096 1294 5101 ’
