4542 6842
689 939 758 1006 181
1047 944 1251 1000 connubunt
1275 944 1498 997 nuncnnoun

684 1096 878 1187 niiestum;
906 1102 942 1169 et
966 1092 1062 1186 dicit,
1088 1094 1140 1165 tot
1157 1093 1255 1163 cle't
1277 1096 1335 1163 tuo
1355 1109 1533 1162 successor
1558 1096 1716 1162 tenwnzo
1743 1092 1854 1180 πάρ-

682 1220 757 1309 pic,
783 1215 884 1309 idest,
911 1212 1062 1289 territus
1088 1210 1257 1305 exemplo
1282 1209 1347 1304 tui,
1370 1209 1567 1285 descendat
1586 1209 1625 1284 in
1640 1209 1792 1285 ltaliam.
1811 1211 1855 1284 lit

684 1344 785 1411 certe
809 1336 986 1410 Henricns
1011 1334 1059 1409 de
1083 1332 1331 1427 Lucimborgo
1361 1330 1457 1406 bene
1485 1329 1625 1404 studuit
1650 1331 1857 1407 reformare
2004 1344 2007 1348 ’

683 1457 836 1551 ltaliam,
862 1456 945 1530 lieet
971 1476 1045 1529 non
1070 1452 1242 1549 potuerit,
1269 1457 1389 1525 morte
1413 1456 1636 1545 praeventus,
1662 1457 1704 1525 ut
1728 1451 1856 1527 scribi·

686 1585 746 1651 tur
772 1576 932 1652 Paradisi
959 1575 1118 1670 capitulo
1143 1572 1255 1646 XXX.
1281 1572 1327 1645 tlt
1350 1570 1511 1667 assignat
1538 1590 1699 1645 oausam·
1720 1572 1856 1668 impre-

686 1700 836 1775 cationis
861 1699 975 1791 laotae,
1001 1696 1144 1770 dicens:
1170 1689 1233 1767 odd
1254 1701 1351 1766 coeto
1371 1699 1421 1784 tu,
1438 1691 1540 1786 idest,
1566 1712 1590 1765 o
1614 1692 1773 1786 biberto,
1791 1692 1854 1785 qni

687 1818 846 1894 debebas
872 1816 989 1913 magis
1014 1813 1164 1889 accendi
1187 1812 1234 1887 ad
1259 1812 1480 1887 veniendum
1505 1831 1572 1906 per
1600 1818 1760 1885 mortem
1785 1811 1857 1884 Bo-

688 1939 819 2034 niiacii,
841 1937 927 2033 quia
952 1935 1173 2032 promiseras
1189 1933 1267 2027 sibi,
1288 1938 1325 2007 et
1346 1933 1384 2006 in
1409 1932 1534 2007 odium
1562 1931 1660 2027 regis
1684 1931 1857 2025 Francia,

688 2064 749 2135 e'l
772 2068 829 2134 tuo
849 2061 967 2151 padre
991 2061 1148 2148 solserto,
1179 2054 1324 2148 scilicet,
1357 2052 1582 2148 Rodulphus,
1609 2052 1671 2147 qui
1700 2052 1768 2126 init
1792 2073 1859 2147 po·

689 2181 909 2257 tentissimns
934 2185 972 2253 et
997 2174 1276 2267 valentissimus,
1293 2174 1340 2247 de
1361 2194 1436 2267 quo
1460 2172 1604 2247 dicetur
1627 2174 1734 2269 plene
1759 2172 1859 2267 capi·

688 2303 765 2377 tulo
791 2298 968 2395 sequenti.
995 2298 1039 2370 Et
1065 2294 1221 2371 ostendit
1243 2316 1285 2369 se
1310 2294 1448 2389 venire,
1474 2302 1512 2369 et
1542 2314 1672 2369 omnes
1687 2287 1724 2386 (¹)
1750 2292 1860 2370 italici

688 2424 838 2497 luerunt
872 2419 978 2494 valde
1007 2416 1136 2505 territi,
1167 2422 1205 2490 et
1233 2414 1414 2489 florentini
1443 2414 1693 2490 deliberabant
1726 2404 1859 2509 parere

689 2540 877 2617 mandatis.
905 2539 988 2613 ldeo
1013 2537 1148 2611 Dentes
1174 2536 1252 2609 vult
1277 2534 1401 2609 dicero
1425 2534 1556 2609 tacite:
1588 2534 1618 2609 si
1644 2534 1856 2629 Rodulpbns

691 2662 849 2737 venisset
864 2652 900 2753 (²)
932 2658 1166 2752 Florentiam,
1194 2676 1268 2731 non
1299 2654 1505 2730 evenissent
1520 2646 1556 2747 (³)
1583 2655 1644 2730 illa
1675 2656 1855 2749 scandala,

690 2789 727 2857 et
753 2802 824 2877 ego
850 2800 923 2855 non
949 2799 1068 2853 essem
1094 2776 1199 2870 exul3
1225 2796 1291 2850 vos
1316 2774 1409 2868 dico,
1427 2776 1573 2849 dbuetti
1594 2796 1661 2867 per
1682 2779 1857 2869 copidipio

691 2906 729 2977 di
751 2892 860 2993 oostd,
886 2899 1019 2974 scilicet
1044 2899 1082 2971 in
1106 2896 1336 2990 Alemannia3
1363 2895 1469 2989 qnasi
1493 2894 1608 2969 dicat:
1626 2901 1680 2989 tu,
1697 2903 1735 2971 et
1754 2904 1859 2992 pater

691 3030 789 3115 tuns,
810 3019 904 3115 eapti
923 3025 959 3093 et
985 3016 1116 3092 retenti
1133 3015 1328 3109 cupiditate
1348 3013 1543 3109 ampliandi
1565 3035 1723 3111 regnum
1740 3022 1778 3091 et
1795 3036 1861 3111 po-

693 3142 843 3217 tentiam
868 3141 905 3213 in
931 3137 1156 3231 Alamannia,
1181 3143 1278 3210 ovete
1307 3140 1465 3227 colluto,
1494 3134 1597 3229 idest,
1627 3134 1859 3230 sustinuistis,

691 3261 790 3357 quod
814 3261 914 3335 ltalia
939 3259 1207 3361 destrueretur,
1226 3276 1313 3330 cum
1331 3262 1455 3330 tamen
1475 3254 1618 3331 oaeteris
1640 3256 1738 3331 curis
1758 3264 1859 3352 post-

691 3382 814 3477 positis
838 3377 1053 3455 debuissetis
1069 3376 1190 3473 potins
1206 3375 1291 3451 totis
1307 3375 1446 3450 viribus
1463 3374 1654 3451 intendere
1672 3376 1719 3451 ad
1741 3376 1861 3451 reior-

693 3501 864 3577 mandam
882 3499 1033 3593 ltaliam,
1055 3518 1140 3592 qnae
1163 3498 1240 3571 sola
1260 3502 1402 3591 poterat
1418 3496 1522 3571 vobis
1545 3496 1638 3571 dare
1661 3496 1859 3591 imperium

692 3624 790 3699 orbis
825 3629 1031 3714 terrarnm3
1057 3619 1139 3693 ideo
1175 3617 1282 3707 dicit:
1320 3619 1380 3689 ulte
1396 3619 1422 3689 't
1456 3619 1602 3708 piordtn
1637 3619 1715 3690 delt’
1727 3619 1862 3709 impero

692 3748 747 3819 sia
776 3746 918 3833 diserto,
949 3741 1050 3833 idest,
1076 3739 1188 3813 ltalia.
1216 3738 1262 3811 ut
1292 3738 1350 3811 bic
1380 3744 1466 3811 nota
1496 3738 1601 3831 bene,
1633 3738 1731 3831 quod
1762 3738 1863 3812 ltalia

694 3872 749 3939 est
780 3862 941 3959 pulcrior
971 3861 1104 3936 domus
1136 3858 1275 3952 mundi,
1307 3857 1414 3932 cuins
1445 3878 1525 3952 arn,
1559 3858 1635 3932 sive
1664 3864 1774 3953 capnt
1807 3866 1864 3933 est

694 3986 823 4077 Roma,
849 3982 955 4057 cuius
980 3980 1106 4077 gloriae
1132 3985 1230 4054 totns
1255 3977 1354 4052 orbis
1375 3985 1559 4052 terrarum
1580 3985 1759 4074 angustus
1784 3978 1861 4052 init.

696 4104 825 4181 Tuscia
852 4110 908 4179 est
933 4104 1011 4177 eius
1037 4122 1197 4195 camera,
1216 4100 1303 4194 qnia
1320 4106 1375 4173 est
1393 4120 1479 4194 pars
1499 4098 1730 4173 ornatissima
1747 4106 1785 4173 et
1802 4120 1865 4173 or-

695 4223 916 4301 dinatissima
950 4221 1059 4295 buius
1076 4209 1113 4313 (⁸)
1145 4220 1288 4314 domus,
1323 4218 1361 4291 in
1393 4240 1469 4313 qua
1501 4226 1696 4293 morantur
1727 4220 1863 4313 pulcrae

696 4345 838 4441 puellae,
863 4342 957 4417 sicut
990 4341 1026 4415 in
1057 4359 1223 4433 camera3
1249 4345 1287 4413 et
1316 4338 1380 4412 nbi
1411 4337 1503 4413 liunt
1531 4345 1674 4413 secreta
1704 4339 1863 4433 consilia,

695 4466 790 4539 sicut
814 4464 850 4537 in
877 4482 1036 4537 camera.
1062 4458 1281 4534 Lombardia
1306 4465 1362 4533 est
1386 4458 1474 4552 sala,
1492 4457 1579 4552 quia
1604 4458 1654 4534 ibi
1679 4466 1765 4533 sunt
1786 4480 1865 4534 ma-

695 4607 778 4683 gnae
803 4584 985 4680 potentiae,
1011 4582 1059 4656 ibi
1085 4582 1177 4654 finnt
1202 4579 1395 4677 magnilica
1412 4580 1600 4674 convivia,
1617 4580 1750 4685 amplae
1766 4579 1865 4654 enim

696 4712 782 4781 sunt
813 4705 911 4802 gnlae
940 4701 1218 4777 lombardorum
1250 4700 1508 4776 communiter.
1541 4699 1780 4773 Romandiola
1812 4680 1882 4773 ast'

698 4830 825 4901 hortus
848 4844 1034 4916 romanuS,
1051 4828 1127 4895 tota
1145 4821 1279 4913 virens,
1301 4826 1376 4895 tota
1397 4819 1523 4893 lertilis
1539 4826 1577 4893 et
1594 4838 1754 4893 amoeuas
1772 4819 1867 4892 llar-

761 5014 787 5074 (¹)
804 5016 857 5071 117,
874 5024 964 5061 omnes
980 5011 1007 5060 in
1022 5009 1096 5060 ltalia
1110 5009 1228 5059 fuorunt.
1362 5004 1389 5067 (¹)
1407 5011 1462 5067 11⁷,
1478 5007 1616 5058 habuisset.

762 5090 788 5153 (⁸)
804 5089 829 5139 S.
847 5088 981 5139 venissent.
1362 5082 1389 5144 (⁸)
1405 5084 1436 5134 E.
1451 5083 1530 5135 buius
1545 5083 1644 5143 mnndi,
1660 5082 1703 5134 rel
1719 5082 1820 5132 domus.
