4542 6842
693 919 766 989 222
1059 932 1265 989 connnrnrr
1288 932 1509 988 runoxnonrr

694 1096 781 1151 nem
802 1077 989 1172 justorum
1017 1076 1151 1151 iacmm
1176 1076 1224 1151 ad
1249 1076 1381 1170 Deum,
1402 1082 1504 1151 certe
1525 1074 1677 1149 faciliter
1702 1071 1869 1170 intelligit

693 1204 922 1292 sequentem,
950 1197 985 1271 in
1018 1218 1093 1293 qua
1126 1198 1331 1273 ostenditur
1368 1197 1521 1273 allectus
1555 1194 1731 1269 orationis
1758 1195 1869 1291 juste

693 1317 886 1411 exauditae,
913 1318 999 1414 quia
1031 1318 1167 1393 scilicet
1201 1318 1322 1393 statim
1359 1318 1512 1391 missum
1543 1323 1601 1391 est
1630 1315 1810 1389 auxilium
1844 1334 1869 1389 a

693 1438 789 1513 coelo
814 1444 941 1512 contra
969 1438 1227 1533 tentationem,
1245 1446 1284 1515 et
1308 1437 1391 1514 ideo
1407 1438 1530 1512 statim
1548 1436 1649 1532 ponit
1664 1436 1868 1532 dispositio-

695 1579 779 1633 nem
807 1559 1016 1635 animarum
1043 1558 1315 1653 expectantium
1339 1578 1559 1633 succursum
1575 1579 1599 1632 a
1616 1558 1706 1651 ileo,
1722 1557 1867 1633 dicens:

694 1682 730 1753 io
756 1682 828 1753 vidi
852 1683 963 1772 puello
988 1684 1130 1754 eserctlo
1151 1682 1288 1771 partile,
1308 1678 1410 1773 idest,
1428 1678 1509 1753 illos
1526 1677 1673 1773 spiritus
1698 1678 1869 1773 illustres,

696 1799 760 1893 qui
786 1800 937 1875 inerunt
961 1800 1048 1873 olim
1074 1798 1316 1875 strenuissimi
1336 1818 1543 1894 armorum,
1560 1804 1598 1872 et
1616 1805 1780 1872 armatos
1798 1796 1869 1871 du·

699 1928 833 1997 xerunt
850 1921 1045 2015 exercitus,
1059 1926 1095 1995 et
1108 1920 1297 1995 moraliter
1314 1926 1401 1993 sunt
1418 1918 1456 1993 in
1473 1918 1647 1993 continuo
1664 1918 1869 1993 certamine

697 2048 824 2117 contra
849 2041 957 2134 vitia3
981 2040 1062 2114 ideo
1080 2040 1290 2136 suppliciter
1306 2040 1503 2133 implorant
1519 2038 1680 2113 divinam
1697 2038 1870 2135 gratiam,

697 2171 735 2239 et
760 2172 900 2259 ponunt
925 2183 1027 2261 spem
1053 2165 1091 2237 in
1117 2182 1173 2258 ea,
1199 2162 1308 2240 tacite
1333 2164 1429 2238 iacto
1453 2164 1526 2239 line
1551 2164 1719 2257 orationi,
1746 2165 1872 2257 porciu

697 2286 896 2375 ripunrdcr
925 2289 961 2358 irr
995 2306 1068 2377 sue,
1102 2284 1150 2360 ad
1183 2284 1320 2360 coelum
1359 2284 1419 2359 rel
1455 2285 1502 2359 ad
1539 2286 1687 2360 culmen
1725 2283 1872 2379 montis,

698 2408 799 2496 prrosr⁸
828 2409 1046 2499 (repellente,
1072 2405 1160 2500 quia
1193 2404 1342 2481 indubie
1372 2406 1568 2501 sperabant
1601 2426 1707 2481 suam
1734 2404 1872 2481 oratio·

699 2544 784 2601 nem
813 2546 893 2601 esse
918 2526 1141 2622 exauditam,
1159 2528 1310 2621 pallido,
1336 2547 1402 2621 per
1431 2525 1675 2620 allectionem,
1699 2534 1733 2600 et
1756 2528 1871 2619 amit,

699 2664 766 2739 por
782 2644 1015 2721 devotionem
1033 2654 1071 2723 et
1087 2646 1362 2721 subiectionem.
1380 2647 1425 2719 llt
1441 2646 1500 2720 bic
1516 2652 1614 2739 nota,
1628 2647 1756 2741 lector,
1772 2645 1871 2740 quod

702 2764 791 2840 illud
818 2766 916 2860 quod
945 2766 1080 2841 Dentes
1105 2768 1165 2841 bic
1196 2765 1300 2863 tingit
1336 2766 1516 2841 subtiliter
1540 2766 1587 2841 de
1619 2766 1695 2840 istis
1724 2766 1873 2864 regibus

702 2892 739 2961 et
765 2885 986 2981 principibus
1011 2886 1075 2981 qui
1105 2886 1298 2959 humiliant
1322 2906 1363 2961 se
1386 2884 1475 2980 Deo,
1505 2892 1544 2961 et
1568 2885 1732 2961 obtinent
1754 2886 1873 2961 subsi-

701 3006 816 3101 dium,
842 3006 972 3081 accidit
999 3008 1046 3082 de
1074 3007 1171 3082 iacto
1195 3006 1398 3082 secundnm
1434 3006 1642 3082 historicam
1678 3008 1870 3083 veritatem

701 3129 739 3203 in
758 3128 959 3204 Theodosio
984 3129 1208 3225 imperatore
1233 3149 1473 3203 romanorum
1501 3129 1759 3205 valentissimo.
1779 3129 1872 3204 Nam

701 3272 787 3326 curn
805 3257 954 3347 gereret
974 3250 1110 3325 bellum
1138 3256 1265 3325 contra
1287 3251 1409 3324 hoster
1425 3249 1675 3352 infestissimos
1691 3250 1727 3323 in
1744 3248 1872 3344 Gallia,

701 3371 888 3447 humiliter
918 3392 1119 3447 conversus
1149 3370 1195 3445 ad
1226 3390 1354 3465 preces
1383 3370 1539 3445 obtinuit
1571 3370 1671 3465 quod
1703 3371 1773 3446 tela
1806 3371 1875 3445 bo-

702 3494 810 3567 stium
838 3498 1144 3587 retorquerentur
1169 3491 1207 3565 in
1238 3491 1334 3586 ipsos
1364 3492 1559 3586 mittentes,
1575 3490 1691 3567 -rmde
1721 3490 1875 3567 iaciliter

702 3612 829 3688 babuit
853 3618 1014 3706 optatam
1042 3610 1249 3706 victoriam,
1275 3618 1317 3684 ut
1346 3611 1470 3686 scribit
1493 3612 1720 3709 Augustinus
1743 3612 1791 3687 de
1815 3612 1876 3687 Ci-

702 3732 814 3807 ritatc
838 3732 916 3826 Dei,
942 3738 979 3806 et
1003 3730 1190 3824 Horosins,
1207 3730 1314 3805 cuius
1339 3732 1392 3807 rei
1419 3732 1648 3807 miraculose
1667 3732 1750 3808 iecit
1769 3753 1874 3807 men-

703 3851 838 3927 tionem
865 3850 1086 3925 Claudianus
1112 3857 1219 3946 poeta
1253 3872 1418 3948 paganus
1447 3860 1713 3928 conterraneus
1737 3852 1875 3947 llantis,

703 3972 767 4067 qni
791 3972 1000 4069 gratulatur
1017 3970 1219 4046 Theodosio
1243 3973 1441 4067 superbae
1461 3972 1620 4069 gloriosa
1639 3972 1801 4069 victoria,
1819 3972 1877 4049 di·

703 4112 812 4167 oens:
844 4095 1041 4166 onimium
1074 4094 1194 4165 dilecte
1217 4095 1293 4164 Deo
1324 4094 1380 4165 cui
1408 4095 1502 4186 fudit
1531 4094 1577 4165 nd
1609 4097 1723 4167 undo
1747 4096 1876 4169 AEotu

704 4218 864 4286 macutus
878 4203 914 4304 (¹)
940 4214 1087 4303 lrpcmes,
1113 4213 1170 4284 etri
1193 4212 1318 4286 Μία
1339 4214 1458 4303 emer,
1476 4218 1522 4286 nt
1540 4216 1716 4287 commoti
1734 4217 1877 4289 rerem

704 4334 754 4405 ed
777 4334 923 4405 classica
949 4334 1039 4404 venti
1063 4336 1131 4405 etc.
1158 4330 1212 4405 lle
1237 4352 1312 4425 quo
1328 4330 1544 4406 Ambrosius
1564 4333 1649 4408 iacit
1672 4334 1875 4410 maximam

704 4451 1071 4529 commendationem.
1085 4456 1180 4525 -E
1202 4455 1283 4527 cidi
1301 4452 1367 4529 llic
1390 4460 1499 4549 poeta
1523 4455 1696 4529 describit
1719 4471 1875 4530 succur-

704 4592 787 4648 sum
814 4573 967 4668 pelitum
1000 4572 1152 4646 missum
1178 4594 1202 4647 a
1227 4574 1317 4668 lim,
1341 4574 1477 4649 scilicet
1506 4574 1600 4649 dnos
1632 4576 1783 4673 angelos
1813 4594 1878 4650 ar·

705 4700 823 4767 matos
848 4692 1036 4769 venientes
1059 4692 1107 4767 ad
1136 4692 1385 4770 defensionem
1416 4714 1546 4770 eorum
1580 4704 1708 4770 contra
1737 4697 1876 4771 durum

706 4813 958 4889 adversarium
984 4820 1022 4889 ct
1046 4820 1252 4910 pomulam,
1274 4815 1372 4891 nude
1396 4816 1502 4891 dicit:
1519 4822 1553 4889 Ε
1574 4820 1647 4891 ridi
1669 4821 1737 4892 due
1760 4820 1880 4913 capeti

770 5064 1142 5132 (numeremur.
