4542 6842
757 984 897 1041 CANTUS
921 986 1083 1039 TERTIUS.
1460 972 1507 1038 95

333 1138 390 1206 est
415 1152 584 1207 accessus
610 1130 656 1205 ad
683 1131 855 1207 virtutem
883 1132 919 1205 in
947 1130 1130 1227 principio.
1159 1130 1211 1205 dd
1229 1131 1373 1205 literam
1400 1151 1507 1227 ergo;

334 1250 418 1326 dicit
444 1252 581 1327 Poeta:
607 1255 644 1325 tu
669 1254 727 1324 viu
747 1247 811 1345 piri
835 1256 981 1342 duem,
998 1256 1035 1325 to
1056 1248 1118 1345 piri
1135 1256 1278 1344 remita,
1304 1253 1406 1348 idest,
1435 1253 1509 1328 alta

333 1379 372 1447 et
404 1394 548 1469 aspera,
580 1380 638 1447 tru
668 1377 787 1447 Lerice
819 1397 838 1447 e
875 1374 1018 1465 nube,
1051 1373 1179 1449 Lerice
1208 1381 1264 1448 est
1298 1395 1372 1448 una
1408 1380 1507 1449 terra

329 1494 567 1590 januensium
594 1487 631 1586 (¹)
660 1494 698 1567 iu
729 1494 862 1589 riperia
885 1516 1016 1569 versus
1040 1494 1247 1569 orientem:
1281 1496 1428 1589 Turbia,
1454 1502 1509 1569 est

337 1636 454 1687 unum
480 1614 670 1689 castellum
703 1614 940 1688 fortissimum
975 1614 1011 1687 in
1044 1613 1116 1688 line
1148 1614 1258 1687 ltaliae
1289 1614 1325 1687 in
1358 1614 1506 1688 introitu

336 1734 534 1830 provinciae
571 1755 683 1830 super
721 1736 943 1827 llonacum3
980 1754 1069 1807 vere
1105 1734 1257 1825 Turbia,
1292 1734 1394 1827 quasi
1430 1741 1509 1807 tur-

337 1853 428 1927 bans
454 1855 552 1928 viam
579 1854 784 1929 volentibus
809 1854 948 1928 intrare
972 1851 1031 1927 vel
1056 1854 1160 1928 exire
1186 1852 1341 1947 ltaliam;
1363 1858 1400 1927 et
1420 1873 1510 1927 vere

337 1974 402 2069 qui
427 1975 510 2049 iecit
536 1974 602 2050 ista
628 1976 758 2049 itinera
783 1974 954 2070 alpestria
972 1972 1115 2069 riperiae
1132 1974 1261 2047 lanum
1278 1980 1395 2068 potest
1416 1973 1511 2047 ima-

336 2094 467 2191 ginari,
494 2096 592 2190 quod
619 2103 726 2191 poeta
753 2116 826 2169 non
852 2100 995 2189 poterat
1020 2094 1152 2169 melius
1178 2094 1386 2190 exprimere
1403 2114 1510 2191 aspe-

338 2214 484 2289 ritatem
512 2216 679 2290 locorum
696 2236 763 2310 per
780 2236 864 2310 quae
885 2214 1068 2289 habebant
1085 2214 1196 2289 modo
1213 2214 1287 2309 ire;
1310 2214 1391 2289 ideo
1408 2214 1509 2289 dicit:

336 2332 359 2409 c*
393 2357 466 2409 una
498 2340 596 2411 scuta
626 2339 769 2428 apecula
801 2344 834 2409 et
863 2342 1001 2428 opertu,
1035 2334 1136 2428 idest,
1176 2334 1287 2409 facilis
1321 2344 1358 2410 et
1392 2336 1510 2430 plana,

341 2477 442 2529 verso
466 2458 505 2529 di
527 2459 655 2550 quella,
680 2456 782 2549 idest,
810 2462 977 2549 respectu
998 2446 1034 2547 (ἢ
1061 2454 1155 2527 illius
1182 2454 1269 2551 ripae
1296 2456 1440 2529 montis.
1468 2456 1511 2529 Et

340 2595 430 2650 vere
454 2576 664 2651 difficillima
689 2575 836 2650 videtur
860 2575 919 2648 via
946 2574 1119 2649 recedere
1140 2596 1161 2648 a
1187 2573 1322 2649 deliciis
1342 2577 1512 2670 volupta-

341 2703 421 2769 tum
447 2694 494 2769 ad
524 2696 774 2791 poenitentiam
802 2702 839 2769 et
865 2694 1133 2791 purgationem.
1148 2734 1197 2747 -
1215 2698 1266 2767 Or
1291 2697 1344 2768 clvi
1367 2718 1419 2768 ro.
1447 2695 1511 2769 llic

341 2823 451 2911 poeta
475 2814 631 2890 ostendit
656 2814 842 2908 quomodo
867 2812 1037 2909 Virgilius
1062 2813 1215 2908 eruperit
1247 2814 1434 2908 inquirere
1466 2814 1512 2889 de

341 2936 400 3010 via
426 2935 591 3010 habiliori
617 2936 663 3010 ad
688 2954 895 3009 ascensum.
929 2933 1020 3007 Dicit
1048 2954 1164 3029 ergo:
1198 2936 1289 3011 disse
1308 2936 1335 3007 ‘l
1361 2942 1513 3007 cicestro

341 3058 425 3148 mm,
434 3058 568 3131 scilicet
581 3055 764 3153 Virgilius,
770 3057 959 3149 sumendo
971 3058 998 3126 u
1002 3075 1127 3147 passo,
1141 3053 1276 3128 scilicet
1289 3076 1361 3129 non
1379 3056 1512 3151 eundo,

341 3198 386 3250 or
410 3180 465 3251 cti
487 3198 530 3249 se
555 3180 604 3250 du
628 3178 714 3268 qrrat
736 3196 819 3247 marr
845 3178 881 3248 tu
906 3182 1002 3247 costo
1026 3178 1120 3265 calu,
1139 3175 1241 3260 idest,
1267 3197 1383 3271 aqua
1410 3186 1514 3273 parte

341 3319 448 3371 mons
482 3302 537 3372 est
561 3296 777 3392 proclivior!
803 3296 846 3368 lit
878 3294 1041 3388 loquitur
1073 3294 1291 3369 admirative
1324 3303 1512 3391 tamquam

342 3420 493 3516 ignarus
514 3418 582 3493 loci
602 3424 639 3492 et
664 3416 815 3491 territus
841 3416 1036 3510 asperitate
1055 3416 1146 3509 viae3
1166 3416 1263 3491 unde
1281 3418 1388 3491 dicit:
1410 3410 1440 3490 ci
1457 3420 1516 3491 cle

340 3562 450 3633 possa
465 3543 555 3612 satir
571 3542 625 3611 clu'
642 3560 687 3610 oa
704 3541 894 3611 senz'ulo?
911 3538 988 3611 lloc
1007 3536 1093 3611 dicit
1111 3536 1282 3633 Virgilius
1307 3558 1374 3633 pro
1399 3538 1516 3613 Dante

341 3660 406 3755 qui
432 3680 506 3738 nou
532 3658 689 3734 babebat
715 3658 763 3731 ibi
790 3658 866 3732 alas
883 3658 977 3731 sicut
994 3657 1166 3753 Angelus
1187 3657 1261 3732 imo
1284 3658 1440 3733 habebat
1458 3680 1516 3733 se-

342 3800 429 3854 cum
454 3800 589 3875 corpus
613 3779 822 3874 deprimens
836 3768 874 3869 (⁸)
907 3784 944 3852 et
977 3778 1168 3852 retrahens
1193 3776 1380 3871 deorsum,
1411 3780 1515 3872 qnasi

342 3900 438 3974 dicat
456 3900 574 3994 tacite,
596 3898 693 3994 quod
721 3901 831 3972 bomo
856 3898 983 3972 vivens
1004 3897 1040 3970 in
1061 3918 1175 3973 carne
1193 3919 1266 3971 non
1287 3898 1395 3973 babet
1412 3899 1518 3973 intel-

343 4018 480 4094 lectum
506 4021 727 4116 angelicum,
753 4038 821 4091 nec
847 4024 964 4112 potest
989 4018 1116 4091 volare
1142 4018 1208 4091 nisi
1235 4038 1280 4093 eo
1307 4018 1416 4093 modo
1442 4039 1517 4113 quo

343 4138 488 4214 dicetur
512 4139 607 4213 inira
632 4139 791 4233 capitulo
817 4144 951 4232 quarto
976 4139 1155 4231 sequenti.
1187 4138 1231 4212 Et
1256 4138 1376 4211 subdit
1410 4146 1515 4233 poeta
1571 4218 1579 4227 ,

345 4260 502 4353 qualiter
528 4259 797 4334 intendentibus
821 4258 867 4332 ad
893 4257 1182 4353 investigandam
1201 4258 1298 4333 viam
1317 4258 1515 4333 faciliorem

344 4379 557 4475 supervenit
588 4399 683 4453 nova
714 4377 823 4451 turba
858 4378 1015 4451 aliarum
1048 4376 1259 4451 animarum
1293 4378 1515 4452 venientium

344 4500 451 4575 valde
475 4501 583 4575 lente.
610 4499 744 4574 Ordina
774 4499 825 4573 sic
859 4497 1027 4572 literam:
1061 4518 1181 4571 euno
1212 4499 1313 4570 turba
1343 4501 1377 4572 d'
1391 4502 1519 4588 anime,

346 4622 412 4695 ista
450 4626 533 4694 erat
570 4619 731 4694 secunda
762 4624 861 4693 secta
889 4606 926 4709 (⁸)
969 4617 1229 4715 negligentium
1267 4618 1517 4713 poenitentiam

346 4760 466 4835 usque
491 4740 529 4812 in
554 4740 678 4834 linem,
702 4742 763 4812 olle
786 4742 945 4811 emmeno
969 4740 983 4809 i
1004 4734 1064 4829 pie*
1087 4759 1150 4810 uer
1178 4740 1251 4827 noi,
1277 4736 1368 4811 idest
1394 4738 1520 4813 venie-

407 4959 436 5018 l')
454 4960 508 5016 ¹¹⁷,
524 4956 623 5006 Jnnuoe.
749 4956 777 5019 (¹)
794 4956 824 5005 E.
840 4960 960 5018 respectu
977 4954 1041 5017 ripn
1057 4953 1127 5003 illius
1144 4955 1245 5004 montio.

409 5031 436 5093 Γ)
453 5032 484 5082 lt
500 5032 645 5095 reprimens
659 5038 688 5082 ev
703 5032 845 5082 retrahens.
855 5056 887 5069 -
896 5029 922 5079 S.
936 5028 1085 5092 deprimens
1100 5034 1127 5079 et
1142 5029 1289 5079 detraham.

408 5106 437 5170 θ)
454 5106 485 5157 B.
501 5107 577 5157 turba
592 5108 787 5172 negligentium.
