4542 6842
680 952 751 1023 158
1041 964 1245 1021 consonuit
1270 964 1487 1020 runcanoau
1563 1030 1574 1045 .

677 1114 739 1208 qui
764 1119 946 1210 genuerat
970 1130 1070 1205 eum,
1091 1116 1129 1185 et
1155 1111 1313 1185 Chirone
1338 1109 1401 1203 qui
1428 1109 1645 1202 nutriverat,
1664 1114 1792 1205 petens
1808 1117 1850 1183 ut

676 1232 911 1309 confirmaret
936 1231 1214 1307 matrimonium
1242 1231 1377 1305 lurtive
1402 1234 1647 1324 contractum,
1671 1237 1710 1306 et
1736 1248 1851 1305 erco-

676 1372 760 1425 sans
785 1352 1024 1446 Deidamian,
1051 1371 1135 1445 quae
1170 1371 1243 1425 non
1268 1355 1439 1445 potuerat
1463 1351 1597 1425 vitasse
1611 1342 1649 1443 (¹)
1670 1351 1768 1427 vires
1794 1358 1851 1427 ta·

676 1472 766 1547 lium
794 1473 1043 1568 brachiorum,
1075 1471 1236 1546 dicebat:
1253 1471 1311 1546 iac
1335 1490 1428 1568 ergo
1451 1491 1515 1546 me
1540 1472 1613 1566 pati
1639 1492 1785 1567 pronam
1803 1472 1852 1547 de

678 1594 759 1687 hoc,
781 1595 859 1690 jam
886 1612 991 1667 socer
1016 1612 1078 1687 es;
1104 1598 1142 1667 et
1166 1590 1360 1687 proiiciens
1384 1590 1500 1693 lilium
1526 1599 1613 1666 ante
1637 1592 1759 1687 pedes,
1783 1593 1852 1667 ad*

678 1713 777 1807 didit,
798 1712 875 1809 jam
903 1732 943 1787 es
966 1734 1069 1787 avus.
1097 1713 1160 1787 llle
1181 1711 1349 1805 quamvis
1369 1703 1657 1806 cognosceretl'l
1676 1712 1848 1787 iniuriam

680 1854 757 1907 suae
782 1853 878 1907 carre
904 1832 997 1927 lilim,
1016 1838 1142 1907 tamen
1166 1831 1319 1905 timebat
1336 1831 1487 1906 obviare
1503 1830 1606 1905 lactis
1617 1822 1674 1926 (ἧς
1692 1840 1731 1907 et
1747 1832 1776 1907 si
1792 1840 1851 1906 at·

679 1960 865 2049 tentasset,
892 1953 980 2048 quid
1005 1950 1228 2048 proluisset‘.l
1253 1952 1363 2027 Certe
1393 1952 1548 2026 Achilles
1576 1952 1625 2026 ibi
1655 1953 1852 2048 sprevisset

680 2080 838 2148 matrem
864 2094 970 2147 suam
991 2070 1021 2146 si
1043 2090 1202 2167 praesens
1219 2069 1355 2145 luisset.
1373 2070 1597 2167 Lycomedes
1614 2090 1705 2169 ergo
1722 2079 1765 2146 ut
1784 2073 1853 2147 ha·

680 2192 785 2297 beret
814 2194 925 2269 talem
959 2211 1141 2289 generum
1172 2191 1365 2266 consensit.
1399 2192 1501 2266 Tunc
1531 2191 1719 2267 Deidamia
1745 2212 1853 2268 vere·

679 2312 800 2387 cunda
825 2312 991 2405 renitet
1011 2310 1181 2405 quamvis
1199 2331 1271 2385 non
1290 2318 1455 2406 speraret
1468 2300 1507 2403 (⁴)
1528 2313 1674 2387 veniam
1696 2314 1852 2409 placarit

679 2440 822 2530 patrem
858 2432 1041 2509 mediante
1071 2431 1218 2505 Achille.
1253 2432 1316 2505 llis
1351 2430 1462 2507 rebus
1491 2432 1603 2528 gestis
1633 2433 1766 2507 missus
1798 2440 1855 2508 est

681 2552 838 2628 nuncius
862 2553 900 2625 in
916 2550 1150 2645 Thessaliam,
1169 2551 1232 2645 qui
1250 2549 1464 2647 significavit
1479 2543 1516 2643 (⁶)
1533 2553 1626 2646 patri
1644 2553 1753 2629 Peleo
1772 2572 1852 2628 rem

683 2694 868 2771 magnam,
894 2676 938 2747 ut
963 2679 1110 2769 pararet
1134 2671 1252 2747 socios
1276 2680 1314 2747 et
1339 2670 1492 2747 classem
1517 2671 1564 2746 ad
1590 2672 1705 2766 bella3
1723 2674 1855 2767 etipse

685 2814 751 2869 rex
776 2793 1000 2891 Lycomedes
1025 2792 1184 2868 armavit
1208 2810 1348 2889 genero
1376 2812 1445 2865 suo
1470 2791 1562 2867 duas
1589 2812 1713 2886 naves,
1740 2812 1856 2867 excu-

684 2936 767 2989 sans
792 2934 833 2989 se
859 2913 957 3009 quod
983 2933 1055 2987 non
1081 2913 1163 3009 plus
1187 2918 1341 3007 poterat
1359 2910 1584 2986 Adveniente
1601 2917 1710 2986 nocte
1733 2911 1855 2987 Achil·

684 3036 737 3111 les
768 3032 940 3108 dormivit
971 3053 1124 3108 securus
1150 3053 1236 3107 cum
1266 3052 1334 3106 sua
1368 3031 1566 3126 Deidamia,
1592 3038 1631 3107 et
1658 3032 1718 3107 illa
1742 3033 1854 3109 anxia

684 3156 831 3252 petebat
856 3152 1003 3248 quando
1030 3152 1213 3227 renideret
1229 3170 1316 3227 eum
1334 3151 1431 3225 inter
1448 3149 1596 3227 brachia
1614 3174 1692 3247 sua,
1713 3153 1855 3246 dolens,

684 3276 781 3371 quod
809 3275 867 3347 vix
895 3274 1052 3349 habebat
1083 3273 1240 3369 spatium
1275 3272 1450 3367 plorandi,
1476 3278 1514 3347 et
1545 3273 1644 3367 quod
1677 3294 1751 3349 una
1780 3295 1854 3348 non

683 3396 835 3470 dederat
859 3401 896 3470 et
920 3394 1122 3469 abstulerat
1146 3392 1321 3467 Achillem
1340 3392 1418 3466 sibi.
1436 3392 1591 3467 Achilles
1613 3400 1740 3468 autem
1766 3413 1856 3469 cou-

684 3516 871 3591 solabatur
895 3534 979 3590 earn
1005 3520 1042 3589 et
1062 3513 1214 3610 jurabat
1238 3512 1305 3586 sibi
1323 3511 1446 3604 fidem,
1464 3512 1679 3608 promittens
1699 3534 1855 3610 magna3

684 3643 810 3733 postea
836 3636 1024 3733 ingressos
1050 3652 1184 3709 navem
1211 3632 1321 3727 coepit
1347 3632 1522 3708 recedere
1540 3652 1563 3707 a
1580 3632 1705 3729 Scyro.
1727 3634 1858 3709 Deida-

687 3758 761 3831 mia
787 3774 877 3831 vero
909 3760 1008 3829 stans
1033 3755 1070 3827 in
1101 3754 1175 3829 alta
1202 3752 1296 3827 turri
1324 3771 1412 3826 cum
1437 3752 1626 3827 sororibus
1650 3753 1859 3849 lacryman-

687 3878 795 3971 tibus,
826 3884 863 3951 et
897 3883 1025 3951 tenens
1057 3872 1170 3949 lilium
1198 3873 1348 3948 nomine
1373 3873 1554 3968 Pyrrhum
1585 3874 1800 3969 respiciebat
1832 3892 1855 3947 a

687 3998 795 4095 longe
819 3998 993 4072 Achillem
1020 3995 1274 4087 recedentem3
1294 3992 1354 4068 ille
1378 4012 1468 4067 vero
1494 4014 1592 4088 saepe
1618 3994 1857 4088 retorquebat

687 4119 814 4193 oculos
828 4117 875 4192 ad
897 4136 1024 4190 muros
1050 4115 1162 4209 urhis,
1181 4114 1343 4211 cogitans
1360 4114 1513 4187 domum
1531 4112 1679 4188 viduam
1698 4125 1736 4191 et
1751 4115 1858 4210 plan·

688 4246 789 4313 ctum
818 4236 943 4311 uxoris
969 4234 1104 4310 relictae
1120 4226 1171 4328 (⁶),
1197 4241 1235 4309 et
1260 4234 1425 4308 occultus
1455 4253 1564 4309 amor
1595 4236 1858 4310 renascebatur

687 4358 724 4431 in
743 4357 960 4432 cordesius.
979 4357 1049 4431 Sed
1069 4356 1204 4451 Ulyres
1224 4352 1382 4429 sentiens
1399 4352 1501 4428 illum
1520 4355 1775 4450 suspirantem,
1793 4374 1857 4429 oo

688 4485 796 4552 uatus
812 4468 848 4570 (⁷)
876 4482 930 4552 est
955 4484 1063 4552 caute
1088 4492 1266 4551 revocare
1290 4494 1378 4549 eum
1405 4474 1481 4548 suis
1504 4471 1637 4570 verbis,
1664 4472 1808 4550 dicens:
1833 4494 1858 4549 o

688 4598 893 4673 destructor
917 4593 1095 4672 destinate
1119 4614 1265 4692 magnae
1288 4591 1423 4669 Troiaei
1440 4594 1537 4690 Ergo
1560 4599 1625 4669 tna
1651 4602 1771 4671 mater
1795 4614 1859 4671 ce-

688 4719 775 4791 lavit
801 4724 837 4793 te
860 4725 982 4795 astute
1006 4717 1075 4791 sub
1100 4714 1225 4790 habitu
1253 4714 1428 4789 loemiueo
1444 4720 1485 4786 ut
1503 4721 1603 4789 tanta
1621 4715 1739 4789 virtus
1757 4734 1859 4791 mar-

751 4935 778 4999 (¹)
796 4940 849 4995 117.
866 4938 1035 4989 uram-13.
1052 4938 1169 4989 oritura·
1266 4934 1295 4997 (Ἴ
1311 4936 1343 4987 lt.
1358 4940 1519 5000 spumaret.
1609 4934 1684 4997 (⁸)ss
1701 4934 1768 4985 tatis

750 5014 777 5072 i¹l
793 5014 824 5063 E.
840 5020 956 5077 speraret
972 5028 1020 5080 pro
1037 5016 1077 5066 hir
1092 5016 1204 5066 renim.
1266 5013 1294 5076 (⁸)
1311 5017 1365 5073 llt,
1381 5012 1563 5076 signiticaret»
1609 5010 1637 5072 (¹)
1652 5010 1684 5061 li.
1700 5010 1841 5062 derelicto.

751 5089 777 5149 (⁷)
796 5094 849 5151 117,
866 5098 973 5143 conatus
988 5097 1028 5143 art
1043 5092 1118 5143 illum
1135 5096 1212 5141 caute
1227 5102 1362 5141 removere
1378 5103 1440 5140 com
1455 5091 1508 5140 suia
1523 5088 1617 5140 verbio.
