4542 6842
704 945 776 1016 idn
1066 955 1271 1025 counnrnnt
1296 958 1515 1015 runoaronu

703 1106 791 1202 quia
815 1124 881 1181 ros
905 1103 964 1179 alii
979 1096 1016 1197 (¹)
1041 1104 1200 1179 illustres
1225 1104 1389 1180 nondum
1419 1103 1505 1179 eatis
1536 1092 1696 1199 dispositi
1727 1102 1775 1177 ad
1812 1118 1877 1175 ve·

703 1226 879 1302 niendum
904 1244 1066 1319 sursum,
1090 1218 1120 1297 sl
1146 1217 1377 1317 iopeoolerd,
1409 1223 1512 1318 idest,
1545 1222 1725 1299 alleviabo
1756 1222 1875 1317 ipsum

703 1366 856 1443 gravem
883 1352 920 1421 el
945 1345 1229 1441 somnolentum,
1243 1366 1309 1439 per
1334 1348 1372 1419 lu
1394 1366 1461 1419 sua
1487 1346 1558 1436 oio,
1579 1362 1664 1439 quae
1688 1349 1744 1419 est
1769 1341 1876 1417 valde

703 1463 808 1540 dura.
836 1464 878 1539 Et
902 1464 988 1539 dicit
1014 1464 1204 1562 Virgilius:
1230 1468 1358 1540 sordet
1379 1469 1522 1557 rimare,
1554 1463 1643 1559 quia
1668 1464 1872 1538 sociaverat

705 1605 771 1660 nos
796 1584 891 1660 intra
921 1585 1065 1678 vallem,
1095 1606 1114 1658 e
1142 1588 1265 1659 l’oltrc
1291 1588 1401 1678 pandi
1419 1588 1549 1679 forme,
1574 1582 1676 1678 idest,
1701 1582 1762 1658 alii
1792 1583 1877 1657 illn-

705 1710 817 1799 slres3
845 1705 914 1799 vel,
931 1704 1134 1779 secundum
1159 1705 1270 1779 aliam
1295 1705 1463 1799 literam3
1489 1724 1509 1776 c
1532 1706 1652 1777 rame
1675 1706 1768 1794 penti
1788 1706 1875 1797 pror

705 1846 772 1915 me,
798 1823 899 1917 idest,
926 1822 1007 1899 aliae
1031 1830 1160 1921 gentes
1180 1832 1312 1919 praeter
1331 1846 1403 1918 me,
1421 1823 1485 1918 qui
1505 1823 1605 1899 solus
1624 1829 1773 1897 seculm
1790 1844 1874 1896 sum

705 1942 804 2019 illam
830 1942 1035 2038 dominam3
1053 1950 1108 2018 est
1125 1950 1250 2020 lamen
1267 1944 1363 2020 idem
1380 1943 1544 2039 ollactus,
1561 1944 1626 2019 sod
1641 1943 1754 2017 credo
1774 1941 1874 2037 quod
1927 1940 1929 1944 ’

705 2065 823 2163 prima
848 2064 952 2140 litera
977 2064 1022 2137 sit
1047 2063 1093 2138 de
1118 2070 1243 2139 mente
1266 2064 1417 2139 autoris.
1445 2065 1488 2140 lii
1513 2084 1601 2141 ecce
1625 2064 1782 2139 iactum:
1807 2065 1876 2136 ello

706 2187 850 2275 done,
876 2182 913 2258 in
939 2182 1030 2278 pede
1054 2204 1122 2258 suo
1147 2184 1217 2258 sub
1243 2185 1377 2260 umbra
1401 2185 1547 2259 alarum
1578 2204 1746 2277 suarum,
1771 2204 1792 2255 a
1814 2204 1876 2255 sen

705 2324 813 2379 omne
836 2324 918 2377 suso
943 2326 1038 2377 conte
1054 2306 1079 2377 'l
1102 2296 1138 2379 di
1159 2309 1201 2399 fu
1225 2307 1373 2399 cituro;
1403 2324 1489 2380 nam
1516 2304 1554 2379 in
1580 2311 1687 2379 nocte
1713 2324 1786 2378 non
1811 2323 1878 2399 po·

705 2424 834 2501 inisset
858 2424 1075 2501 ascendere:
1102 2426 1215 2501 etsie
1240 2432 1326 2500 nota
1351 2426 1510 2521 qualiter
1534 2425 1656 2500 divina
1679 2425 1799 2522 gratia
1823 2425 1878 2500 le-

705 2546 805 2621 ravit
828 2546 990 2621 animam
1016 2546 1156 2621 autoris
1180 2546 1424 2622 dormientem
1446 2546 1484 2620 in
1508 2546 1624 2621 herba
1650 2544 1877 2639 etiloribus,

705 2665 807 2761 idest,
833 2665 955 2741 adhuc
979 2672 1196 2761 occupatam
1222 2666 1320 2742 circa
1349 2663 1586 2761 delectabilia,
1611 2672 1693 2761 post
1716 2670 1877 2759 noctem,

705 2785 797 2861 idest
821 2784 1022 2860 caecitatem
1054 2786 1205 2881 peccati,
1229 2786 1448 2861 adveniente
1479 2785 1549 2880 die,
1584 2786 1676 2862 idest
1699 2784 1876 2878 claritate,

704 2912 787 3001 post
811 2925 999 3001 auroram,
1018 2904 1108 2981 idest
1133 2906 1438 3003 preparationem
1454 2906 1593 3003 graliae.
1621 2907 1664 2981 lit
1687 2906 1774 2983 dicit
1794 2904 1877 2979 Vir·

705 3024 833 3123 gilius:
860 3048 879 3101 e
902 3030 937 3100 to
959 3048 1025 3120 per
1047 3030 1078 3100 le
1101 3049 1163 3102 sue
1193 3048 1304 3120 orme,
1336 3027 1438 3122 idest,
1464 3047 1532 3123 per
1563 3026 1714 3124 vestigia
1744 3025 1878 3123 aquile

707 3145 790 3222 reni
816 3167 977 3222 sursum.
1004 3148 1047 3222 nt
1073 3148 1174 3244 ponit
1199 3148 1309 3223 linem
1342 3148 1452 3222 huius
1483 3154 1622 3243 raptus,
1647 3146 1792 3223 dicens:
1818 3150 1879 3239 oui

706 3259 853 3358 tiposd,
885 3266 1031 3362 scilicet,
1062 3267 1122 3343 illa
1153 3267 1264 3344 Lucia
1295 3267 1459 3364 deposito
1488 3286 1672 3362 onere;a
1704 3270 1755 3359 pli
1781 3269 1879 3340 occdi

706 3390 786 3461 suoi
810 3388 899 3479 delli,
925 3387 1012 3483 quia
1040 3395 1095 3463 est
1127 3389 1191 3462 lux
1222 3388 1443 3483 illuminans,
1471 3392 1557 3483 prio
1586 3392 1635 3462 nri
1662 3390 1878 3463 dimostrmo

707 3510 820 3600 quello
836 3511 969 3583 intrato
986 3517 1123 3603 aperta,
1142 3510 1278 3585 scilicet
1295 3516 1438 3605 portam
1458 3510 1670 3607 purgatorii,
1690 3529 1774 3605 quae
1789 3528 1878 3605 ape·

706 3626 800 3701 ritur
826 3628 877 3704 sic
902 3628 1098 3725 dispositis;
1124 3636 1163 3705 et
1187 3628 1389 3705 concludit:
1407 3632 1471 3723 por·
1491 3632 1573 3721 ello,
1590 3628 1726 3705 scilicet
1741 3628 1877 3724 aquila,

706 3750 766 3821 c’l
788 3767 901 3822 sonno
925 3768 962 3821 se
986 3751 1021 3821 π’
1034 3752 1177 3823 andero
1202 3752 1252 3823 ud
1274 3770 1361 3842 uno,
1386 3748 1490 3844 idest,
1516 3748 1636 3842 simul,
1662 3749 1750 3843 quia
1767 3748 1805 3823 in
1822 3748 1877 3823 in-

704 3867 813 3965 stanti
839 3866 899 3941 illa
926 3866 1073 3943 recessit
1098 3874 1135 3945 ei
1161 3875 1201 3943 tn
1218 3868 1407 3964 evigilasti.
1422 3908 1472 3923 -
1486 3872 1646 3961 Alpnr'so.
1664 3869 1730 3943 llic
1747 3868 1876 3943 ultimo

706 3994 813 4083 poeta
845 3986 946 4082 ponit
977 3986 1117 4061 bonnm
1145 3987 1319 4063 effectum
1349 3988 1613 4064 exhortationis
1642 3988 1791 4085 Virgilii,
1819 3986 1877 4062 di·

706 4126 816 4183 cens:
843 4110 878 4182 io
904 4110 952 4180 ml
975 4110 1139 4200 commod
1164 4108 1300 4183 scilicet
1331 4109 1368 4183 in
1398 4116 1535 4205 mente,
1567 4130 1593 4183 o
1622 4113 1724 4201 pauo
1747 4112 1783 4183 α’
1795 4128 1877 4181 nom

705 4228 765 4302 olle
780 4230 816 4300 'n
840 4229 943 4301 dudio
967 4232 999 4302 si
1020 4236 1196 4322 rumaren,
1216 4250 1236 4303 c
1254 4232 1314 4303 cle
1331 4233 1415 4303 muli
1428 4251 1495 4305 sou
1507 4250 1629 4323 porra
1646 4234 1684 4305 in
1700 4234 1874 4324 conforto,

707 4346 809 4439 idest,
833 4346 1003 4424 timorem
1021 4348 1058 4423 in
1078 4370 1193 4445 spem,
1206 4353 1271 4442 poi
1284 4352 1345 4423 cie
1361 4352 1397 4423 lo
1414 4341 1525 4425 oerild
1544 4353 1594 4442 pa·
1617 4346 1639 4425 a*
1656 4351 1875 4443 discoperto3

706 4465 794 4562 quia
820 4466 916 4542 videt
942 4488 1021 4544 rem
1048 4469 1281 4565 profuturam
1306 4468 1385 4564 sibi,
1410 4490 1526 4563 quam
1555 4470 1658 4565 prius
1682 4468 1876 4543 dubitave-

707 4590 765 4661 rat
797 4586 1027 4684 nocituram3
1063 4588 1144 4664 ideo
1175 4588 1282 4663 dicit:
1309 4591 1379 4662 cil
1407 4592 1499 4663 daca
1527 4592 1597 4663 mio
1630 4592 1662 4663 ει·
1690 4608 1803 4662 morse
1836 4608 1878 4661 su

704 4696 771 4800 per
796 4710 831 4781 lo
856 4708 973 4801 boizo,
999 4708 1101 4803 idest,
1127 4710 1285 4806 gradum
1306 4716 1630 4805 premonstratum
1656 4708 1756 4804 milri,
1781 4729 1877 4783 conse

707 4829 784 4901 vide
808 4849 862 4901 ma
885 4850 994 4903 senza
1018 4851 1119 4922 curo,
1146 4830 1248 4923 idest,
1275 4850 1390 4925 quam
1419 4830 1492 4906 cito
1517 4830 1606 4909 vidit
1631 4852 1693 4907 me
1718 4831 1874 4906 liberum

771 5084 797 5147 ξ’)
814 5085 844 5135 Ε.
860 5086 904 5137 alii
921 5090 968 5140 rirl
984 5087 1098 5140 lllnrlres
1113 5088 1200 5140 adhuc
1216 5102 1268 5140 non
1285 5091 1346 5141 erlis
1361 5089 1485 5155 dispositi.
