4542 6842
711 1010 850 1065 ornans
874 1009 1030 1065 uncinus
1054 1010 1224 1068 onrnvus.
1481 996 1552 1064 lot

383 1175 472 1230 vere
497 1156 565 1231 ista
590 1178 680 1255 gens
705 1156 772 1231 tuit
797 1156 877 1231 vilis
910 1163 946 1233 ct
979 1157 1089 1252 lenta,
1115 1158 1203 1252 qnia
1235 1178 1320 1233 cum
1352 1159 1557 1234 venisseta

382 1275 490 1351 Troia
516 1277 553 1349 in
579 1276 750 1369 Siciliam,
768 1296 854 1351 cum
877 1283 931 1351 tot
952 1277 1151 1372 laboribus,
1172 1277 1342 1373 periculis
1359 1284 1395 1353 et
1417 1278 1558 1352 incom-

383 1397 513 1493 modis,
526 1398 621 1473 bene
639 1404 806 1493 poterant
824 1396 980 1473 transire
996 1398 1136 1472 ltaliam
1154 1391 1205 1491 (¹),
1220 1418 1305 1492 quae
1318 1404 1373 1473 est
1390 1401 1557 1493 separata

382 1538 405 1591 a
432 1517 551 1592 Sicilia
575 1517 833 1616 angustissimo
860 1518 975 1614 pbaro
1001 1520 1186 1593 Messanae.
1201 1518 1298 1593 ¹ldeo
1328 1520 1423 1594 bene
1453 1519 1556 1593 dicit:

385 1642 512 1731 offerre
535 1659 571 1711 se
595 1647 704 1712 stesso
729 1660 752 1711 o
778 1641 861 1730 cito,
880 1637 982 1732 idest,
999 1638 1046 1712 ad
1064 1639 1263 1713 vivendum
1285 1638 1321 1711 in
1346 1639 1434 1732 otio,
1449 1660 1558 1712 scazo

385 1761 517 1850 clorio,
543 1757 728 1852 quianon
755 1758 852 1833 venit
878 1779 965 1832 cum
991 1758 1070 1833 aliis
1099 1759 1145 1833 ad
1178 1760 1405 1834 fundandum
1433 1780 1558 1833 roma-

387 1898 477 1951 num
496 1877 692 1974 imperium
709 1878 1061 1975 gloriosum.-·Poi.
1077 1879 1141 1953 llic
1159 1879 1289 1953 ultimo
1306 1886 1414 1975 poeta
1432 1878 1560 1953 finiens

387 2004 584 2071 tractatum
610 1997 757 2072 accidiae
774 2004 811 2073 et
828 1998 1001 2074 claudens
1020 1999 1115 2073 istud
1133 2000 1254 2075 nobile
1272 2000 1472 2095 capitulum
1494 1998 1560 2073 de-

386 2118 510 2192 scribit
535 2140 640 2192 suam
667 2118 936 2214 dispositionem
964 2126 1001 2195 et
1025 2128 1242 2215 apparatum
1267 2120 1314 2195 ad
1340 2126 1556 2214 sequentem

388 2238 591 2314 materiam.
624 2239 726 2315 Unde
756 2240 860 2315 dicit:
887 2244 953 2314 Poi
984 2244 1125 2337 quorum
1159 2239 1561 2334 obtenebrantes,

386 2359 521 2433 animae
545 2358 736 2453 predicte,
759 2363 822 2454 sur
847 2362 896 2433 do
921 2364 982 2433 noi
999 2367 1095 2434 tanto
1113 2362 1234 2455 dicabo,
1263 2382 1328 2457 per
1353 2360 1568 2461 distantiam·

386 2478 467 2571 loci,
493 2481 553 2551 cde
578 2480 683 2552 ceder
704 2474 765 2572 piri
791 2501 863 2552 ooo
884 2485 1030 2573 poterat,
1053 2500 1121 2555 nec
1141 2480 1261 2554 audiri
1284 2480 1461 2574 similiter,
1479 2479 1562 2554 ideo

388 2617 434 2671 ne
451 2597 682 2674 incurrerem
700 2598 828 2673 vitium
846 2600 1005 2695 accidiae,
1022 2621 1139 2673 nuovo
1151 2604 1329 2693 pardem,
1350 2601 1497 2694 scilicet,
1515 2600 1562 2675 de

314 2809 320 2819 Ι
388 2738 483 2792 nova
509 2719 663 2793 materia
689 2720 853 2794 venanda
871 2711 921 2813 (²),
939 2722 1062 2793 dentre
1088 2743 1113 2793 o
1138 2742 1193 2794 me
1211 2725 1243 2795 si
1259 2724 1356 2811 mise,
1377 2720 1479 2815 idest,
1507 2720 1562 2795 in·

389 2840 497 2914 travit
522 2846 684 2915 mentem
711 2838 856 2934 meam,¹
873 2843 931 2914 dei
954 2844 1039 2933 quot
1056 2837 1120 2935 piri
1145 2845 1230 2916 altri
1252 2864 1428 2934 nocquero
1458 2864 1477 2915 e
1505 2844 1561 2915 di-

388 2963 502 3054 versi;
528 2967 565 3033 et
588 2960 689 3033 dicit:
716 2982 735 3033 e
760 2970 856 3035 tanto
881 2964 915 3035 d'
927 2982 998 3034 uno
1023 2965 1061 3035 in
1085 2965 1178 3036 altro
1203 2964 1392 3053 onocoetae·
1419 2964 1479 3034 obe
1511 2963 1562 3051 qli

388 3081 484 3152 occdi
502 3100 569 3173 per
594 3083 776 3170 cuobezzo
797 3083 980 3173 rtoopersi,
1003 3080 1107 3175 quasi
1133 3081 1252 3156 dicat:
1278 3080 1485 3174 obdormni‚
1504 3084 1564 3154 e't

386 3210 609 3297 pedamento
621 3204 658 3274 io
670 3222 782 3292 socco
800 3205 993 3275 trasmutat.
1008 3200 1094 3275 Vult
1107 3202 1242 3296 dicere,
1260 3202 1359 3296 quod
1373 3202 1409 3274 in
1430 3221 1560 3275 somno

388 3320 471 3395 iecit
497 3320 664 3397 mirabile
688 3321 872 3395 somnium
907 3321 1006 3415 quod
1038 3321 1257 3396 describitur
1289 3320 1446 3395 mirabili
1480 3326 1561 3395 arte

387 3442 545 3538 capitulo
571 3442 757 3536 sequenti3
784 3446 820 3517 et
846 3462 912 3537 per
929 3442 1024 3516 istud
1042 3442 1229 3516 somnium
1251 3448 1358 3538 poeta
1375 3441 1437 3515 dat
1456 3440 1562 3515 intel-

389 3562 449 3659 ligi
474 3562 693 3658 profundam
718 3563 1002 3637 abstractionem
1024 3562 1167 3657 mentis,
1188 3583 1254 3659 per
1276 3584 1388 3656 quam
1407 3561 1491 3635 iecit
1506 3561 1562 3636 al-

390 3690 463 3758 tam
492 3682 686 3777 fictionem,
712 3683 900 3757 utstatim
928 3681 1107 3777 sequitur.

451 3946 478 4009 (¹)
495 3945 525 3997 Ε.
542 3950 643 4009 poterat
659 3946 769 3995 bannire
784 3943 810 3994 in
826 3944 935 3995 ltaliam.
1123 3942 1152 4007 ρ)
1168 3944 1199 3994 R
1215 3944 1397 4009 investiganda.
