4542 6842
677 974 754 1046 me
1034 990 1238 1046 cousnrorr
1262 988 1484 1047 runonronu

675 1134 808 1209 bebat:
835 1133 1006 1209 describit
1031 1154 1121 1231 ergo
1147 1156 1323 1209 auroram
1342 1137 1440 1209 innae
1456 1133 1609 1230 poetice,
1630 1135 1773 1210 dicens:
1796 1141 1849 1210 Lo

675 1255 866 1328 coambina
890 1257 928 1329 dt
957 1257 1073 1329 mnne
1097 1257 1223 1328 anteo.
1248 1254 1319 1330 Sed
1344 1254 1497 1329 adverte
1521 1254 1620 1347 quod
1647 1254 1714 1330 ista
1739 1256 1846 1332 litera

675 1374 820 1451 videtur
845 1376 1003 1450 multum
1031 1374 1185 1449 difficilis
1209 1381 1247 1450 et
1271 1374 1489 1469 dubitabriis,
1507 1374 1598 1469 qrria·
1611 1382 1719 1471 poeta
1744 1378 1848 1453 ride·

676 1502 736 1571 tur
761 1494 885 1571 dicere
911 1516 1028 1569 unum
1054 1496 1156 1589 quod
1178 1516 1386 1589 numquam
1401 1494 1469 1569 init
1485 1494 1623 1569 (fictum
1641 1498 1700 1571 vel
1718 1496 1844 1571 fictum

674 1638 740 1715 per
764 1617 879 1692 alium
904 1623 1065 1713 poetam,
1084 1614 1220 1692 scilicet
1240 1616 1339 1711 quod
1354 1638 1493 1692 aurora
1514 1616 1612 1691 iunae
1637 1615 1682 1691 sit
1708 1638 1847 1693 concu-

673 1737 759 1813 bina
783 1738 942 1832 Titonis3
969 1737 1050 1813 ideo
1074 1736 1188 1832 aliqui
1213 1738 1387 1811 dixerunt
1412 1737 1510 1831 quod
1538 1744 1648 1813 autor
1673 1737 1846 1813 describit
1907 1830 1910 1835 ι

673 1858 732 1933 bic
756 1879 933 1934 auroram
958 1856 1054 1952 sotis,
1080 1858 1145 1933 sed
1170 1859 1239 1933 boc
1265 1864 1320 1932 est
1345 1856 1476 1931 iaisnm
1509 1863 1546 1933 et
1570 1857 1790 1953 impossibile
1813 1858 1843 1932 si

674 1978 755 2073 quis
780 1979 875 2053 bene
899 1977 1104 2053 consideret
1126 1979 1271 2055 literam
1289 1978 1407 2051 istam.
1426 1976 1514 2061 Dico
1531 1998 1621 2075 crgo
1638 1979 1739 2072 quod
1756 1980 1844 2053 sirn-

648 2188 650 2191 .
672 2098 812 2194 pliciter
830 2098 999 2173 describit
1015 2118 1190 2173 auroram
1210 2097 1323 2191 iunae;
1340 2097 1404 2171 sed
1421 2118 1510 2173 cum
1523 2104 1631 2172 vocat
1648 2096 1732 2174 earn
1753 2119 1845 2173 con-

672 2216 842 2293 cubinam
869 2217 1015 2312 Titonis,
1041 2217 1121 2292 dioo
1151 2225 1189 2291 et
1218 2217 1341 2312 credo,
1373 2217 1472 2311 quod
1503 2223 1610 2311 poeta
1642 2225 1767 2294 noster
1797 2217 1846 2293 de

672 2357 768 2415 noro
785 2341 855 2415 boc
873 2338 986 2437 tingit,
1003 2336 1097 2414 sicut
1118 2358 1226 2433 sape,
1243 2337 1319 2412 imo
1336 2336 1441 2432 qnasi
1459 2356 1607 2432 semper
1625 2339 1713 2413 iacit
1729 2360 1844 2415 novas

671 2458 833 2535 fictiones
854 2458 1007 2534 inomni
1027 2458 1190 2534 materia.
1212 2456 1463 2534 considerem
1478 2458 1577 2532 enim
1597 2460 1699 2553 quod
1714 2480 1845 2536 omncs

670 2587 788 2675 poetae
813 2579 900 2654 dant
924 2599 1101 2655 auroram
1128 2578 1213 2653 sotis
1238 2579 1275 2652 in
1300 2598 1457 2653 uxorem
1490 2578 1631 2674 titoni,
1658 2578 1740 2655 ideo
1765 2580 1843 2676 ipse

669 2698 732 2775 dat
756 2700 804 2775 illi
829 2700 1000 2793 amicam,
1025 2699 1161 2774 scilicet
1185 2720 1361 2775 auroram
1392 2699 1501 2794 tunm,
1528 2697 1614 2793 qnia
1645 2720 1741 2775 uxor
1771 2707 1844 2776 stat

557 2860 562 2871 ·
669 2832 784 2917 prope
814 2821 949 2914 virum,
974 2819 1112 2895 amasia
1141 2839 1231 2895 rero
1261 2840 1285 2895 a
1315 2818 1435 2915 longe.
1468 2816 1554 2893 tuit
1583 2838 1674 2917 ergo
1705 2819 1841 2916 dicere,

670 2941 874 3035 quoderat
900 2940 1005 3015 tertia
1031 2941 1121 3014 bora
1148 2938 1263 3014 noctis
1287 2938 1429 3034 primae,
1454 2936 1541 3032 qnia
1571 2958 1710 3013 aurora
1741 2940 1846 3015 lunc

663 3062 743 3158 jam
769 3059 954 3159 surgebat,
980 3081 1064 3155 quae
1090 3067 1146 3135 est
1170 3060 1375 3135 concubina
1404 3058 1550 3133 Titonis.
1577 3060 1630 3133 nd
1657 3060 1763 3134 cuius
1784 3060 1845 3135 in·

669 3181 906 3279 telligentiam
934 3180 1045 3255 debes
1070 3180 1175 3275 scire,
1202 3178 1301 3275 quod
1326 3180 1430 3254 iiton
1462 3180 1558 3253 titius
1582 3180 1839 3255 Laomedontis

669 3303 765 3399 regis
792 3302 921 3377 troiani
954 3324 1026 3377 non
1052 3302 1153 3398 J‘ure,
1178 3301 1242 3377 sed
1274 3300 1414 3376 viribus
1446 3308 1484 3375 et
1513 3300 1651 3375 auxilio
1683 3300 1842 3377 iortunae

667 3422 858 3516 acquisivit
883 3428 1022 3497 certam
1050 3428 1188 3498 terram
1214 3420 1252 3495 in
1277 3425 1447 3495 extremo
1467 3418 1627 3515 orientis,
1646 3419 1752 3495 cuius
1772 3422 1846 3497 init

668 3562 753 3617 rex:
780 3540 861 3616 ideo
881 3547 999 3637 poetae
1024 3540 1213 3617 finxerunt
1235 3540 1340 3636 quod
1352 3539 1456 3614 Titos
1479 3547 1575 3615 esset
1592 3542 1748 3615 maritus
1766 3543 1842 3617 du-

667 3682 774 3755 rorae,
800 3661 886 3756 quia
911 3661 1038 3736 habuit
1067 3668 1221 3755 terram,
1248 3661 1344 3736 undo
1375 3662 1476 3736 venit
1505 3682 1684 3737 auroram
1716 3664 1847 3738 subie-

665 3788 761 3855 ctam
789 3780 868 3875 sibi,
893 3780 987 3857 sicut
1011 3781 1068 3855 vir
1094 3781 1205 3857 babet
1230 3801 1399 3876 uxorem,
1425 3787 1535 3857 etex
1561 3802 1605 3856 ea
1630 3784 1840 3878 procrearit

665 3900 781 3975 tilium
801 3902 950 3977 nomine
966 3902 1210 3995 Memnonem,
1228 3902 1292 3996 qni
1310 3903 1346 3975 in
1371 3901 1550 3977 auritium
1577 3903 1674 3999 regis
1700 3904 1835 3979 Priami

652 4023 765 4098 'venit
789 4022 834 4097 ad
859 4021 1005 4097 Troiam
1031 4022 1120 4096 durn
1147 4022 1378 4097 obsideretur
1407 4043 1431 4098 a
1461 4023 1602 4119 graeci's,
1629 4034 1666 4096 et
1696 4023 1763 4097 brit
1787 4023 1841 4098 ibi·

663 4140 831 4217 bellando
865 4150 1089 4243 peremptus,
1116 4142 1210 4216 sicut
1234 4141 1359 4217 scribit
1390 4142 1571 4239 Virgilius.
1606 4143 1700 4218 Dicit
1732 4164 1839 4241 ergo,

664 4263 762 4357 qnod
787 4262 990 4337 concubina
1016 4262 1151 4338 Titonis
1175 4261 1327 4357 antiqui,
1355 4262 1449 4339 idest
1470 4284 1607 4338 aurora
1635 4265 1743 4358 tunae,
1774 4253 1841 4356 aid

566 4418 567 4423 Ν
661 4382 939 4472 dimbiancuoo,
966 4382 1068 4478 idest,
1095 4382 1272 4479 surgebat
1285 4374 1322 4476 (¹)
1347 4389 1385 4458 et
1409 4382 1610 4479 apparebat
1634 4384 1728 4476 alba,
1747 4382 1834 4478 qrria

662 4522 798 4577 aurora
816 4503 912 4576 lunae
931 4510 986 4577 est
1002 4502 1096 4598 alba,
1116 4502 1178 4577 ubi
1194 4522 1332 4577 aurora
1349 4503 1434 4577 sotis
1451 4510 1508 4578 eet
1526 4502 1657 4597 rubea,
1674 4506 1714 4576 ot
1728 4504 1835 4576 balzo

662 4624 852 4715 dotent,
878 4623 980 4717 idest,
1006 4644 1028 4697 a
1055 4623 1213 4697 ibnestra
1239 4622 1400 4717 orientia,
1426 4622 1521 4697 sicut
1545 4622 1679 4697 rnniier
1703 4624 1832 4718 pulcra

662 4741 744 4817 alba
770 4762 925 4837 surgens
950 4742 997 4817 de
1021 4742 1115 4817 tecto
1143 4741 1226 4816 iacit
1250 4763 1292 4817 se
1316 4742 1364 4817 ad
1385 4741 1604 4836 fenestram3
1624 4742 1705 4817 ideo
1725 4740 1841 4817 dicit:

657 4866 745 4956 faor
769 4864 856 4937 delle
881 4864 1037 4955 bacca,
1055 4863 1141 4958 quia
1168 4862 1315 4939 ridetur
1333 4864 1494 4960 jacuisse
1518 4865 1555 4939 in
1580 4864 1742 4939 tbatamo
1762 4884 1832 4939 an-

723 5118 751 5182 t¹t
769 5124 822 5181 nr,
836 5121 890 5184 ianr
906 5122 1036 5187 surgebat.
