4542 6842
730 938 778 1004 911
1091 950 1295 1006 conuuruu
1319 952 1542 1007 runcaronu

730 1096 795 1171 bes
818 1095 1064 1189 adamantem,
1092 1101 1133 1169 ut
1157 1096 1242 1169 dicit
1266 1095 1505 1192 Augustinus,
1533 1097 1663 1173 desinit
1690 1099 1838 1175 trahere
1864 1108 1902 1175 et
2000 1078 2005 1089 ⁵

729 1216 890 1292 remittit.
915 1217 993 1290 Hoc
1018 1236 1088 1312 ego
1113 1216 1188 1291 scio
1213 1216 1420 1312 cognitione
1433 1211 1485 1311 (¹),
1503 1218 1590 1313 quia
1613 1218 1749 1294 scilicet
1774 1220 1821 1294 ab
1848 1221 1901 1293 ei-

727 1336 837 1431 lectu,
862 1335 951 1429 quia
974 1335 1022 1410 ad
1045 1336 1195 1411 oculum
1217 1336 1333 1427 video,
1352 1347 1475 1419 tamen
1494 1339 1617 1414 nescio
1634 1346 1783 1434 propter
1800 1340 1899 1435 quid,

727 1457 813 1551 quia
839 1456 970 1553 ignoro
994 1476 1166 1549 causam,
1189 1455 1286 1531 unde
1311 1456 1492 1552 sapientes
1507 1458 1681 1533 dixerunt
1698 1458 1797 1553 quod
1818 1480 1899 1534 ma-

726 1598 817 1673 gnes
843 1577 953 1652 habet
977 1578 1047 1651 hoc
1071 1598 1094 1649 a
1120 1576 1258 1651 virtute
1283 1576 1461 1671 specifica,
1481 1577 1529 1651 ita
1547 1599 1691 1673 possem
1712 1579 1836 1655 dicere
1853 1580 1900 1655 de

728 1697 861 1772 multis.
894 1696 999 1771 Modo
1032 1698 1078 1771 ad
1109 1696 1336 1793 propositum
1369 1704 1476 1793 poeta
1510 1704 1633 1773 noster
1666 1698 1768 1796 lingit
1800 1700 1897 1794 quod

726 1817 909 1915 Virgilius,
935 1817 999 1909 qui
1023 1823 1080 1891 est
1103 1837 1171 1890 soa
1199 1816 1292 1891 ratio
1317 1818 1504 1911 naturalia,
1532 1818 1590 1893 liic
1615 1826 1744 1913 sponte
1769 1840 1809 1895 se
1835 1842 1898 1893 su·

726 1939 826 2013 blicit
849 1938 944 2032 lidei,
970 1944 1007 2013 et
1031 1938 1162 2011 suadet
1186 1937 1264 2011 aliis
1290 1944 1332 2011 ut
1356 1938 1427 2012 sint
1451 1939 1612 2013 contenti
1633 1939 1785 2015 credere
1811 1940 1896 2035 quia

725 2061 777 2135 sic
802 2065 869 2153 est,
893 2064 931 2134 et
962 2080 1036 2133 non
1065 2079 1279 2151 queramus
1311 2059 1503 2153 rationem,
1528 2060 1624 2135 sicut
1656 2060 1743 2135 tides
1776 2061 1897 2153 dictat,

724 2182 824 2276 quod
849 2181 947 2255 Deus
971 2187 1027 2254 est
1052 2179 1173 2253 trinus
1198 2186 1235 2253 et
1261 2201 1369 2273 unus,
1395 2186 1432 2255 et
1457 2180 1556 2275 quod
1581 2188 1637 2255 est
1662 2181 1809 2256 infinitae
1831 2203 1897 2277 po-

724 2302 857 2396 lentiae,
883 2307 922 2375 et
946 2300 1045 2393 quod
1061 2291 1098 2393 (²)
1128 2300 1292 2375 Christus
1317 2308 1373 2375 est
1398 2301 1496 2375 Deus
1521 2307 1559 2376 et
1584 2303 1707 2395 homo,
1733 2308 1770 2376 et
1799 2301 1896 2397 quod

722 2423 847 2498 anima
873 2421 1008 2515 patitur
1032 2420 1080 2494 ab
1106 2420 1192 2516 igne
1216 2440 1414 2515 corporeo:
1432 2441 1525 2517 ergo
1541 2421 1571 2495 si
1588 2442 1661 2495 non
1683 2422 1736 2496 vis
1756 2440 1895 2514 errare,

724 2544 798 2619 noli
822 2542 1055 2638 investigare,
1082 2541 1193 2616 crede
1218 2547 1256 2615 et
1287 2542 1481 2617 manduca.
1516 2542 1561 2615 Et
1593 2542 1786 2617 confirmat
1814 2542 1896 2616 Vir-

724 2664 832 2761 gilius
858 2664 957 2758 quod
980 2662 1072 2737 dixit
1094 2662 1229 2758 duplici
1254 2663 1407 2756 ratione,
1425 2684 1585 2758 quarum
1607 2664 1724 2759 prima
1751 2666 1895 2739 videtur

725 2785 830 2859 talis:
857 2784 887 2857 si
912 2783 1080 2878 possibile
1105 2790 1201 2858 esset
1225 2803 1292 2878 per
1318 2784 1496 2858 rationem
1530 2786 1729 2859 humanam
1757 2805 1896 2881 coguo-

725 2925 830 2981 scere
859 2903 1084 2978 divinitatem
1114 2910 1153 2978 et
1181 2904 1347 2979 ordinem
1378 2904 1474 2977 illius
1503 2905 1539 2978 in
1572 2905 1763 2998 creaturis,
1794 2912 1895 2981 certe

725 3027 795 3100 hoc
825 3024 1010 3099 novissent
1040 3024 1149 3119 primi
1181 3030 1352 3117 parentes
1382 3024 1527 3099 formati
1559 3046 1674 3099 manu
1704 3025 1824 3100 divina
1858 3026 1893 3099 in

725 3152 860 3220 natura
885 3145 1028 3239 integra
1053 3151 1091 3218 et
1115 3144 1291 3237 perlecta;
1318 3143 1381 3219 sed
1398 3144 1428 3217 si
1446 3144 1501 3217 isti
1519 3165 1592 3218 non
1611 3151 1810 3240 potuerunt
1829 3166 1895 3219 no-

723 3286 828 3340 scere
853 3264 988 3357 omnia,
1014 3271 1153 3357 quanto
1179 3263 1301 3337 minus
1320 3284 1385 3337 nos
1402 3264 1564 3358 concepti
1590 3264 1893 3359 incorruptione,

722 3385 795 3459 nati
822 3384 859 3459 in
885 3390 1035 3479 peccato
1060 3383 1155 3457 inter
1181 3389 1234 3458 tot
1259 3388 1431 3458 errores?
1457 3383 1549 3460 Dicit
1570 3404 1680 3480 ergo:
1699 3381 1771 3476 cdd,
1788 3385 1891 3479 idest,

722 3506 819 3601 quia,
844 3527 883 3579 re
902 3512 1046 3597 possuto
1071 3510 1187 3577 ooestc
1210 3506 1315 3577 aeder
1340 3511 1436 3593 tutto,
1461 3504 1562 3597 idest,
1581 3505 1674 3579 scire
1700 3512 1737 3579 et
1753 3525 1890 3601 cogno-

720 3648 825 3703 scere
861 3611 986 3701 omnia
1023 3626 1135 3718 clare,
1173 3628 1310 3697 auctio
1347 3646 1420 3697 aon
1456 3645 1520 3697 cro
1553 3628 1720 3718 parturir
1757 3631 1891 3718 Morta,

721 3747 808 3842 quia
828 3737 866 3839 (³)
898 3746 928 3820 si
961 3748 1061 3821 Deus
1095 3746 1269 3821 voluisset
1300 3745 1486 3825 hominem
1521 3747 1616 3821 scire
1647 3748 1786 3840 omnia,
1820 3768 1891 3822 non

721 3868 952 3963 precepisset
968 3867 1095 3962 primis
1107 3866 1320 3962 parentibus
1339 3886 1385 3941 ne
1401 3873 1592 3961 gustarent
1603 3866 1650 3940 de
1664 3866 1760 3963 ligno
1774 3868 1892 3941 scien-

721 3988 781 4062 tiae
810 3988 964 4061 boniet
995 3986 1093 4081 mali,
1126 3993 1164 4061 et
1196 3987 1224 4059 si
1260 3985 1309 4059 illi
1341 4006 1413 4059 non
1445 3993 1664 4081 gustassent,
1699 4008 1770 4060 non
1797 3996 1893 4062 esset

720 4107 934 4183 damnatum
961 4128 1079 4205 genus
1105 4109 1331 4199 humanum;
1349 4117 1386 4184 et
1403 4106 1432 4181 si
1453 4126 1571 4203 genus
1595 4108 1799 4182 humanum
1819 4130 1891 4183 non

720 4235 817 4304 esset
839 4228 1068 4323 damnatum,
1095 4250 1169 4303 non
1193 4228 1386 4322 oportebat
1411 4227 1595 4302 Christum
1627 4230 1724 4303 nasci
1758 4235 1794 4305 et
1820 4230 1891 4324 pati

719 4369 788 4446 pro
822 4350 1073 4446 redemptione
1104 4349 1201 4423 eius:
1238 4348 1320 4423 ideo
1352 4349 1399 4423 de
1428 4349 1547 4444 primo
1582 4349 1628 4423 ad
1660 4349 1833 4424 ultimum
1863 4350 1892 4423 si

719 4472 830 4545 homo
855 4471 1032 4565 potuisset
1055 4468 1301 4544 scireomnia
1326 4490 1398 4543 non
1424 4469 1616 4564 oportebat
1649 4470 1798 4543 Mariam
1826 4490 1890 4565 pa-

718 4610 802 4666 rere
828 4590 1023 4665 Christum.
1051 4589 1133 4664 Scio
1159 4596 1283 4663 tamen
1315 4589 1413 4683 quod
1444 4588 1557 4683 aliqui
1588 4588 1725 4663 iaciunt
1756 4590 1891 4663 instan-

778 4852 806 4913 (¹)
822 4852 853 4903 E.
870 4856 1017 4917 cognitione
1033 4855 1133 4904 scilieet
1149 4854 1182 4903 ab
1197 4852 1292 4903 ellectu
1308 4853 1368 4915 qula
1385 4852 1460 4903 video
1476 4850 1507 4901 ad
1524 4852 1641 4911 oculum,
1659 4858 1753 4901 lamen.

779 4926 808 4991 (Ἴ
823 4927 854 4977 ll.
870 4930 940 4992 quod
957 4930 1083 4980 &minus
1097 4929 1174 4979 lesus
1190 4927 1307 4978 Christus
1323 4928 1483 4990 Redemptor
1499 4933 1588 4977 nostor
1603 4928 1808 4990 pretiosissimus
1820 4928 1890 4978 Deus

717 5010 757 5055 cst
771 5010 798 5056 et
814 5007 903 5056 homo.

781 5082 809 5146 (⁸)
825 5089 879 5144 117,
895 5086 968 5149 quasi
984 5086 1065 5137 dicat:
1081 5088 1103 5135 si
1118 5086 1198 5135 Deus.
