4542 6842
661 924 733 993 abt
1025 933 1230 989 couumurr
1253 934 1472 989 ruberrumi

659 1078 787 1155 damas
812 1082 870 1157 rel
895 1099 1036 1176 cervos,
1054 1079 1117 1156 sed
1147 1100 1266 1175 ursos,
1290 1100 1399 1175 apros
1421 1087 1461 1155 et
1486 1079 1622 1173 teones,
1653 1085 1692 1153 et
1723 1097 1834 1152 erer-

660 1200 766 1277 uehat
790 1220 879 1275 eum
904 1198 1067 1276 inomni
1092 1220 1231 1297 genere
1260 1219 1405 1296 pugne
1432 1198 1504 1275 Sed
1533 1198 1681 1273 domina
1711 1196 1834 1273 Tbetir

660 1320 896 1414 presentans
921 1320 1089 1396 Paridem
1115 1320 1225 1395 ivisse
1247 1320 1295 1395 ad
1322 1319 1533 1415 rapiendam
1559 1318 1747 1413 Helenam,
1769 1339 1835 1392 su-

660 1439 802 1535 spicans
816 1435 853 1534 (¹)
867 1440 982 1517 lilium
995 1440 1171 1516 Achillem
1187 1440 1410 1515 moriturum
1424 1438 1521 1534 apud
1534 1438 1695 1533 Troiam,
1706 1437 1831 1513 voleus

661 1560 813 1639 obviare
828 1563 915 1656 lato,
931 1561 1097 1637 decrerit
1114 1560 1314 1637 transferre
1331 1580 1418 1635 eum
1436 1558 1483 1634 ad
1499 1559 1622 1633 locum
1643 1558 1830 1635 tutiorem.

660 1682 818 1758 locent
843 1703 934 1780 ergo
955 1682 1004 1758 ad
1030 1682 1183 1757 domum
1209 1681 1387 1776 Chironis,
1413 1686 1451 1755 et
1475 1700 1562 1755 ecee
1592 1678 1746 1755 Achilles
1770 1699 1833 1756 re-

661 1801 794 1877 dibata
807 1802 1001 1879 venatione
1021 1822 1107 1877 cum
1126 1801 1244 1879 multo
1260 1800 1397 1875 sudore
1413 1807 1452 1874 et
1468 1799 1632 1895 pulvere,
1651 1806 1688 1873 et
1708 1806 1833 1875 tamen
1864 1896 1868 1905 ι

532 1978 534 1982 .
662 1920 757 1996 inter
782 1922 926 1999 bborer
950 1928 1032 1999 erat
1056 1921 1171 1996 dulcis
1195 1928 1347 2015 aspectu
1375 1940 1463 1995 cum
1493 1918 1587 1994 lario
1620 1918 1740 2012 nivea
1768 1939 1835 1995 co-

661 2040 741 2117 lore
765 2061 964 2138 purpureo,
982 2040 1117 2135 capillis
1133 2040 1248 2134 llavis,
1261 2030 1425 2132 oculis(²)
1446 2038 1682 2133 radiantibus,
1696 2058 1834 2133 appor-

662 2166 743 2235 tans
767 2180 894 2237 seoum
918 2159 1013 2236 duos
1038 2160 1180 2235 catulos
1204 2158 1380 2253 leoninos,
1407 2158 1542 2253 quibus
1572 2158 1731 2233 acuebat
1763 2178 1834 2232 un·

662 2302 778 2377 gues3
805 2282 868 2357 sed
887 2280 963 2357 visa
982 2288 1113 2371 matre,
1125 2280 1277 2355 abiectis
1300 2279 1488 2374 leunculis,
1506 2278 1582 2354 ruit
1597 2279 1633 2353 in
1651 2279 1777 2353 oscula
1793 2284 1836 2354 et

661 2404 864 2498 amplexus.
885 2400 1043 2475 Audiens
1064 2421 1155 2497 ergo
1172 2401 1240 2476 dea
1258 2400 1392 2494 Tbetis,
1410 2399 1508 2494 quod
1527 2419 1592 2473 rex
1610 2398 1850 2495 Lycomedes

663 2522 841 2617 regnabat
867 2522 902 2597 in
929 2520 1047 2596 insula
1074 2520 1199 2617 Scyro,
1226 2540 1310 2615 quae
1340 2525 1396 2595 est
1424 2539 1501 2593 uua
1530 2518 1577 2595 de
1607 2516 1835 2615 Cycladibus,

663 2640 863 2735 asportarit
889 2640 1061 2716 Achillem
1078 2630 1115 2732 (³)
1136 2640 1287 2714 omnino
1303 2639 1462 2735 sopitum
1480 2637 1526 2713 ad
1546 2638 1659 2732 illam,
1678 2637 1740 2713 ubi
1760 2638 1837 2732 ipre

664 2760 840 2858 evigilans
864 2782 886 2836 a
912 2781 1041 2835 somno
1060 2760 1282 2854 stupetactus
1301 2758 1515 2854 respiciebat
1531 2778 1666 2833 noram
1684 2764 1836 2853 terram,

665 2901 800 2956 novam
825 2901 963 2976 aquam
989 2887 1027 2957 et
1049 2880 1175 2956 omnia
1200 2900 1308 2974 nova,
1328 2879 1378 2955 ila
1395 2878 1494 2973 quod
1515 2878 1704 2953 dubitabat
1719 2900 1837 2975 agno-

666 3020 770 3077 scere
797 3009 966 3077 matrem.
991 3001 1044 3076 lbi
1071 3011 1191 3078 mater
1215 2999 1331 3075 induit
1355 3020 1444 3077 eum
1463 2998 1525 3074 diu
1545 3006 1778 3075 recusantem
1798 3007 1837 3075 et

668 3121 978 3197 verecundantem
1005 3120 1170 3195 habitum
1197 3120 1425 3196 loemiueum.
1457 3120 1550 3194 Nam
1579 3126 1668 3194 tunc
1697 3142 1722 3195 a
1746 3140 1836 3196 casu

665 3238 747 3314 liliae
773 3240 870 3337 regis
896 3240 1145 3317 veneruntad
1170 3241 1362 3335 Templum
1390 3239 1544 3315 Palladis
1569 3239 1667 3334 quod
1692 3248 1774 3315 erat
1797 3239 1836 3316 iu

664 3361 771 3437 litore
807 3358 933 3457 maria,
972 3360 1035 3435 ubi
1071 3360 1330 3437 celebrabatur
1372 3361 1531 3455 lertum3
1568 3368 1675 3436 erant
1709 3367 1835 3437 autem

666 3488 805 3578 septem
845 3502 1015 3577 numero,
1042 3502 1203 3576 quarum
1241 3482 1361 3557 maior
1397 3483 1600 3559 vocabatur
1637 3482 1835 3576 Deidamia,

665 3605 826 3679 *omues
852 3602 997 3677 eximiae
1022 3603 1153 3678 lormae
1177 3602 1212 3679 in
1234 3622 1311 3677 uuo
1330 3602 1552 3696 natumsed
1569 3590 1835 3694 Deidamia*l‘)

667 3730 819 3799 ceteras
844 3721 1087 3818 pulcritudine
1112 3721 1330 3817 excellebat3
1356 3723 1538 3819 naariae,
1559 3723 1620 3798 ille
1642 3713 1835 3813 crudusl⁸l

665 3864 759 3941 puer
784 3844 957 3919 continuo
983 3842 1166 3918 contraxit
1187 3864 1326 3920 norum
1344 3842 1471 3940 ignem
1487 3844 1624 3919 amorio
1644 3844 1681 3918 in
1697 3864 1781 3919 ossa
1800 3850 1839 3919 et

666 3986 804 4041 norum
823 3966 997 4041 ruborem
1016 3964 1052 4037 in
1070 3963 1220 4058 laciem3
1236 3970 1276 4039 et
1295 3962 1362 4037 nisi
1380 3962 1501 4060 pudor
1520 3974 1559 4041 et
1571 3954 1610 4057 (⁰)
1629 3964 1838 4041 reverentia

668 4085 794 4161 nutris
819 4084 1042 4161 detenuisset
1054 4073 1092 4176 (⁷)
1111 4104 1212 4177 euru,
1229 4084 1412 4159 turbasset
1428 4084 1561 4159 testum
1580 4086 1839 4162 nonobstante

668 4206 777 4281 turba
802 4224 937 4301 magna
963 4204 1214 4280 multitudinis.
1241 4202 1301 4279 Sic
1331 4224 1422 4302 ergo
1452 4204 1606 4281 faciliter
1635 4206 1754 4283 bolus
1780 4212 1839 4282 eet

669 4333 883 4401 mansuetus
899 4331 937 4401 et
957 4325 1121 4421 permisit
1138 4346 1178 4400 se
1195 4324 1319 4401 vestiri
1338 4333 1377 4401 et
1392 4326 1498 4421 poliri
1519 4347 1624 4402 more
1643 4326 1838 4422 loemineo3

666 4452 705 4523 et
720 4452 840 4521 mater
856 4444 1047 4523 admonuit
1064 4466 1166 4539 euna,
1184 4445 1343 4539 qualiter
1359 4446 1517 4523 debebat
1533 4467 1574 4522 se
1593 4466 1727 4544 gerere
1744 4448 1839 4523 inter

667 4566 851 4661 moderas,
877 4574 915 4643 et
930 4556 965 4660 (⁸)
994 4566 1141 4643 tradidit
1166 4567 1269 4641 illum
1296 4567 1374 4665 regi
1401 4568 1596 4665 lycomedi
1617 4588 1839 4645 conseruan-

729 4828 756 4965 ἑξ
772 4830 979 4969 mm
986 4829 1062 4959 (Ἣ,
1068 4830 1214 4961 'affin
1228 4922 1276 4959 m
1289 4908 1402 4972 upana
1417 4907 1487 4973 mu
1501 4907 1562 4961 nra
1577 4909 1673 4971 oua

730 4981 757 5042 (¹)
775 4984 829 5043 llr,
845 4983 916 5032 rudis
934 4997 1006 5047 puer.
1279 4984 1306 5047 (⁸)
1324 4986 1354 5036 ll.
1369 4991 1397 5037 et
1412 4988 1567 5039 verecundia
1582 4988 1682 5040 mule.

731 5056 758 5119 (i)
774 5055 799 5107 S.
816 5059 976 5111 detraxisset.
1280 5061 1307 5126 (·)
1323 5063 1349 5113 s.
1365 5068 1393 5113 et
1407 5064 1442 5113 tu
1458 5063 1528 5114 dedit
1543 5065 1628 5117 illan.
