4542 6842
729 964 867 1022 emaus
892 965 1051 1021 DEGfflUS
1075 965 1251 1032 eudorus.
1501 955 1572 1022 397

255 1125 258 1134 ’
400 1129 506 1186 suam
534 1110 678 1184 nullum
704 1111 826 1186 virum
853 1110 1088 1206 singulariter
1109 1109 1319 1186 nominarit.
1337 1108 1511 1185 Similiter
1535 1111 1573 1186 in

400 1228 560 1324 capitulo
585 1230 665 1304 lllll
696 1230 904 1306 describens
935 1230 1205 1325 Lombardiam,
1231 1231 1463 1306 solummodo
1500 1238 1576 1308 tres

401 1350 617 1444 umectabat
642 1371 664 1425 a
690 1352 829 1448 regula.
857 1351 933 1446 Ego
958 1371 1048 1426 vero
1074 1351 1218 1424 nullum
1252 1350 1374 1426 inveni
1407 1373 1576 1446 unquam·

400 1475 570 1544 sutorem
597 1469 803 1564 antiquum,
829 1471 891 1564 qui
919 1471 1014 1546 banc
1034 1471 1260 1565 provinciam
1286 1470 1324 1544 in
1349 1470 1473 1565 aliquo
1493 1472 1574 1547 cul·

401 1589 552 1684 paverit.
579 1591 697 1666 immo
722 1590 959 1666 Romandiola
989 1591 1076 1664 olim
1107 1597 1236 1665 vocata
1262 1597 1319 1666 est
1348 1591 1573 1670 Flaminino

403 1709 607 1803 inequentia
633 1716 670 1786 et
695 1710 927 1786 multitudino
952 1711 1173 1804 Fluminum,
1193 1709 1295 1804 idest⁷
1321 1710 1573 1806 sacerdotum3

403 1835 528 1923 postea
545 1849 635 1906 vero
652 1829 901 1924 Romandioln,
919 1831 1025 1924 quasi
1043 1831 1173 1904 bortus
1190 1849 1377 1904 romanus.
1396 1829 1467 1904 δῶ
1485 1829 1574 1922 quid

402 1948 508 2044 plura
534 1950 691 2042 loquor?
716 1970 803 2024 cum
836 1951 936 2024 nulla
968 1951 1046 2026 lere
1077 1950 1273 2046 perseius
1306 1949 1415 2026 bodie
1443 1952 1576 2025 dorent

403 2074 536 2164 preter
561 2069 778 2143 Ariminum.
805 2069 913 2146 Certe
946 2071 1063 2166 magis
1089 2091 1201 2165 quum
1235 2071 1294 2145 bic
1325 2069 1575 2146 romandiolnr

401 2188 539 2283 lecerit
557 2188 802 2264 miserabilem
829 2195 964 2264 statum
991 2190 1085 2264 illius
1111 2189 1340 2284 deplorarem
1370 2188 1437 2264 nisi
1453 2183 1490 2282 (¹)
1508 2189 1575 2264 de·

403 2310 532 2384 solatio
551 2309 630 2404 jam
658 2309 845 2384 transisset
869 2310 915 2384 ad
941 2317 1093 2384 caeteras
1119 2310 1196 2384 lere
1220 2309 1424 2406 provincias
1450 2309 1573 2384 ltaliae.

400 2469 450 2490 -·
463 2435 535 2502 lla.
561 2429 626 2502 llic
651 2428 768 2504 Guido
787 2430 844 2504 del
862 2431 963 2505 Duce
981 2430 1169 2526 complens
1185 2451 1292 2504 suam
1311 2431 1575 2522 narrationem,

288 2579 290 2582 ·
401 2551 562 2626 licentiat
585 2550 752 2644 Dantem,
777 2551 921 2626 dicens:
948 2572 1007 2623 ma
1037 2554 1093 2624 oa'
1107 2553 1179 2643 oio,
1210 2557 1331 2643 Tusco,
1356 2553 1417 2624 circ
1440 2554 1489 2624 mi
1512 2553 1576 2623 dc*

403 2675 482 2746 totto
506 2673 601 2744 omni
630 2677 756 2766 boppo
783 2665 844 2763 ptri
874 2673 913 2744 dt
938 2659 1094 2764 manner
1119 2664 1184 2744 'circ
1211 2673 1250 2744 di
1268 2673 1443 2764 porlnre;
1468 2669 1574 2763 quasi

403 2793 515 2868 dicat:
534 2790 619 2884 quia
638 2791 721 2866 volo
738 2791 858 2886 potius
877 2791 997 2866 redire
1013 2792 1059 2866 ad
1077 2790 1297 2886 plorandum
1309 2796 1458 2886 peccata
1477 2810 1574 2884 mee.

404 2931 517 3006 quarn
535 2911 727 3005 deplorare
743 2917 893 3006 peccota
907 2911 1121 3004 viventium,
1136 2911 1223 3005 quia
1234 2911 1370 3006 justius
1387 2916 1458 3003 est;
1477 2909 1574 2984 unde

403 3031 507 3106 dicit:
541 3024 572 3104 si
601 3033 707 3104 m'lru
737 3038 860 3104 nostro
894 3034 1037 3122 racina,
1070 3032 1172 3125 idest,
1200 3031 1351 3127 justitia,
1382 3037 1504 3104 strettc
1537 3032 1575 3104 to

404 3161 525 3243 mmte,
551 3173 664 3246 quam
692 3151 799 3226 nimis
823 3152 1054 3248 largareranr
1082 3153 1126 3226 ad
1153 3151 1378 3247 loquendum
1404 3152 1452 3226 de
1471 3151 1574 3226 iactis

402 3272 541 3365 alionis,
567 3293 652 3348 cum
678 3291 762 3346 mea
788 3271 947 3346 strictius
968 3276 1120 3367 tangant
1137 3293 1208 3346 me.
1227 3273 1272 3345 Et
1287 3278 1411 3346 tamen
1432 3272 1500 3345 iste
1516 3271 1574 3344 in·

403 3390 509 3465 vidus
533 3412 580 3466 ex
606 3391 758 3466 caritate
783 3395 821 3466 et
846 3390 978 3485 pietate
994 3391 1122 3485 patriae
1139 3391 1225 3466 iacit
1238 3383 1274 3484 (¹)
1293 3392 1401 3466 istam
1424 3390 1572 3486 longam

402 3512 592 3605 querelam
618 3510 666 3585 ad
694 3509 987 3586 emendationem
1019 3530 1188 3605 suorum,
1214 3516 1258 3585 ut
1289 3511 1420 3586 melius
1452 3510 1576 3586 decla·

403 3638 507 3706 ratur
533 3631 691 3726 capitulo
717 3631 896 3726 sequenti.

477 3755 546 3826 Not
568 3773 745 3844 capetano.
772 3753 842 3826 lsta
867 3756 923 3826 est
948 3757 1080 3845 quarta
1106 3757 1144 3826 et
1168 3751 1296 3826 ultima
1322 3773 1407 3847 pars
1437 3753 1474 3825 in
1499 3774 1575 3846 que

404 3880 510 3970 poeta
538 3879 660 3948 noster
684 3879 765 3968 post
790 3873 937 3968 longam
955 3871 1216 3969 digressionem
1234 3873 1312 3970 agit
1327 3879 1365 3948 et
1381 3879 1514 3948 tractat
1528 3873 1575 3948 de

404 3995 518 4068 lroeno
544 3993 687 4068 invidiae
711 3994 817 4088 juxta
848 3993 1127 4087 promissionem
1160 3994 1331 4088 superius
1356 3994 1512 4087 iactam3
1537 4000 1575 4070 et

404 4111 524 4208 nmmo
549 4113 734 4208 premittit
760 4133 945 4188 recessum
973 4134 1083 4186 suum
1109 4113 1157 4186 ab
1182 4113 1250 4186 illls
1274 4113 1419 4189 duobus
1443 4114 1575 4208 spiriti-

403 4233 474 4306 bus
498 4233 545 4307 de
568 4232 816 4308 liornaudiola.
843 4233 945 4307 Unde
969 4233 1073 4308 dicit:
1102 4235 1171 4306 Nor·
1193 4253 1361 4326 capenam
1382 4235 1444 4306 ote
1465 4237 1576 4325 nuath

403 4355 519 4426 nume
542 4373 639 4442 core,
665 4351 766 4445 idest,
793 4353 1003 4446 caritativae,
1021 4357 1053 4426 ct
1068 4355 1226 4426 sentam
1249 4356 1383 4444 codo,
1405 4354 1576 4448 quemvis

404 4492 477 4546 non
503 4471 668 4546 viderent
693 4493 779 4565 nos3
802 4465 890 4564 perd
921 4475 1066 4546 tacendo
1097 4477 1248 4566 sacedon
1278 4477 1341 4546 noi
1372 4476 1431 4546 dcl
1459 4477 1576 4548 cornia

403 4593 594 4684 confidere,
621 4591 725 4684 quusi
750 4591 864 4666 dicat:
891 4592 1060 4685 quumvis
1087 4592 1174 4666 nibil
1203 4593 1369 4668 dicerent
1398 4593 1513 4687 nobis,
1539 4597 1576 4669 ot

404 4733 471 4788 nos
496 4711 560 4805 eis,
578 4717 701 4786 tumen
718 4711 863 4786 ibamus
883 4731 969 4786 curn
990 4711 1122 4786 tiducia
1143 4713 1336 4790 credentes
1360 4713 1459 4806 quod
1479 4713 1575 4788 bene

403 4831 559 4926 ibamus,
585 4837 622 4906 et
647 4833 745 4926 quod
771 4831 840 4906 illae
866 4853 911 4907 ex
930 4833 1083 4907 caritate
1104 4834 1331 4908 monuissent
1349 4853 1415 4908 nos
1431 4833 1478 4908 de
1495 4854 1575 4908 me·

467 5095 494 5156 (¹)
510 5095 564 5154 11⁷,
581 5093 625 5142 ubl
642 5092 774 5144 desolatio.
1024 5091 1051 5156 (¹)
1068 5093 1098 5143 E.
1115 5092 1184 5144 lecit.
