4542 6842
756 988 895 1045 usurus
919 990 1119 1045 manaruus.
1456 977 1527 1045 tto

355 1131 510 1207 Sciarrae
525 1123 578 1226 (¹);
593 1132 662 1226 vel,
677 1140 719 1205 ut
735 1134 846 1227 aliqui
866 1132 1003 1227 dicunt,
1018 1134 1112 1207 inter
1129 1133 1341 1227 cardinales,
1355 1134 1443 1229 quia
1461 1155 1530 1208 vo·

356 1251 435 1327 lunt
460 1251 559 1345 quod
582 1251 714 1345 aliquis
739 1252 930 1327 cardinalis
955 1253 1066 1327 luerit
1091 1254 1258 1327 conscius
1289 1253 1399 1327 huius
1430 1252 1526 1328 lacti.

356 1372 522 1445 Mortuus
547 1376 673 1445 autem
709 1378 764 1447 est
797 1371 1002 1447 Boniiacius
1030 1372 1067 1446 in
1096 1372 1271 1465 MCCClll,
1296 1373 1356 1448 die
1384 1372 1527 1447 duode—

356 1490 452 1565 cima
477 1491 647 1584 octobris,
665 1496 702 1565 et
717 1492 882 1587 sepultus
907 1491 945 1565 in
964 1498 1090 1566 sancto
1110 1492 1291 1568 Petro·
1305 1495 1442 1583 Vappio.
1464 1490 1531 1565 llic

359 1611 486 1686 ultimo
511 1612 617 1707 llugo
647 1611 878 1687 subannectit
903 1611 1003 1687 aliud
1036 1632 1212 1707 magnum
1246 1612 1398 1706 malum,
1430 1610 1531 1706 quod

311 1722 312 1725 ‘
359 1731 442 1807 lecit
468 1731 564 1806 idem
589 1732 773 1829 Philippus
799 1739 927 1808 contra
953 1732 1131 1825 quosdam
1158 1732 1320 1806 fautores
1344 1731 1528 1807 Bonilacii.

358 1854 402 1926 llt
426 1853 471 1927 ad
497 1851 730 1946 aperiendam
756 1852 862 1927 istam
889 1852 1046 1944 literam,
1072 1871 1158 1947 quae
1184 1852 1307 1925 multis
1332 1852 1456 1926 clausa
1475 1851 1530 1925 vi-

358 1972 477 2063 detur,
506 1977 652 2065 oportet
682 1971 777 2047 scire
806 1971 995 2047 historiam
1028 1970 1209 2046 memoria
1238 1971 1399 2068 dignam,
1425 1970 1531 2045 cuius

358 2093 436 2166 haec
467 2098 522 2165 est
550 2111 709 2165 summa.
739 2091 894 2180 Quidam
921 2090 1090 2185 Iacobus,
1117 2091 1340 2189 Burgundus
1376 2091 1530 2188 origine,

356 2230 403 2285 ex
428 2210 585 2285 dominis
610 2210 714 2285 hlolai
740 2212 897 2307 genitus,
910 2204 1058 2306 juvenis
1083 2212 1284 2306 animosus,
1300 2232 1386 2287 cum
1415 2212 1531 2285 irater

358 2329 623 2427 primogenitus
648 2330 851 2405 secuudum
885 2331 1188 2406 consuetudinem
1221 2332 1389 2427 gallicam
1416 2330 1531 2404 habe·
1598 2341 1601 2349 ‘

358 2457 415 2525 ret
439 2450 642 2525 dominium
668 2452 848 2545 omniurn,
865 2451 1019 2526 contulit
1045 2470 1085 2525 se
1109 2453 1157 2526 ad
1183 2452 1347 2527 militiam
1374 2452 1530 2547 templa-

359 2570 513 2664 riorum,
532 2571 596 2664 qui
621 2577 726 2646 erant
751 2570 873 2667 magni
904 2570 1045 2667 pugiles
1076 2569 1177 2645 fidei:
1210 2571 1272 2644 nbi
1302 2572 1420 2646 lactus
1449 2592 1532 2645 ma·

359 2689 472 2787 gister
484 2690 579 2764 illins
592 2690 727 2765 ordinis
742 2689 908 2784 potentia,
922 2690 1075 2765 incurrit
1090 2690 1215 2766 odium
1230 2690 1380 2785 Philippi
1397 2689 1531 2783 Pulcri,

360 2809 466 2883 ouius
491 2817 572 2885 erat
597 2816 797 2905 compater,
823 2810 910 2903 qnia
941 2808 1135 2885 videbatur
1166 2809 1297 2885 lavisse
1326 2809 1531 2901 Bonilacio;

323 2914 325 2917 ⁵
360 2930 424 3005 sed
449 2931 573 3005 verius
598 2931 646 3004 ob
671 2931 875 3005 avaritiam.
901 2931 1053 3004 Factum
1081 2938 1136 3005 est
1168 2950 1271 3025 ergo,
1298 2930 1533 3025 permittente

360 3048 549 3125 Clemente
564 3051 598 3123 *ll
624 3049 687 3143 qui
714 3050 931 3144 promiserat
953 3049 1115 3143 Philippo
1131 3049 1417 3124 destructionem
1437 3055 1533 3124 tem·

361 3169 576 3265 plariorum,
611 3170 708 3265 quod
745 3170 959 3265 principales
992 3169 1273 3264 templariorum
1307 3170 1437 3245 eadem
1474 3170 1534 3245 die

361 3290 456 3386 capti
482 3298 568 3363 sunt
593 3291 639 3365 de
661 3291 833 3365 mandato
849 3289 1004 3385 Philippi
1017 3310 1083 3385 per
1100 3309 1212 3363 omne
1229 3310 1387 3385 regnum
1408 3310 1535 3381 snum,

362 3417 399 3485 et
424 3429 556 3485 eorum
583 3412 730 3506 templa,
756 3411 917 3503 castella,
943 3410 1118 3502 thesauri,
1136 3419 1173 3485 et
1192 3408 1317 3483 omnia
1341 3417 1532 3503 occupem.

361 3531 501 3618 Quibus
526 3531 644 3605 ductis
669 3531 828 3604 Parisios
855 3529 971 3605 multa
995 3529 1149 3603 crimina
1171 3530 1314 3604 obieeta
1334 3535 1431 3622 sunt,
1449 3550 1535 3623 qnae

317 3628 323 3641 ’
362 3650 487 3725 omnia
513 3650 562 3723 illi
586 3657 867 3745 perseveranter
898 3650 1090 3745 negabant,
1116 3649 1290 3742 dicentes,
1315 3670 1355 3724 se
1387 3656 1535 3723 contra·

247 3810 248 3813 κ
365 3771 462 3845 rium
489 3769 707 3865 probaturos
733 3768 802 3842 sub
821 3769 923 3863 justo
943 3768 1080 3864 judice,
1110 3768 1140 3841 si
1174 3768 1337 3843 daretur.
1367 3769 1445 3843 ilex
1480 3769 1535 3841 ira

363 3890 507 3984 ardens,
535 3888 720 3965 mandavit
737 3896 778 3961 ut
796 3888 987 3963 tormentis
1010 3894 1308 3982 extorqueretur,
1327 3890 1425 3982 quod
1443 3888 1536 3964 adu·

365 4010 558 4085 lotionibus
585 4030 657 4083 non
683 4014 842 4103 poterat3
868 4007 931 4082 sed
957 4028 1043 4081 cum
1070 4008 1157 4081 nihil
1187 4009 1392 4102 proliceret,
1420 4007 1537 4104 magi·

364 4137 441 4203 stro
466 4149 554 4203 cum
578 4128 696 4203 tribus
720 4126 826 4201 sociis
851 4133 1051 4220 reservato,
1077 4125 1202 4201 caeteri
1226 4128 1345 4222 palam
1372 4127 1535 4202 damnati

365 4255 450 4324 sunt
476 4248 653 4343 incendio,
679 4248 708 4322 si
734 4248 771 4321 in
797 4247 980 4342 proposito
1006 4254 1155 4321 starent.
1184 4247 1296 4321 Erant
1317 4258 1448 4321 omnes
1473 4268 1536 4321 ro·

365 4369 461 4445 busti
482 4370 640 4464 juvenes
666 4374 703 4443 et
728 4367 899 4443 animosi:
926 4366 1008 4440 ideo
1025 4365 1197 4440 omnibns
1214 4366 1368 4463 alligatis
1384 4365 1536 4463 singulis

365 4490 455 4585 palis
480 4488 572 4584 iguis
597 4495 653 4562 est
677 4487 881 4581 appositus:
909 4492 946 4560 et
971 4506 1141 4580 praecone
1158 4487 1392 4580 promittente
1412 4486 1536 4581 impu·

366 4608 517 4683 nitatem
544 4614 581 4681 et
606 4607 857 4682 liberationem
878 4604 1146 4697 confitentibus,
1164 4605 1424 4699 nulluspotuit
1439 4604 1537 4679 ilecti

367 4736 511 4803 terrore
535 4728 594 4802 vel
618 4746 740 4822 prece,
768 4731 808 4797 ut
832 4724 1004 4799 cederent
1029 4722 1123 4797 irato
1147 4724 1239 4819 regi,
1256 4732 1294 4797 et
1309 4724 1539 4799 confessione

367 4855 561 4943 parcerent
586 4847 670 4922 vita
696 4867 783 4920 suae.
811 4844 881 4919 Sed
909 4865 994 4919 cum
1021 4864 1151 4919 omnes
1180 4844 1410 4919 concorditer
1439 4864 1539 4940 saepe

430 5104 458 5169 (¹)
475 5106 506 5155 Ε.
523 5106 616 5156 Sarra.
633 5120 636 5125 ·
