4542 6842
691 956 761 1025 sal
1050 968 1256 1025 cousmuu
1280 968 1501 1024 uuauuroau

543 1112 547 1122 '
688 1135 754 1188 rua
777 1115 901 1206 dorca,
918 1112 1020 1207 idest,
1041 1132 1262 1209 promovere
1286 1113 1475 1210 ingenium
1495 1133 1621 1207 suum,
1646 1112 1745 1206 quod
1769 1111 1862 1186 assi-

690 1234 838 1307 milatur
863 1233 959 1327 navi,
984 1239 1026 1306 ut
1051 1232 1166 1328 patuit
1191 1232 1228 1307 iu
1255 1232 1430 1328 principio
1447 1234 1555 1328 primi
1576 1232 1725 1327 capituli
1750 1231 1862 1305 huius

690 1353 911 1451 purgatorii3
945 1360 1167 1447 quumwcpue
1191 1348 1278 1446 pud,
1316 1354 1421 1448 quasi
1452 1354 1571 1429 dicat:
1607 1354 1690 1427 totis
1721 1352 1860 1428 viribus

690 1474 833 1571 ingenii,
859 1477 930 1567 put,
964 1472 1054 1549 idest
1084 1473 1122 1547 in
1148 1473 1216 1547 isto
1245 1474 1326 1548 loco
1352 1474 1564 1567 procelloso,
1589 1495 1656 1546 con
1680 1476 1718 1546 tu
1742 1475 1860 1547 velue

687 1600 739 1671 co'
763 1598 864 1689 remi,
896 1596 998 1689 idest,
1024 1615 1111 1669 cum
1140 1594 1387 1688 speculatione
1419 1594 1549 1669 maiori
1578 1600 1616 1670 et
1643 1596 1788 1669 minori.
1814 1594 1858 1668 Et

634 1802 646 1811 ,
687 1718 745 1792 hic
771 1722 856 1792 nota
873 1715 972 1810 quod
990 1714 1203 1809 metaphora
1221 1714 1324 1789 navis
1353 1720 1409 1789 est
1436 1714 1683 1810 propriissima
1704 1716 1752 1789 ad
1768 1736 1854 1810 pro·

687 1837 865 1933 positum;
891 1835 983 1910 sicut
1013 1835 1111 1909 euim
1145 1839 1295 1909 nauum
1325 1840 1470 1929 oportet
1501 1834 1553 1907 uti
1585 1835 1686 1909 omui
1714 1841 1796 1909 arte
1820 1840 1858 1909 et

688 1957 832 2055 ingenio
856 1957 902 2031 ad
922 1954 1123 2031 eruendam
1151 1954 1275 2028 navim
1304 1952 1351 2028 de
1381 1955 1463 2028 loco
1491 1954 1696 2049 periculoso
1727 1953 1857 2054 neriu-

687 2083 813 2152 currat
841 2076 1045 2171 scopulum,
1080 2074 1129 2151 ita
1162 2080 1307 2169 oportet
1340 2094 1440 2148 nunc
1473 2080 1618 2169 poetam
1657 2075 1778 2149 lacere
1809 2074 1855 2149 ad

687 2196 911 2273 evadendam
946 2195 1108 2270 animam
1144 2216 1167 2269 a
1200 2215 1291 2269 saxo
1324 2194 1569 2289 superborum
1602 2214 1651 2270 ne
1692 2194 1858 2269 incurrat

687 2317 931 2413 naufragium.
959 2316 1003 2389 lit
1027 2314 1184 2391 ostendit
1209 2314 1361 2389 modum
1382 2313 1576 2410 animandi
1592 2314 1699 2389 istam
1717 2336 1854 2410 aquam

687 2458 854 2511 amaram
870 2442 1022 2533 tangens
1039 2437 1175 2510 bonam
1191 2434 1461 2530 dispositionem
1479 2429 1744 2529 utriusquol¹);
1759 2435 1857 2510 unde

690 2558 791 2633 dicit:
817 2561 853 2631 io
881 2560 926 2630 m’
939 2578 1003 2630 ern
1037 2577 1167 2647 morso,
1192 2556 1299 2651 Juxta
1325 2561 1550 2650 praeceptum
1574 2554 1767 2653 Virgilio
1800 2576 1856 2629 re-

689 2682 773 2771 puto
793 2682 993 2771 polemon,
1026 2676 1155 2752 avidus
1190 2696 1296 2751 novae
1326 2676 1390 2771 rei,
1423 2680 1558 2769 ipusrt
1585 2678 1644 2750 det
1664 2680 1735 2751 mio
1759 2698 1855 2750 ntue-

689 2807 777 2889 stro,
808 2798 910 2892 idest,
942 2796 1093 2894 vestigia
1125 2795 1274 2892 Virgilii,
1303 2804 1336 2870 et
1363 2796 1524 2869 oudidue
1551 2786 1855 2887 penestrinam

686 2920 773 2991 com'
786 2939 933 2992 navam
958 2920 1114 3009 tapetem,
1131 2916 1208 3011 ipse
1232 2935 1299 3011 per
1323 2936 1365 2989 se
1388 2921 1432 2989 et·
1451 2934 1522 3011 ego
1548 2934 1613 3010 per
1637 2936 1745 3011 eum3
1767 2920 1855 2991 etei

686 3042 734 3111 mi
757 3040 871 3113 disse:
896 3040 990 3129 volpi
1012 3040 1064 3129 pli
1093 3038 1190 3110 occlti
1212 3038 1249 3109 in
1272 3037 1365 3127 piue,
1399 3035 1505 3130 quasi
1532 3034 1651 3110 dicat:
1678 3043 1854 3111 mavorte

684 3158 967 3253 speculationem
1003 3164 1117 3249 tuam,
1150 3163 1189 3231 et
1217 3155 1289 3253 lige
1321 3176 1467 3229 remum
1501 3156 1538 3228 in
1570 3176 1719 3249 aquam,
1750 3156 1853 3249 idest,

684 3279 817 3375 stylum
836 3284 942 3350 tuum
965 3277 1002 3351 in
1024 3276 1216 3351 materiam
1234 3295 1401 3350 amaram
1420 3274 1574 3349 istorum
1592 3276 1852 3371 superborum,

685 3404 726 3471 ut
751 3396 875 3472 rideas
900 3396 1091 3493 naufragia
1117 3416 1262 3489 eorum,
1280 3400 1318 3470 et
1334 3394 1485 3490 evadas3
1506 3395 1606 3471 uude
1629 3394 1735 3469 dicit:
1761 3396 1854 3468 deon

684 3520 709 3591 ti
730 3507 832 3607 sard,
856 3537 880 3590 o
905 3515 1074 3611 superbe,
1102 3518 1206 3589 aeder
1235 3518 1270 3588 lo
1301 3518 1380 3589 letto
1405 3518 1492 3589 delle
1511 3517 1632 3607 munte
1655 3523 1723 3606 tue,
1749 3514 1852 3609 idest,

682 3636 914 3712 considerare
939 3636 1037 3710 viam
1062 3636 1309 3731 superborum
1336 3636 1522 3729 quomodo
1540 3636 1664 3731 jacent
1680 3636 1851 3731 prostrati

682 3778 748 3855 per
772 3766 924 3852 terram,
954 3780 1022 3851 per
1052 3742 1227 3848 ulteppiur
1252 3760 1288 3831 tc
1312 3759 1384 3847 ota,
1410 3756 1512 3851 idest,
1537 3756 1584 3830 ad
1608 3756 1851 3833 alleviandam

683 3878 778 3955 viam
805 3899 889 3973 quae
915 3884 995 3954 erat
1019 3878 1092 3953 alta
1117 3881 1156 3951 et
1180 3876 1371 3951 laboriosa.
1390 3876 1434 3949 Et
1450 3876 1508 3950 hic
1525 3876 1644 3950 oritur
1660 3875 1850 3969 dubitatio,

680 4020 797 4094 quare
822 4004 930 4094 pocta
956 4004 1079 4073 noster
1104 3996 1274 4090 superius
1295 3988 1450 4089 findite)
1468 3997 1637 4091 exempla
1654 3996 1850 4071 humilium

680 4140 760 4195 esse
784 4121 924 4215 sculpta
949 4118 986 4193 in
1012 4117 1084 4192 alta
1111 4118 1189 4213 ripa
1209 4117 1247 4189 in
1267 4136 1457 4191 marmore
1476 4117 1571 4212 albo,
1590 4116 1649 4191 hic
1670 4137 1762 4191 reru
1780 4116 1851 4191 lin·

680 4240 731 4337 git
755 4241 923 4335 exempla
952 4239 1197 4334 superborum
1224 4256 1304 4312 esse
1328 4236 1486 4333 figurata
1510 4237 1548 4310 in
1574 4244 1685 4330 terra,
1711 4242 1749 4311 et
1773 4237 1850 4311 cal·

636 4448 640 4455 ³
680 4360 755 4434 cari
780 4380 804 4435 a
828 4359 980 4455 pedibus
1009 4355 1305 4433 ambulantium?
1334 4355 1535 4430 Dicendum
1561 4356 1723 4431 breviter
1750 4356 1850 4450 quod

680 4482 867 4577 eleganter
898 4480 967 4553 hoc
999 4476 1113 4574 lingit,
1146 4482 1187 4549 ut
1219 4476 1359 4570 innuat,
1385 4476 1484 4570 quod
1516 4477 1580 4571 qui
1610 4496 1651 4552 se
1683 4476 1850 4550 humiliat

680 4600 862 4675 exaltatur
877 4588 913 4691 (³)
942 4604 980 4673 et
1003 4596 1162 4672 efficitur
1186 4598 1328 4689 clarus3
1354 4595 1418 4690 qui
1443 4617 1533 4671 vero
1558 4617 1599 4671 se
1624 4597 1762 4671 exaltat
1779 4596 1851 4669 hu-

683 4707 892 4811 miliatur(⁴)
919 4724 957 4792 et
982 4717 1021 4791 lit
1046 4717 1429 4791 obscurus-Come.
1458 4716 1523 4790 llic
1556 4722 1663 4811 poeta
1695 4716 1849 4791 manile·

681 4844 752 4911 stat
775 4839 930 4912 sormam
959 4836 1164 4933 figurarum
1190 4834 1444 4929 apparentium
1464 4834 1511 4909 ibi
1529 4855 1724 4930 perunum
1743 4856 1848 4909 com·

742 5022 770 5087 (¹)
786 5023 816 5073 li.
832 5024 962 5087 utrinque.
1216 5022 1244 5083 (¹)
1260 5021 1291 5072 Β.
1309 5021 1412 5071 tinxerit
1426 5023 1552 5085 exemplu.

743 5098 769 5162 (⁸)
788 5102 841 5161 117,
857 5098 1020 5151 exaltabitur.
1218 5096 1244 5158 (⁸1
1261 5099 1315 5156 ur,
1332 5098 1518 5149 humiliatum.
