4542 6842
833 962 973 1020 caurus
996 964 1126 1019 nouus.
1493 947 1564 1015 253

389 1106 811 1203 bethannabam
835 1106 959 1203 aquila
991 1106 1088 1183 enim
1119 1106 1253 1182 dicitur
1282 1128 1305 1182 a
1335 1106 1451 1203 poetis
1485 1125 1566 1181 cose
1599 1095 1603 1104 ’

390 1227 556 1325 armiger
580 1228 689 1323 lovis,
716 1234 754 1303 et
778 1228 986 1303 ministrare
1011 1228 1165 1303 fulmina
1189 1227 1250 1322 illi,
1272 1228 1322 1303 ita
1349 1227 1416 1303 ista
1442 1226 1565 1323 aquila
1670 1326 1674 1332 .

393 1355 522 1444 potens
548 1349 658 1433 missa
683 1370 706 1424 a
730 1348 807 1423 Deo
832 1349 953 1425 subito
978 1349 1143 1445 iulgurat
1171 1368 1283 1445 super
1315 1348 1500 1423 bominem
1528 1354 1567 1422 et

390 1467 511 1564 ipsum
538 1467 706 1563 incendit,
732 1474 770 1545 ct
795 1469 889 1565 rapit
914 1469 951 1543 in
976 1470 1109 1564 altum3
1137 1468 1235 1545 unde
1257 1468 1356 1561 dicit,
1386 1471 1477 1542 emt
1500 1488 1567 1539 ra-

385 1592 482 1684 pissc
505 1610 586 1662 cuso
611 1592 697 1682 tulto
722 1592 762 1664 ut
781 1594 876 1684 foco,
902 1588 1006 1683 idest,
1030 1589 1076 1664 ad
1103 1609 1249 1685 speram
1274 1588 1486 1686 ignisque
1510 1593 1566 1663 est

391 1710 620 1785 contermina
634 1703 672 1802 (¹)
698 1709 803 1784 coelo.
830 1710 873 1783 Et
902 1728 989 1785 ecce
1020 1708 1194 1785 ellectum
1221 1709 1316 1785 illius
1349 1710 1492 1804 raptus:
1517 1710 1567 1782 tot

366 1851 504 1929 ¹parca
528 1832 659 1905 caetra
690 1838 724 1903 ct
753 1833 788 1905 io
812 1832 969 1921 ardesco,
994 1830 1032 1903 in
1058 1828 1117 1904 illo
1143 1830 1248 1925 igne3
1273 1850 1293 1901 c
1316 1820 1347 1901 si
1370 1831 1393 1902 t?
1404 1830 1565 1901 mendo

390 1954 598 2043 imaginato,
623 1950 660 2025 in
683 1957 816 2044 mente,
834 1972 942 2043 cosae,
961 1950 1063 2044 idest,
1082 1948 1131 2024 ita
1157 1951 1397 2025 vehementer
1421 1968 1484 2023 me
1508 1948 1565 2022 in·
1667 2020 1676 2041 ,

391 2070 522 2167 cendit,
548 2072 609 2145 cte
633 2091 807 2145 conomoe
838 2074 897 2143 cle
910 2073 936 2144 't
956 2090 1070 2143 sonno
1099 2071 1131 2143 st
1159 2090 1360 2163 rompecsc5
1385 2069 1435 2142 ita
1465 2069 1564 2162 quod
1614 2159 1618 2169 1

390 2190 604 2286 evigilarem
631 2211 654 2265 a
678 2209 819 2264 somno.
846 2190 891 2263 lit
915 2187 966 2264 sic
992 2189 1074 2263 vide
1097 2189 1284 2283 quomodo
1300 2183 1411 2264 autor
1430 2209 1563 2265 accen-

390 2332 453 2385 sus
479 2330 575 2385 novo
600 2330 728 2385 amore
752 2331 776 2386 a
800 2310 921 2385 divina
946 2309 1065 2407 gratia
1090 2309 1159 2383 luit
1185 2316 1324 2385 tractus
1348 2331 1371 2384 a
1398 2310 1492 2385 valle
1514 2309 1562 2385 ad

391 2438 567 2507 montem.

466 2556 546 2625 Non
571 2553 768 2625 altrimenti.
800 2552 871 2627 lsta
903 2561 959 2627 cst
996 2549 1159 2625 secunda
1190 2572 1275 2645 pars
1305 2534 1498 2646 generalis,
1524 2550 1561 2625 in

391 2692 465 2766 qua
491 2676 598 2768 poeta
624 2682 747 2747 noster
771 2669 943 2745 describit
967 2670 1305 2766 interpretationem
1338 2671 1475 2745 claram
1505 2670 1562 2745 sui

392 2792 566 2867 mirabilis
591 2791 721 2867 somnii
749 2792 880 2867 iactam
906 2813 930 2866 a
955 2790 1114 2888 Virgilio.
1148 2791 1193 2865 Et
1222 2790 1341 2887 primo
1375 2790 1563 2888 praemittit

390 2935 496 2989 suam
524 2912 792 3010 evigilationem
823 2933 935 3007 qnam
967 2912 1116 3009 egregie
1145 2911 1316 2987 describit
1347 2930 1414 3006 per
1448 2932 1562 2986 unam

391 3035 701 3130 comparationem
730 3032 1002 3108 nobilissimam.
1020 3032 1072 3107 dd
1090 3032 1197 3108 cuius
1220 3032 1466 3129 cognitionem
1485 3032 1562 3108 cla·

392 3172 484 3249 ram,
510 3153 596 3247 quia
623 3152 729 3227 multi
754 3152 814 3228 bic
840 3152 955 3227 multa
981 3154 1167 3248 superllua
1182 3144 1219 3246 ι’)
1239 3152 1351 3250 vulgo
1376 3152 1560 3248 dixerunt,

389 3282 445 3352 est
469 3274 657 3349 sciendum
685 3271 890 3349 necessario
908 3272 1006 3366 quod
1023 3273 1119 3347 banc
1135 3272 1329 3347 materiam
1349 3271 1406 3346 bic
1424 3279 1559 3346 tactam

389 3396 577 3491 eleganter
610 3392 736 3468 scribit
749 3382 787 3486 (³)
813 3390 949 3466 Statius
982 3391 1019 3466 in
1052 3412 1121 3466 suo
1153 3392 1305 3486 minori,
1338 3390 1437 3487 qnod
1471 3390 1562 3466 dici-

389 3520 450 3588 tur
467 3511 681 3607 Achilleida3
704 3511 811 3587 cuius
836 3532 1022 3586 summam
1052 3510 1212 3587 breviter
1238 3511 1361 3587 dicere
1384 3511 1559 3586 conabor.

388 3632 509 3709 Thetis
535 3639 655 3707 mater
675 3630 819 3707 Achillis
849 3630 995 3706 tradidit
1024 3630 1128 3705 illum
1149 3619 1368 3706 infantulum
1386 3630 1560 3707 alendum

387 3759 425 3829 et
449 3752 706 3828 instruendum
732 3752 835 3827 bonis
860 3750 1003 3828 artibus
1027 3751 1175 3827 Cbironi
1200 3757 1389 3846 centauro,
1413 3752 1563 3846 quiba-

386 3873 497 3947 bsbat
522 3872 745 3948 domicilium
771 3881 896 3966 suum,
923 3870 1000 3947 sive
1025 3871 1238 3967 speluncam
1261 3872 1332 3946 sub
1348 3880 1474 3947 monte
1491 3873 1561 3946 Po-
1618 3857 1620 3862 ’

388 3994 462 4068 lion
496 3994 533 4067 in
563 3990 755 4067 Thessalia.
782 3990 891 4066 Chiro
906 3980 943 4085 (⁴)
971 4011 1062 4089 ergo
1098 4013 1171 4067 non
1207 3991 1359 4067 nutrivit
1383 3991 1559 4065 Achillem
1675 3970 1682 3987 ’

388 4113 483 4188 lacte
508 4133 614 4187 more
637 4111 808 4206 aliorum,
832 4111 898 4187 sed
923 4112 1101 4209 sanguine
1131 4119 1169 4187 et
1194 4112 1362 4187 medullis
1387 4114 1559 4187 leonum:

388 4234 519 4310 deinde
543 4234 681 4309 ducens
715 4253 801 4307 eum
837 4252 904 4328 per
932 4252 1110 4307 cavernas
1137 4231 1340 4328 sylvarum,
1364 4230 1560 4307 assuefecit

388 4374 477 4431 eum
508 4352 689 4429 venationi
727 4353 902 4448 lararum,
929 4352 1053 4446 calori,
1079 4352 1217 4448 frigori,
1242 4356 1281 4427 et
1303 4351 1405 4425 omui
1430 4350 1559 4445 labori,

388 4496 475 4551 cum
502 4474 684 4550 venabulo
710 4475 881 4569 pharetra
907 4479 946 4548 ct
969 4472 1159 4548 similibus.
1188 4472 1265 4549 Nec
1298 4472 1446 4547 tenebat
1470 4492 1559 4547 aum

387 4596 426 4671 in
451 4596 552 4671 molli
576 4597 683 4690 lecto,
709 4595 773 4670 sed
798 4592 954 4669 induro
980 4614 1070 4667 saxo
1099 4594 1209 4667 simul
1234 4612 1384 4687 secum3
1410 4599 1558 4668 etcum

387 4716 449 4793 vix
475 4723 570 4792 esset
595 4716 788 4791 duodecim
813 4734 998 4791 annorum
1024 4714 1148 4789 docuit
1177 4735 1266 4789 eum
1295 4733 1461 4809 currere,
1485 4716 1560 4789 sal-

387 4842 480 4931 tare,
507 4844 647 4913 natare.
673 4837 747 4912 Nec
779 4858 944 4931 unquam
974 4836 1209 4931 permittebat
1236 4835 1358 4931 ipsum
1387 4834 1559 4931 persequi

449 5026 478 5087 t'l
493 5024 525 5075 E·
541 5026 738 5075 mutuatum.
998 5021 1025 5085 ι’)
1043 5027 1096 5083 ru,
1113 5022 1216 5075 rasolo
1334 5032 1339 5045 ·

450 5100 477 5165 (¹)
494 5103 547 5160 ill,
564 5100 673 5164 scripslt.
1000 5098 1027 5163 (¹)
1043 5098 1069 5151 s,
1085 5098 1183 5151 cmm
1197 5113 1270 5165 ψ,
