4542 6842
816 997 955 1054 caurus
980 999 1123 1054 narnus.
1532 990 1555 1061 3

382 1145 546 1234 morano,
564 1141 624 1216 vel
640 1142 800 1237 respexit
826 1143 1080 1238 metaphoram
1107 1143 1225 1240 magis
1249 1145 1447 1240 propriam,
1468 1146 1556 1240 quia

383 1262 552 1338 navicula
578 1263 740 1338 velocius
766 1263 882 1338 currit
906 1284 973 1360 per
992 1285 1143 1359 aquam,
1160 1272 1198 1340 et
1218 1264 1305 1340 nibil
1321 1266 1485 1342 velocius
1501 1276 1558 1343 est

383 1385 541 1480 ingenio,
567 1385 665 1479 quod
692 1385 875 1479 percurrit
900 1385 1115 1459 universum
1141 1386 1224 1480 cito,
1250 1394 1288 1461 et
1317 1389 1434 1462 multa
1454 1408 1558 1463 oom-

384 1503 564 1600 plectitur.
586 1503 762 1578 Navicula
787 1505 897 1579 etiam
925 1505 1064 1578 facilius
1081 1511 1250 1599 penetrat
1273 1526 1423 1600 aquam,
1449 1513 1486 1582 ct
1509 1508 1559 1584 ita

385 1624 573 1721 ingenium
609 1632 761 1700 acutum
796 1625 1001 1700 materiam.
1040 1625 1105 1700 Vel
1139 1625 1225 1699 dicit
1259 1627 1439 1722 navicula,
1471 1628 1559 1721 quia

385 1755 511 1841 postea
537 1745 721 1840 navigabit
746 1765 832 1819 cum
859 1765 994 1841 magna
1020 1746 1103 1820 navi
1130 1755 1274 1821 armata
1292 1767 1428 1840 aquam
1451 1767 1560 1841 para-

385 1867 463 1960 disi,
490 1866 551 1940 ubi
578 1865 662 1939 dicit
687 1865 850 1940 secundo
875 1865 1045 1960 capitulo,
1071 1869 1184 1940 duero
1213 1869 1253 1939 ol
1279 1871 1350 1940 mro
1374 1871 1476 1959 tepoo
1500 1869 1561 1942 ote

386 1988 562 2062 cantando
576 2007 697 2058 oorco.
711 2025 761 2038 -
774 1989 890 2076 omui,
903 1984 1006 2078 idest,
1016 1985 1198 2082 deinceps,
1210 1990 1295 2060 otzo
1308 1991 1339 2060 te
1354 1991 1439 2080 veo,
1457 1988 1561 2082 idest,

344 2183 348 2190 ,
388 2105 494 2202 erigit
518 2106 629 2186 altam
656 2104 955 2201 speculationem.
981 2105 1025 2178 Et
1050 2105 1108 2181 bic
1134 2112 1220 2181 nota
1247 2106 1345 2201 quod
1365 2114 1474 2202 poeta
1493 2129 1563 2182 no·

388 2237 463 2306 ster
488 2229 525 2302 in
551 2234 627 2302 toto
652 2231 823 2322 poemate
848 2245 916 2299 suo
942 2225 1125 2319 percurrit
1151 2233 1228 2301 tres
1243 2247 1377 2321 aquas3
1399 2248 1562 2322 quarum

387 2348 505 2445 prima
532 2355 587 2422 est
611 2347 717 2422 bassa
743 2352 780 2420 et
810 2350 970 2438 mortua,
997 2345 1132 2422 scilicet
1161 2347 1358 2443 infernalis,
1388 2355 1426 2424 et
1455 2349 1562 2423 istam

388 2462 589 2566 navigat(')
618 2469 812 2562 bucusque
841 2466 888 2540 ad
919 2466 1005 2541 litus
1036 2488 1123 2541 cum
1157 2489 1282 2563 remo;
1315 2469 1475 2544 secunda
1508 2475 1564 2544 est

389 2590 461 2664 alta
488 2596 526 2663 et
549 2589 645 2682 viva,
672 2595 708 2662 et
723 2579 760 2680 (¹)
788 2587 856 2661 ista
881 2586 1003 2682 incipit
1028 2587 1174 2684 erigere
1198 2589 1349 2683 velum3
1375 2589 1483 2663 tertia
1509 2594 1565 2664 est

389 2709 563 2785 altissima
589 2714 627 2784 et
651 2707 945 2803 profundissima,
969 2706 1103 2782 scilicet
1127 2708 1297 2803 paradisi,
1314 2715 1351 2784 et
1376 2708 1426 2783 ibi
1451 2709 1565 2783 intra·
1618 2805 1621 2809 ¹

391 2831 443 2906 bit
467 2828 689 2925 protundum
723 2827 894 2924 pelagus:
926 2829 985 2900 obe
1017 2830 1126 2901 turmo
1156 2831 1269 2902 utero
1298 2849 1323 2900 a
1354 2851 1391 2902 se
1422 2809 1504 2902 mor
1536 2819 1567 2900 si

306 2933 316 2936 ’
391 2953 542 3042 audete,
569 2949 671 3042 idest,
698 2953 773 3022 tam
798 2968 966 3022 amaram
992 2947 1199 3044 materiam,
1227 2950 1345 3044 qualis
1374 2955 1430 3024 est
1454 2947 1568 3024 inler-

393 3071 494 3166 naliS,
517 3069 581 3145 ubi
606 3069 694 3143 vidit
710 3074 764 3142 tot
781 3077 818 3143 et
835 3076 910 3143 tarn
932 3069 1095 3144 crudelia
1114 3077 1298 3144 tormenta
1319 3090 1515 3165 poenarum
1527 3058 1565 3161 (³)

392 3193 579 3268 amariora
604 3190 704 3266 omni
732 3189 837 3284 mari,
863 3195 904 3263 ut
929 3189 1046 3285 patuit
1069 3209 1136 3285 per
1161 3196 1280 3264 totum
1311 3190 1446 3265 librum
1471 3209 1569 3286 prae·

393 3313 595 3388 cedentem.
623 3310 667 3382 Et
691 3309 847 3384 ostendit
872 3309 918 3383 ad
952 3309 1040 3404 quid
1070 3309 1187 3407 erigat
1216 3310 1298 3384 vela
1328 3310 1473 3386 dicens:
1502 3330 1570 3404 per

392 3453 518 3508 corrcr
543 3433 684 3522 miptior
709 3450 835 3522 acqua,
862 3429 965 3524 idest,
992 3450 1104 3504 causa
1129 3431 1356 3506 describendi
1377 3431 1569 3507 meliorem

395 3551 589 3629 materiam
615 3556 652 3625 et
678 3550 794 3646 magis
819 3549 929 3645 piam.
956 3550 1001 3623 Et
1023 3551 1080 3626 bic
1098 3558 1185 3626 nota
1203 3552 1301 3647 quod
1322 3553 1439 3646 prima
1459 3571 1570 3645 aqua,

394 3673 487 3749 idest
511 3671 678 3766 materia,
705 3678 759 3746 est
784 3671 880 3746 bona
904 3671 1045 3747 ratione
1062 3671 1224 3767 justitiae,
1246 3694 1330 3768 quae
1355 3673 1450 3748 inse
1474 3673 1571 3748 bona

395 3801 462 3889 est,
489 3813 572 3889 quae
598 3793 710 3867 etiam
736 3791 803 3865 luit
825 3791 922 3867 bona
939 3797 1131 3886 pro'poeta
1149 3799 1188 3866 et
1204 3794 1444 3888 sequentibus
1461 3813 1570 3868 eum:

396 3913 557 3992 secunda
582 3919 638 3989 est
664 3912 805 4006 melior,
831 3912 917 4006 quia
932 3900 969 4004 (⁴)
996 3911 1106 3986 babet
1131 3911 1169 3986 in
1193 3933 1233 3987 se
1249 3898 1429 4008 justitiam
1447 3919 1484 3988 et
1502 3913 1573 3988 mi-

396 4034 657 4110 sericordiam:
685 4033 791 4107 tertia
817 4039 873 4108 est
897 4031 1046 4127 optima,
1073 4033 1161 4126 quia
1194 4033 1304 4107 babet
1333 4033 1371 4106 in
1403 4053 1443 4108 se
1468 4053 1573 4107 sum-

398 4174 501 4229 mum
528 4153 668 4228 bonum
695 4159 733 4228 et
758 4153 957 4247 perlectam
984 4151 1314 4227 felicitatem-E
1335 4144 1489 4227 cuooerd.
1507 4153 1573 4228 Hic

397 4279 506 4370 poeta
531 4275 648 4368 aperit
673 4294 780 4348 suam
807 4272 1044 4347 intentionem
1071 4272 1169 4346 circa
1195 4272 1388 4348 materiam
1409 4273 1575 4369 proposi-

399 4402 487 4488 tam,
500 4394 643 4468 dicens:
662 4416 680 4466 e
696 4385 851 4486 coutcrd,
865 4393 966 4487 idest,
983 4413 1053 4488 ego
1071 4399 1179 4488 poeta
1197 4393 1332 4467 Dentes
1349 4393 1413 4486 qui
1430 4393 1575 4470 cantavi

398 4514 589 4609 deprimo
615 4533 730 4610 regno
755 4512 951 4588 infelicium
978 4511 1252 4604 damnatorum,
1280 4532 1378 4588 nunc
1406 4514 1575 4609 cantabo,

399 4635 490 4710 idest
517 4635 657 4730 poetice
686 4634 901 4728 describam,
936 4636 973 4708 u·
1001 4636 1080 4725 puel
1104 4635 1256 4707 secondo
1285 4655 1412 4726 repoo,
1441 4635 1577 4711 scilicet

348 4831 351 4836 ,
399 4756 626 4853 purgatorio,
648 4755 739 4830 idest
764 4756 810 4830 de
835 4753 996 4830 secundo
1016 4760 1112 4830 statu
1131 4755 1276 4850 animae,
1295 4776 1380 4850 quae
1400 4757 1576 4834 recedens

400 4877 544 4951 avitiis
573 4883 628 4951 est
663 4877 699 4950 in
733 4876 948 4973 purgatorio
973 4875 1103 4950 morali
1128 4875 1324 4949 coniuncta
1353 4876 1511 4971 corpori,
1537 4885 1575 4953 et

464 5067 492 5129 (¹)
509 5069 555 5116 lll
571 5079 586 5116 c
603 5065 634 5115 E.
651 5065 787 5130 navigavit.
1076 5061 1105 5127 (¹)
1121 5063 1152 5114 Ε,
1169 5068 1195 5115 et
1212 5064 1239 5113 ln
1256 5063 1312 5114 inu,

463 5139 491 5205 (Ἴ
507 5141 538 5192 lt.
555 5154 691 5205 poenarum
707 5146 734 5192 at
749 5141 849 5194 maiora
864 5142 943 5193 omni.
1077 5140 1103 5205 (⁸)
1120 5144 1176 5201 ¹1⁷,
1192 5155 1251 5205 qno
1267 5139 1358 5191 bcbnlt
1372 5141 1400 5190 in
1415 5151 1451 5190 rc.
