4542 6842
799 973 941 1029 esurus
965 974 1133 1041 ouranos.
1482 964 1548 1032 161

375 1119 429 1195 lta
454 1121 649 1197 ridebatur
673 1120 731 1195 isti
757 1120 795 1195 in
820 1128 991 1197 extremo
1016 1122 1116 1216 quod
1135 1123 1298 1219 Angelus
1323 1124 1442 1199 bonus
1468 1144 1553 1219 per-

375 1241 549 1319 suaderet
559 1242 627 1317 sibi
639 1242 739 1336 quod
755 1242 968 1338 poeniteutia
986 1263 1180 1337 nunquam
1198 1251 1319 1340 posset
1337 1266 1418 1320 esse
1434 1245 1551 1335 tarda,

376 1362 462 1457 quia
488 1363 581 1437 latro
605 1363 653 1439 de
677 1383 789 1438 cruce
807 1363 973 1438 transivit
993 1363 1040 1438 ad
1065 1363 1294 1459 paradisum3
1318 1365 1438 1441 malus
1461 1386 1552 1441 vero

377 1483 414 1557 in
430 1483 659 1558 contrarium
677 1483 902 1557 reclamabat
914 1475 966 1576 (⁴),
979 1482 1123 1557 dicens:
1150 1485 1198 1558 ah
1223 1484 1336 1579 fatue,
1357 1484 1476 1559 credis
1498 1492 1550 1578 tu,

378 1622 464 1678 cum
481 1622 628 1697 semper
644 1603 758 1677 tueris
782 1602 891 1697 longe
908 1623 931 1676 a
948 1602 1038 1697 Deo,
1057 1622 1157 1677 nunc
1174 1603 1308 1678 salvari
1326 1604 1364 1677 in
1381 1602 1551 1677 instantii

379 1722 477 1796 uude
501 1722 609 1798 dicit:
625 1744 693 1817 por
715 1745 788 1797 uno
807 1726 1007 1815 operetta
1023 1725 1083 1796 cte
1095 1726 1122 1795 't
1136 1727 1185 1795 mi
1209 1727 1326 1815 toplie,
1344 1724 1447 1819 idest,
1467 1746 1551 1819 quae

378 1842 485 1938 eripit
510 1842 598 1916 milri
623 1842 711 1917 illud
737 1843 836 1937 quod
862 1850 918 1918 est
942 1849 1124 1917 aeteruum
1151 1843 1188 1917 in
1214 1842 1294 1918 isto.
1316 1844 1360 1916 Et
1376 1843 1462 1918 dicit
1479 1844 1553 1917 Au-

377 1964 483 2059 gelus
516 1964 656 2038 malus:
690 1986 750 2037 mo
785 1967 821 2037 io
849 1958 936 2059 sord
959 1966 1065 2051 ,aluo
1097 1984 1269 2057 pooeruo,
1304 1965 1409 2058 quasi
1445 1966 1551 2059 dicat,

377 2084 513 2157 molam
540 2084 807 2178 tractationem,
825 2087 903 2159 uec
910 2088 1018 2175 altro,
1035 2084 1183 2179 seilicet,
1201 2084 1246 2159 de
1267 2104 1424 2180 corpore
1450 2106 1552 2160 mor-

378 2202 450 2298 tali,
476 2203 564 2298 qrria
595 2204 718 2279 anima
752 2211 947 2300 separatur
974 2212 1150 2299 tanquam
1171 2211 1393 2300 perpetuum
1418 2225 1441 2279 a
1467 2226 1552 2279 cor-

377 2323 548 2419 ruptibili,
566 2331 609 2398 ut
632 2324 718 2399 dicit
742 2324 976 2420 philosophus
992 2324 1086 2398 libro
1110 2324 1157 2399 de
1182 2326 1315 2400 anima.
1330 2366 1380 2381 -
1392 2331 1468 2399 Bon
1483 2330 1549 2400 soi.

376 2443 442 2518 llic
462 2445 668 2519 Boncontes
684 2445 763 2519 vult
784 2465 939 2520 narrare
955 2465 1062 2519 suam
1080 2445 1309 2540 sepulturam
1331 2446 1549 2542 ignoratam,

379 2570 416 2639 et
431 2564 683 2660 descripturus
698 2565 862 2661 pluviam
880 2571 918 2640 et
934 2570 1190 2659 tempestatem
1208 2566 1417 2660 violentam,
1436 2587 1549 2660 quam

378 2684 524 2759 daemon
549 2684 721 2760 excitavit
745 2684 882 2758 malitia
907 2705 975 2758 sua
991 2683 1038 2759 ad
1059 2684 1266 2759 laciendum
1289 2685 1487 2761 ludibrium
1505 2686 1551 2761 de

380 2825 548 2900 corpore,
579 2804 766 2899 praemittit
790 2805 1065 2902 generationem
1098 2804 1231 2899 pluviae
1262 2808 1482 2881 naturalem.
1508 2808 1552 2880 Et

380 2923 426 2999 ad
451 2923 722 3021 intelligendam
740 2924 847 2999 istam
865 2926 1008 2999 literam
1027 2924 1138 2999 debes
1155 2926 1275 3020 primo
1293 2932 1433 3020 notare,
1451 2926 1551 3020 quod

376 3043 472 3118 sicut
496 3044 621 3119 scribit
645 3045 879 3140 philosophus
896 3044 989 3119 libro
1010 3045 1302 3140 lletlraurorum,
1323 3052 1361 3121 et
1379 3046 1551 3121 ulbertus
1616 3078 1621 3081 ·

376 3177 536 3260 magnus
559 3164 620 3258 ibi,
645 3184 711 3239 aer
736 3172 792 3239 est
810 3164 1000 3239 distinctus
1017 3164 1055 3239 in
1072 3172 1148 3239 tres
1171 3166 1351 3261 regiones,
1368 3166 1445 3241 sive
1466 3188 1551 3261 par·-

376 3290 443 3377 tes,
460 3306 622 3377 quarum
642 3284 812 3379 superior
828 3294 884 3360 est
900 3285 1015 3360 calida
1033 3286 1121 3380 quia
1138 3292 1193 3361 est
1210 3286 1440 3362 contermina
1457 3287 1550 3383 igni;

374 3403 526 3480 interior
550 3404 661 3479 etiam
687 3412 744 3479 est
768 3405 884 3481 calida
909 3413 1058 3501 propter
1079 3406 1336 3481 retractionem
1359 3406 1548 3481 radiorum

375 3527 438 3621 qui
465 3527 729 3622 reirauguntur
754 3527 791 3601 in
821 3527 1014 3622 superlicio
1039 3534 1164 3622 terrae3
1191 3528 1311 3603 media
1337 3548 1439 3621 vero,
1467 3546 1551 3620 quae

376 3652 532 3722 vocatur
556 3645 803 3741 interstitium,
831 3654 886 3722 est
911 3647 1051 3745 frigida,
1078 3647 1166 3740 quia
1191 3646 1298 3721 distat
1323 3647 1371 3721 ab
1401 3646 1486 3743 igne
1514 3652 1551 3721 et

377 3774 488 3862 terra,
515 3774 552 3841 et
576 3767 667 3842 radii
692 3767 777 3842 solis
802 3768 874 3842 cito
900 3774 1134 3843 transeuntes
1165 3788 1300 3863 parum
1334 3767 1552 3842 calefaciunt

376 3908 472 3964 eam.
497 3888 559 3964 Sol
585 3908 676 3984 ergo
700 3908 787 3962 cum
815 3888 924 3963 radiis
949 3888 1025 3961 suis
1049 3888 1200 3962 attrahit
1227 3908 1404 3984 vaporem
1429 3887 1551 3961 humi-

376 4008 479 4102 dum,
503 4030 526 4085 a
553 4008 648 4084 mari
664 4015 702 4083 et
716 4014 816 4083 terra
835 4028 955 4102 usque
973 4007 1020 4082 ad
1036 4007 1145 4082 istam
1171 4007 1360 4105 regionem
1390 4008 1549 4082 mediam

376 4126 558 4227 frigidam,
583 4148 670 4223 quae
695 4128 941 4203 condensatur
971 4127 1009 4201 in
1040 4128 1190 4223 nubem,
1218 4149 1302 4222 quae
1331 4126 1464 4202 deiude
1489 4147 1550 4202 re-

375 4252 531 4326 solvitur
554 4252 593 4325 in
620 4256 755 4347 guttas.
785 4250 898 4325 Poeta
929 4268 1020 4344 ergo
1051 4248 1158 4323 valde
1188 4249 1350 4323 breviter
1380 4254 1417 4323 et
1450 4248 1550 4322 clare

376 4371 492 4468 tangit
516 4371 575 4446 hic
600 4371 876 4468 generationem
897 4369 1030 4464 pluriae
1053 4370 1273 4463 naturalem,
1295 4368 1429 4463 dicem,
1450 4369 1547 4463 quod

375 4492 470 4566 sicut
493 4498 627 4567 natura
652 4497 829 4585 operatur
846 4490 884 4564 in
900 4489 1095 4565 emissione
1114 4489 1258 4584 pluviae,
1277 4488 1327 4563 ita
1347 4508 1447 4563 nuuc
1465 4488 1549 4563 lecit

374 4610 541 4685 diabolus
565 4632 633 4686 sua
657 4631 789 4706 opera3
815 4610 914 4684 unde
945 4610 1053 4683 dicit:
1086 4614 1161 4681 Bon
1194 4612 1263 4699 soi,
1290 4608 1394 4703 quasi
1427 4608 1547 4684 dicat:

375 4729 469 4805 scire
493 4731 605 4805 debes
631 4738 808 4825 tanquam
825 4729 1059 4824 philosophus
1079 4727 1268 4823 naturalis,
1286 4748 1382 4801 route
1406 4732 1437 4802 si
1461 4748 1545 4803 roc-

375 4852 484 4941 ooplic
508 4854 587 4924 nell'
600 4872 695 4942 aere,
721 4850 826 4943 idest,
852 4848 1011 4942 qualiter
1037 4854 1288 4944 congregatur
1318 4847 1355 4921 in
1387 4848 1545 4923 secunda

438 5103 466 5168 (¹)
482 5104 509 5155 S.
525 5104 658 5155 reclamet.
715 5174 718 5179 Ι
768 5138 772 5145 -
810 5126 814 5133 ·
1369 5154 1371 5160 A

510 5210 550 5253 111.
1390 5210 1413 5252 ll
