4542 6842
708 987 784 1055 228
1071 994 1276 1051 conburunt
1301 993 1520 1050 runomonn

709 1146 794 1234 min,
820 1140 866 1215 de
891 1159 933 1213 re
958 1159 1067 1233 nova,
1088 1158 1296 1232 numquam
1314 1136 1405 1212 nlius
1428 1136 1507 1211 visa
1531 1136 1592 1211 rel
1613 1135 1761 1231 nudita3
1778 1144 1817 1211 et
1842 1143 1885 1213 tu

623 1346 628 1353 ,
709 1261 830 1336 dices:
855 1260 984 1334 Nonne
1009 1257 1197 1334 Sordcllns
1220 1258 1285 1353 qui
1310 1263 1454 1335 tantum
1484 1256 1608 1331 lucrat
1639 1276 1728 1331 cum
1754 1258 1885 1350 Dante,

709 1380 952 1477 perpenderat
975 1379 1095 1476 ipsum
1128 1380 1209 1477 ior'e
1242 1378 1400 1454 vivunt
1432 1377 1523 1452 llice
1546 1376 1646 1471 quod
1677 1398 1771 1471 non3
1796 1376 1885 1471 quia

708 1502 833 1577 anima
857 1509 1024 1597 separata
1050 1506 1105 1577 est
1131 1502 1179 1577 ibi
1203 1501 1353 1577 risibilis
1376 1501 1472 1575 sicut
1488 1505 1526 1575 et
1546 1501 1659 1575 bomo
1675 1500 1814 1595 virens,
1831 1500 1885 1577 itu

708 1622 807 1717 quod
833 1636 900 1718 p'er
925 1622 1046 1697 visum
1071 1642 1147 1697 non
1170 1620 1463 1719 cognoscebatur
1476 1613 1515 1713 (⁴)
1531 1620 1631 1714 quod
1650 1620 1883 1715 vireret‘scd

709 1762 755 1817 ex
782 1742 861 1817 eius
888 1742 1177 1818 manifestatione
1201 1742 1261 1818 rel
1284 1741 1421 1816 umbra
1442 1740 1699 1835 conponeret
1723 1728 1883 1837 res'pim·

708 1863 820 1957 tione,
839 1864 896 1937 vel
913 1883 979 1959 per
1004 1863 1103 1938 alind
1121 1862 1239 1937 simile
1256 1862 1424 1959 signum:
1444 1860 1544 1935 unde
1564 1867 1673 1955 poeta
1695 1863 1884 1937 exclama·

709 1984 762 2059 vit
774 1975 811 2077 (²)
830 1966 942 2079 supra
959 1983 1121 2059 secundo
1136 1983 1320 2079 capitulo:
1345 1983 1506 2055 oornbrc
1523 2003 1615 2056 vane
1628 1984 1792 2075 secrete
1805 1984 1883 2057 nci-

710 2108 732 2179 l’
744 2110 884 2197 nspctto.
912 2105 956 2178 Et
980 2104 1137 2179 ostendit
1166 2103 1255 2197 quid
1284 2103 1453 2179 lecerunt
1481 2102 1539 2175 isti
1571 2103 1648 2179 duo
1678 2102 1884 2199 stupefacti,

708 2224 851 2299 dicens:
877 2226 969 2317 iun,
996 2224 1131 2299 scilicet
1155 2223 1354 2318 Sordellus,
1377 2226 1410 2297 si
1434 2226 1571 2297 roboc
1599 2227 1755 2315 vacillo,
1777 2224 1883 2319 quasi

708 2344 854 2419 dicens:
881 2364 904 2417 o
930 2343 1012 2439 quis
1037 2350 1093 2419 est
1117 2344 1186 2419 iste
1211 2342 1399 2437 mirabilis,
1424 2362 1538 2437 quem
1564 2351 1604 2418 tu
1629 2344 1733 2419 ducis
1757 2351 1883 2419 tecum

708 2464 836 2540 vivum
861 2483 928 2559 per
953 2465 1033 2539 loca
1058 2468 1327 2538 mortuorum?
1360 2485 1379 2537 e
1410 2467 1434 2537 t
1446 2468 1554 2557 albo,
1582 2464 1729 2559 scilicet,
1755 2464 1885 2559 Ninus,

709 2584 848 2680 supple,
883 2584 997 2659 volvit
1026 2604 1077 2677 se,
1107 2586 1158 2657 od
1180 2604 1230 2657 un
1261 2585 1322 2657 circ
1344 2586 1449 2657 sedeo
1478 2576 1516 2676 tt,
1541 2584 1688 2678 scilicet,
1720 2582 1885 2661 Corrado

709 2704 911 2779 marchioni
937 2704 1154 2799 Malaspinre
1180 2704 1244 2797 qni
1270 2710 1352 2779 erat
1380 2703 1448 2777 sibi
1473 2703 1595 2779 socius
1625 2710 1665 2780 ct
1695 2701 1884 2780 familiaris

710 2826 839 2901 sedens
864 2846 951 2900 cum
976 2826 1055 2899 aliis
1080 2824 1116 2899 in
1143 2825 1224 2899 loco
1249 2825 1367 2918 basso,
1385 2824 1473 2917 quia
1488 2824 1558 2901 iste
1578 2831 1660 2899 erat
1684 2825 1826 2900 italicus
1844 2832 1883 2902 et

710 2946 850 3021 vicinus
875 2966 966 3019 suus
991 2952 1028 3020 et
1054 2945 1170 3042 magis
1201 2966 1269 3041 par
1299 2966 1412 3040 quam
1442 2943 1492 3018 illi
1526 2944 1706 3041 principes
1734 2952 1772 3021 et
1802 2966 1882 3023 ma-

709 3072 860 3162 gnates3
888 3065 969 3140 ideo
1001 3064 1121 3139 statim
1153 3063 1269 3138 Ninus
1301 3062 1482 3141 convertit
1514 3084 1555 3139 sc
1582 3065 1630 3141 ad
1663 3066 1780 3161 illum,
1804 3070 1882 3159 pn·-

709 3188 843 3277 duodo,
869 3206 916 3259 ex
947 3184 1212 3260 admiratione:
1246 3206 1301 3276 ru,
1330 3187 1506 3276 corrado,
1531 3185 1636 3281 idest,
1659 3207 1773 3283 surge
1797 3188 1882 3285 cito,

710 3307 800 3378 ciem
824 3325 848 3376 o
873 3308 978 3379 ceder
1002 3306 1063 3379 cte
1086 3308 1156 3379 Dtb
1172 3325 1240 3397 per
1262 3306 1393 3395 pruzia
1415 3308 1522 3396 colse,
1539 3304 1643 3400 idest,
1661 3326 1741 3381 rem
1768 3307 1882 3383 mira·

708 3423 831 3518 bilem,
858 3446 969 3519 quam
996 3425 1095 3499 Deus
1119 3444 1167 3499 ex
1192 3424 1311 3521 gratia
1336 3423 1481 3518 speciali
1510 3426 1691 3499 concessit
1720 3426 1785 3501 uni
1814 3449 1882 3502 no-

708 3553 784 3621 stro
811 3552 926 3641 tusco,
954 3550 995 3619 ut
1020 3545 1147 3621 vivens
1179 3544 1362 3619 discurrat
1394 3544 1550 3621 videndo
1579 3546 1749 3643 regiones
1779 3567 1883 3623 mor·

708 3672 862 3740 tuorum
887 3665 925 3739 in
950 3663 1096 3740 seculo:
1122 3684 1213 3739 rere
1243 3664 1312 3738 ista
1343 3671 1400 3739 cst
1430 3666 1610 3760 stupenda
1641 3666 1772 3763 gratia,
1797 3688 1883 3763 qum

708 3807 913 3880 numquam
935 3784 1081 3860 ridetur
1098 3804 1272 3859 concessa
1288 3784 1405 3859 alteri.
1418 3826 1468 3839 -
1480 3788 1556 3859 Poi.
1575 3786 1640 3861 llic
1657 3794 1766 3882 poeta
1782 3788 1882 3883 ponit

707 3905 911 3981 orationem
929 3904 1011 3979 Nini
1027 3904 1075 3979 ad
1100 3924 1152 3996 se,
1171 3902 1236 3998 qui
1252 3910 1403 3999 captans
1421 3903 1714 3981 benevolentiam
1733 3907 1822 4003 petit
1839 3914 1881 3983 ut

708 4023 985 4100 recommendet
1011 4044 1098 4099 eum
1124 4022 1208 4097 fittae
1231 4043 1321 4117 suae,
1346 4022 1442 4100 sicut
1473 4024 1557 4101 iecit
1582 4026 1882 4104 :ermenfredus

706 4168 828 4242 supra.
848 4146 893 4220 Et
909 4144 1016 4221 litera
1034 4144 1100 4223 ista
1117 4149 1173 4219 est
1191 4143 1296 4219 valde
1312 4144 1470 4220 obscura
1487 4152 1526 4220 et
1537 4148 1717 4222 sententia
1733 4148 1881 4242 clausu3

708 4267 806 4344 unde
830 4268 899 4343 ista
924 4266 1029 4341 litera
1050 4271 1169 4361 potest
1186 4264 1324 4340 babere
1340 4265 1523 4360 duplicem
1541 4266 1787 4343 intellectum:
1804 4268 1881 4364 pri-

707 4410 791 4463 mus
817 4396 883 4482 est,
909 4385 1010 4482 quod
1034 4385 1149 4461 Ninus
1175 4384 1321 4461 adiurat
1340 4385 1495 4461 Dantem
1521 4407 1588 4481 per
1611 4407 1781 4463 amorem
1798 4387 1880 4463 Vir-

621 4522 624 4532 ·
705 4509 792 4607 gilii,
819 4507 920 4603 quod
945 4506 1021 4601 ipse
1051 4505 1329 4583 recommendet
1356 4526 1444 4580 eum
1474 4506 1557 4581 tiliae
1582 4528 1688 4603 snm3
1723 4515 1761 4585 et
1792 4514 1881 4583 tunc

705 4650 848 4725 expone
878 4635 914 4705 ct
944 4618 1073 4703 ordina
1089 4625 1150 4728 ‚sic
1174 4626 1342 4703 literam:
1363 4629 1428 4719 poi
1452 4630 1545 4701 eodo
1573 4650 1599 4703 o
1629 4649 1695 4719 nte,
1729 4628 1878 4723 scincet,

706 4746 765 4823 ille
790 4747 915 4841 Ninus,
941 4746 1005 4842 qui
1031 4744 1152 4841 primo
1181 4744 1348 4823 volverat
1365 4766 1417 4821 se
1450 4746 1496 4821 ad
1528 4748 1734 4823 corradum
1768 4748 1880 4823 Nala-

707 4866 860 4964 spinam,
885 4865 975 4941 dirit
1005 4865 1093 4941 mibi
1117 4864 1324 4941 adiurative
1352 4866 1569 4943 exordiens:
1598 4889 1666 4965 per
1700 4871 1780 4960 quet
1806 4870 1880 4943 sin·

768 5115 795 5181 i'l
811 5118 842 5169 B·
859 5118 1101 5183 recognoscebatur.
1215 5155 1230 5181 ,.
1347 5154 1371 5177 .,
1411 5118 1512 5183 (llll,
1528 5121 1664 5174 cxclumat.
