4542 6842
731 961 869 1019 murus
894 963 1052 1019 uucruus
1077 962 1205 1019 nouus.
1473 953 1542 1021 511

373 1106 460 1203 quia
478 1115 611 1184 caetera
637 1128 765 1201 onera,
790 1115 1136 1203 quantumcumque
1160 1108 1389 1204 gravissima,
1416 1106 1544 1182 videu-

377 1234 438 1300 tur
462 1227 645 1303 levissima
674 1228 711 1302 in
743 1229 1024 1323 comparatione
1049 1227 1096 1303 ad
1133 1228 1241 1301 istud.
1272 1229 1318 1301 Et
1348 1228 1407 1303 hio
1445 1234 1545 1322 nota,

373 1348 473 1441 quod
490 1368 579 1424 vere
604 1348 747 1423 nulium
773 1369 868 1424 onus
895 1355 951 1424 est
976 1370 1043 1446 par
1060 1349 1136 1443 isti;
1154 1370 1239 1423 nam
1262 1349 1326 1443 qui
1348 1368 1541 1424 summum

373 1466 624 1563 pontificatum
649 1467 805 1564 adeptus
829 1475 896 1563 est,
923 1470 1090 1545 omnium
1116 1491 1238 1561 curas,
1268 1470 1437 1544 omnium
1464 1490 1547 1545 sar·

375 1588 475 1661 cinas
495 1588 532 1661 in
549 1608 589 1663 sc
614 1588 732 1684 ipsum
753 1590 960 1683 transtulit;
978 1590 1154 1683 quoniam
1175 1590 1324 1664 intravit
1342 1610 1448 1665 mare
1464 1610 1546 1663 ma·

373 1728 488 1803 guum
516 1728 602 1782 cum
620 1728 734 1803 parra
752 1708 932 1801 uaricula,
950 1728 1035 1802 quae
1052 1728 1198 1804 semper
1219 1710 1382 1805 agitatur
1399 1709 1547 1783 turbine

374 1828 539 1901 omnium
567 1835 781 1923 ventorum;
808 1836 915 1903 etex
943 1828 1058 1903 libero
1086 1828 1203 1904 factus
1237 1849 1367 1903 servus
1396 1830 1433 1903 in
1464 1850 1547 1904 rua-

374 1967 485 2042 guam
513 1948 698 2023 miseriam
725 1948 865 2023 incidit:
891 1948 1058 2023 omnium
1085 1948 1183 2023 euim
1210 1950 1347 2047 linguae
1365 1951 1412 2026 de
1429 1971 1476 2025 eo
1492 1951 1547 2024 io·

374 2077 552 2163 quuntur,
570 2075 608 2143 et
624 2069 787 2145 lacerant
803 2070 884 2145 cius
900 2068 1025 2164 vitam,
1044 2076 1081 2145 et
1098 2070 1274 2164 quidquid
1294 2070 1378 2145 mati
1397 2071 1438 2144 fit
1462 2070 1548 2143 ubi-

376 2207 450 2281 que
475 2194 594 2262 totum
617 2208 664 2263 ex
691 2189 763 2283 illo,
781 2189 885 2283 quasi
904 2210 978 2264 uno
997 2189 1096 2263 sonte
1120 2190 1318 2285 malorum,
1335 2190 1548 2286 provenisse

374 2307 511 2381 dicunt.
547 2308 632 2383 Ideo
663 2308 759 2383 benc
788 2309 881 2383 alius
913 2329 1006 2405 papa
1035 2308 1226 2403 Adrianus,
1252 2306 1400 2385 natione
1430 2311 1549 2407 angli-

374 2446 451 2519 cuS,
482 2427 635 2523 dicebat,
667 2428 767 2523 quod
798 2436 920 2525 pastor
934 2422 971 2523 (⁴)
997 2437 1078 2503 erat
1109 2429 1234 2503 similis
1260 2431 1394 2523 ventri,
1417 2435 1547 2505 contra

375 2567 486 2640 quem
513 2548 599 2622 oiim
626 2549 752 2625 omnia
777 2549 946 2625 membra
975 2550 1109 2625 iniuste
1137 2550 1438 2644 coniuraverunt,
1465 2551 1548 2627 ideo

369 2666 470 2761 juste
493 2667 717 2743 deiecerunt.
744 2670 836 2744 Nam
863 2672 1074 2745 stomachus
1101 2672 1206 2765 quasi
1228 2691 1359 2745 servus
1379 2672 1549 2768 publicus

375 2762 584 2881 dispensans
615 2789 737 2865 omnia
764 2790 935 2865 omnibus
959 2790 1131 2867 alimenta
1158 2791 1351 2865 subtraxit.
1378 2791 1475 2885 Ideo,
1506 2799 1550 2865 ut

375 2904 536 2983 breviter
562 2908 791 3002 concinnam,
817 2930 987 2984 summus
1012 2910 1254 3006 pontificatus,
1274 2911 1305 2983 si
1329 2912 1424 2986 bene
1447 2912 1549 3008 geri-

375 3034 448 3121 tur,
475 3035 529 3103 cst
553 3049 723 3104 summus
749 3032 879 3125 honor,
905 3051 1095 3105 summum
1123 3022 1281 3123 onus(²),
1302 3051 1450 3105 summa
1467 3052 1549 3107 ser-

375 3148 482 3243 vituS,
504 3169 674 3223 summus
694 3150 812 3225 tabor:
831 3151 860 3223 si
879 3172 968 3226 vero
987 3153 1097 3245 male,
1115 3158 1172 3227 est
1188 3172 1379 3224 summum
1399 3152 1550 3247 pericu·

375 3269 452 3343 lum
478 3270 625 3363 animae,
643 3292 831 3344 summurn
854 3272 1008 3365 maium,
1030 3290 1177 3346 summa
1198 3270 1356 3364 miseria,
1378 3292 1551 3345 summus

375 3391 503 3486 pudor.
530 3392 628 3487 Ergo
653 3390 807 3466 dubium
835 3400 890 3465 est
915 3412 962 3469 ex
988 3392 1087 3466 omni
1114 3401 1219 3485 parte
1241 3390 1442 3487 negotium.
1463 3390 1551 3467 ideo

375 3510 472 3585 bene
489 3512 662 3607 praetatus
680 3512 863 3587 Adrianus
880 3533 971 3608 papa
993 3520 1149 3607 quartus
1165 3511 1319 3605 dicebat,
1336 3510 1550 3585 cathedram

293 3642 296 3649 '
375 3631 471 3705 Petri
489 3632 680 3727 'spinosam
707 3638 744 3707 et
770 3640 936 3707 mantum
972 3633 1053 3707 eius
1083 3632 1303 3707 acutissimis
1332 3652 1399 3725 per
1429 3637 1550 3705 totum

376 3760 588 3826 consertum
613 3752 762 3847 aculeis,
788 3759 824 3827 et
851 3758 960 3827 tauta²
985 3753 1188 3849 gravitatis,
1213 3759 1255 3826 ut
1281 3752 1552 3827 robustissimos

376 3876 519 3965 premat
545 3879 584 3946 et
604 3879 771 3948 conterat
788 3874 974 3947 humeros.
994 3874 1038 3948 Et
1053 3870 1313 3947 concludebat:
1334 3891 1455 3947 nonne
1480 3870 1552 3945 mi·

376 3990 472 4065 seria
497 3990 629 4087 diguus
655 4000 721 4086 est,
739 3992 803 4087 qui
829 4013 896 4088 pro
916 3997 1014 4066 tauta
1039 3998 1178 4088 pugnat
1196 3991 1369 4067 miseria?
1386 3992 1431 4065 ut
1446 3990 1549 4067 dicite

375 4130 424 4185 uu
450 4132 540 4185 mese
564 4132 694 4205 epoco
713 4108 790 4205 pot,
816 4113 903 4206 quia
928 4112 1027 4188 stetit
1052 4111 1090 4187 in
1112 4118 1247 4208 papatu
1267 4113 1363 4188 sorte
1388 4113 1551 4206 quadra-

375 4233 476 4329 ginta
506 4233 644 4309 diebus.
674 4234 719 4307 Et
747 4233 806 4309 hic
838 4240 925 4309 nota
956 4233 1054 4327 quod
1086 4252 1174 4308 cum
1203 4234 1323 4308 omnis
1355 4234 1550 4309 huminum

376 4352 451 4427 rita
472 4353 517 4425 sit
538 4352 671 4448 brevis,
691 4372 823 4449 regum
841 4360 897 4428 cst
913 4352 1073 4447 brevior,
1090 4352 1303 4447 pontificum
1322 4353 1550 4429 brevissima

377 4472 479 4546 Unde
504 4472 622 4547 multo
649 4472 767 4547 maior
792 4492 974 4547 uumerus
998 4471 1224 4567 pontificum,
1250 4493 1362 4566 quam
1388 4473 1552 4569 impera·

376 4599 502 4666 torum
528 4592 724 4669 invenitur.
750 4593 845 4682 Quia
871 4612 958 4667 raro
983 4592 1114 4687 aliquis
1145 4599 1301 4667 vocatur
1330 4592 1378 4667 ad
1402 4593 1552 4669 culmen

377 4716 489 4785 tuutae
508 4712 701 4808 diguitatis,
720 4712 789 4787 uisi
808 4732 922 4789 senen
943 4712 1002 4787 vel
1014 4732 1177 4809 uergens
1203 4712 1241 4787 iu
1266 4712 1424 4789 scnium.
1436 4717 1554 4786 -Lu

377 4832 450 4904 mio
474 4836 689 4907 conversim.
715 4832 782 4909 Hic
805 4832 987 4907 Adrianus
1008 4832 1176 4926 ostendit,
1198 4831 1346 4925 quaudo
1371 4839 1408 4907 et
1433 4852 1553 4927 quaro

441 5088 469 5155 (¹)
484 5090 511 5143 S·
527 5103 591 5155 μμ
607 5098 672 5144 erat.
1053 5090 1080 5152 (¹)
1095 5090 1121 5142 S.
1137 5092 1244 5142 bouum.
