4542 6842
730 957 801 1024 364
1090 966 1295 1020 cousurun
1319 965 1540 1020 runulronu

728 1115 788 1187 ebe
809 1134 875 1206 per
909 1115 930 1184 l'
944 1112 1071 1185 ornou
1096 1119 1250 1204 eosmru,
1277 1112 1380 1205 idest,
1405 1111 1540 1186 duram
1570 1117 1739 1185 suturam
1772 1110 1902 1184 oculo-

730 1253 815 1306 rum
848 1233 981 1306 laetam
1015 1253 1104 1306 curn
1130 1231 1191 1307 lilo
1217 1232 1317 1327 ferri,
1340 1235 1544 1324 pionpeoun
1567 1223 1598 1304 si
1621 1234 1681 1304 cte
1709 1231 1902 1323 baprrooon

728 1354 764 1444 le
782 1359 872 1443 pote,
896 1352 982 1444 quia
1004 1351 1243 1446 deplorabant
1268 1352 1410 1426 cultum
1430 1350 1585 1426 inridiae.
1599 1391 1649 1404 -
1670 1355 1817 1425 Vobimi
1836 1350 1902 1426 llic

730 1479 837 1568 poeta
861 1473 962 1568 ponit
986 1493 1093 1546 suam
1119 1473 1325 1548 orationem
1356 1473 1507 1547 brevem
1534 1472 1720 1547 addictas
1750 1472 1901 1546 umbras

730 1592 768 1666 in
792 1593 966 1688 generali,
992 1600 1030 1667 et
1056 1591 1141 1668 lacit
1165 1593 1360 1667 exordium
1387 1612 1474 1666 eum
1501 1592 1686 1687 petitione,
1713 1592 1852 1668 disens:
1870 1599 1904 1664 et

729 1715 1006 1804 momentulo,
1028 1714 1155 1808 supple
1179 1711 1302 1786 dicere
1328 1713 1395 1786 illis
1420 1712 1466 1787 ad
1491 1712 1708 1808 captandam
1735 1712 1899 1788 benevo-

730 1832 899 1907 lentiam:
926 1854 948 1904 o
972 1841 1071 1922 pente
1094 1836 1225 1924 neura,
1244 1853 1309 1927 per
1334 1840 1474 1908 certam
1493 1854 1608 1928 spern,
1626 1837 1664 1906 di
1681 1837 1784 1908 order
1801 1837 1902 1908 tulto

731 1956 833 2043 turne,
859 1953 993 2026 summi
1020 1954 1103 2026 solis
1129 1954 1228 2048 quod
1254 1975 1353 2028 nune
1379 1954 1505 2029 videre
1530 1976 1602 2028 non
1629 1956 1786 2049 potestis,
1804 1957 1903 2028 ete'l

731 2075 819 2146 disto
845 2082 963 2146 vostro
987 2077 1063 2146 solo
1088 2075 1135 2146 la
1158 2077 1196 2146 tu
1220 2095 1286 2146 suu
1306 2095 1407 2163 curo,
1432 2074 1519 2168 quia
1537 2080 1656 2148 totum
1677 2075 1899 2150 desiderium

731 2199 896 2268 vestrum
923 2194 1156 2268 solummodo
1180 2194 1227 2268 de
1246 2195 1316 2270 boc
1333 2201 1451 2288 curat,
1470 2215 1538 2268 neo
1557 2195 1668 2270 aliam
1685 2217 1815 2270 euram
1836 2197 1904 2272 ba-

730 2313 819 2388 bere
844 2315 992 2409 potestis
1018 2335 1130 2407 quam
1158 2315 1264 2388 istam
1291 2317 1432 2390 solam:
1458 2337 1495 2388 se
1517 2320 1661 2407 pruzia,
1684 2317 1832 2412 scilieet,
1849 2316 1904 2390 di-

730 2433 814 2508 vina
845 2454 890 2508 er
923 2433 1041 2529 gratia
1073 2434 1231 2529 speciali,
1263 2443 1351 2508 brt>
1379 2439 1514 2510 risoloo
1544 2439 1769 2528 leoobiame,
1799 2437 1902 2530 idest,

730 2561 864 2650 purget
893 2555 1072 2650 contagia,
1107 2557 1145 2628 di
1181 2562 1301 2628 vostro
1326 2559 1544 2648 condizione,
1577 2565 1619 2631 ut
1644 2557 1790 2651 scilieet,
1815 2577 1904 2652 ape-

732 2674 801 2747 riat
828 2673 929 2746 vobis
950 2674 1076 2748 oeulos
1093 2675 1248 2769 clausos,
1265 2669 1296 2747 si
1320 2678 1418 2748 clte't
1428 2679 1534 2768 fiume
1550 2679 1642 2750 dello
1660 2685 1781 2770 nunu,
1799 2677 1903 2771 idest,

732 2793 850 2890 gratia
881 2793 1012 2868 diviuae
1044 2795 1186 2889 mentis,
1222 2798 1352 2868 scolda
1381 2799 1516 2888 altaro,
1554 2797 1633 2871 siue
1664 2796 1809 2890 nebula,
1835 2817 1904 2889 per
1969 2865 1977 2874 .

733 2936 825 3006 essu,
852 2914 997 3008 scilicet,
1014 2915 1258 2990 conditionem
1285 2923 1444 2991 vestram
1466 2917 1649 3011 caecitatis,
1668 2917 1770 3011 quasi
1796 2917 1903 3012 dieat,

734 3041 776 3109 ut
792 3040 895 3109 actus
909 3035 1030 3110 veniat
1042 3035 1089 3108 ad
1102 3036 1242 3131 patiens
1258 3037 1484 3130 dispositum.
1500 3037 1544 3110 Et
1557 3036 1609 3112 sic
1621 3037 1705 3112 vide
1717 3035 1905 3132 quomodo

733 3155 896 3248 loquitur
921 3155 1082 3246 breviter
1117 3162 1154 3230 et
1187 3156 1367 3230 subtiliter
1392 3157 1500 3251 juxta
1530 3157 1722 3231 eonsilium
1754 3157 1904 3254 Virgilii,

692 3371 693 3375 Ν
733 3275 798 3350 sed
813 3280 1013 3368 antequam
1033 3275 1103 3348 boo
1129 3274 1202 3368 liat,
1221 3278 1348 3366 dibni,
1366 3269 1429 3348 ort
1446 3281 1494 3350 ml
1509 3278 1561 3367 fio
1577 3279 1747 3367 prezioso
1764 3299 1783 3349 e
1803 3298 1905 3368 euro,

734 3397 835 3490 idest
862 3397 949 3490 quia
975 3396 1043 3470 erit
1070 3395 1158 3469 milri
1180 3403 1328 3491 gratum
1345 3388 1381 3490 (¹)
1401 3403 1439 3471 et
1455 3417 1599 3491 carum,
1616 3401 1644 3470 s'
1658 3400 1779 3472 omma
1804 3393 1826 3472 e*
1848 3401 1909 3490 qui

735 3525 793 3592 tra
818 3521 887 3608 ool,
920 3517 957 3588 in
983 3522 1082 3592 secta
1108 3517 1329 3611 invidorum,
1347 3520 1407 3590 cle
1425 3521 1482 3590 sia
1506 3520 1630 3609 toton,
1652 3515 1744 3593 idest
1762 3519 1905 3594 italica:

734 3637 781 3713 de
805 3638 860 3711 his
886 3637 982 3712 enirn
1018 3637 1286 3732 utplurimum
1314 3646 1422 3730 poeta
1448 3637 1599 3731 inquirit
1622 3645 1812 3732 tamquam
1838 3659 1907 3713 no-

735 3757 923 3831 bilioribus
945 3765 982 3831 et
998 3757 1225 3854 dignioribus
1242 3757 1434 3851 memoria,
1453 3757 1622 3850 quamvis
1640 3758 1906 3852 peecatoribus,

735 3883 777 3950 ut
801 3878 887 3950 satis
912 3884 1012 3972 patet
1040 3878 1078 3950 in
1107 3883 1185 3952 toto
1215 3885 1384 3971 poemate
1415 3877 1518 3971 eius3
1545 3883 1582 3951 et
1607 3877 1784 3971 promittit
1813 3898 1908 3973 prae-

735 3996 852 4070 mium
879 4003 920 4070 ut
945 3997 1084 4072 facilius
1110 4004 1359 4091 consequatur
1385 3997 1484 4091 quod
1500 3998 1599 4091 petit,
1617 3997 1760 4072 dicens:
1778 4001 1909 4091 esorse

736 4121 829 4209 utet,
843 4118 943 4211 idest,
958 4119 1019 4192 tali
1034 4118 1179 4212 animm,
1191 4109 1275 4190 seru
1291 4120 1396 4208 buon,
1410 4117 1502 4192 idest
1520 4117 1608 4192 utile
1624 4124 1662 4192 et
1681 4118 1908 4213 honorabile,
1945 4121 1949 4128 “

736 4238 822 4334 quia
848 4239 987 4333 rogabo
1011 4260 1079 4333 pro
1105 4259 1160 4332 ea,
1179 4244 1216 4313 et
1240 4238 1336 4312 dabo
1352 4238 1418 4313 sibi
1435 4238 1585 4332 lamam,
1602 4241 1631 4311 ε’
1645 4241 1680 4311 io
1705 4241 1909 4332 lumpero,

736 4359 838 4452 idest,
864 4359 893 4430 si
919 4357 1029 4433 diseo.
1042 4399 1092 4412 -
1109 4363 1150 4433 0.
1172 4358 1238 4433 llic
1263 4365 1370 4452 poeta
1387 4359 1487 4454 ponit
1505 4357 1778 4452 responsionem
1799 4359 1910 4433 unius

735 4478 869 4552 auimae
894 4478 1088 4574 singularis
1113 4477 1245 4552 invidae
1270 4478 1316 4552 ad
1342 4500 1453 4552 suum
1479 4476 1690 4572 quaesitum,
1716 4499 1800 4572 quae
1826 4499 1910 4553 eor-

737 4596 819 4692 rigit
845 4596 982 4672 dictum
1009 4604 1144 4691 poetae3
1172 4603 1208 4672 et
1234 4598 1312 4671 baec
1337 4597 1461 4670 anima
1486 4604 1567 4672 erat
1583 4596 1755 4691 quaedam
1773 4599 1909 4674 mulier

735 4718 895 4792 senensis
922 4719 1070 4793 nomine
1096 4718 1213 4812 sapia,
1241 4739 1325 4812 quae
1351 4718 1456 4792 dicit:
1489 4721 1637 4813 Osrute
1663 4721 1746 4811 mio,
1772 4720 1907 4794 carita·

735 4838 808 4912 live
834 4846 940 4912 vocat
965 4860 1051 4912 eum
1078 4838 1242 4932 lratrem,
1272 4843 1449 4931 noscano,
1470 4839 1616 4933 scilicet,
1643 4839 1778 4934 anima,
1804 4836 1910 4915 ecit-
