<?xml version="1.0" encoding="UTF-8"?>
<!DOCTYPE html PUBLIC "-//W3C//DTD XHTML 1.0 Transitional//EN"
    "http://www.w3.org/TR/xhtml1/DTD/xhtml1-transitional.dtd">
<html xmlns="http://www.w3.org/1999/xhtml" xml:lang="en" lang="en">
 <head>
  <title>
</title>
<meta http-equiv="Content-Type" content="text/html;charset=utf-8" />
  <meta name='ocr-system' content='tesseract 3.04.00' />
  <meta name='ocr-capabilities' content='ocr_page ocr_carea ocr_par ocr_line ocrx_word'/>
</head>
<body>
  <div class='ocr_page' id='page_1' title='image "./comentumsuperda01unkngoog_0139.png"; bbox 0 0 4542 6842; ppageno 0'>
   <div class='ocr_carea' id='block_1_1' title="bbox 816 952 1574 1028">
    <p class='ocr_par' dir='ltr' id='par_1_1' title="bbox 816 952 1574 1028">
     <span class='ocr_line' id='line_1_1' title="bbox 816 952 1574 1028; baseline 0.008 -17"><span class='ocrx_word' id='word_1_1' title='bbox 816 956 956 1014; x_wconf 75' lang='lat' dir='ltr'><strong>murus</strong></span> <span class='ocrx_word' id='word_1_2' title='bbox 979 961 1158 1028; x_wconf 79' lang='lat' dir='ltr'><strong>ouanrus.</strong></span> <span class='ocrx_word' id='word_1_3' title='bbox 1505 952 1574 1021; x_wconf 79' lang='lat'><strong>125</strong></span> 
     </span>
    </p>
   </div>
   <div class='ocr_carea' id='block_1_2' title="bbox 379 1098 1578 4929">
    <p class='ocr_par' dir='ltr' id='par_1_2' title="bbox 379 1098 1578 4929">
     <span class='ocr_line' id='line_1_2' title="bbox 398 1098 1578 1201; baseline 0.007 -29"><span class='ocrx_word' id='word_1_4' title='bbox 398 1098 564 1194; x_wconf 83' lang='lat' dir='ltr'><strong>pelactus</strong></span> <span class='ocrx_word' id='word_1_5' title='bbox 589 1100 753 1176; x_wconf 83' lang='lat' dir='ltr'><strong>novitate</strong></span> <span class='ocrx_word' id='word_1_6' title='bbox 779 1103 832 1177; x_wconf 93' lang='lat' dir='ltr'><strong>rei</strong></span> <span class='ocrx_word' id='word_1_7' title='bbox 858 1103 1033 1178; x_wconf 88' lang='lat' dir='ltr'><strong>mirabilis</strong></span> <span class='ocrx_word' id='word_1_8' title='bbox 1051 1113 1089 1181; x_wconf 90' lang='lat' dir='ltr'><strong>et</strong></span> <span class='ocrx_word' id='word_1_9' title='bbox 1105 1104 1258 1180; x_wconf 75' lang='lat' dir='ltr'><strong>insolite</strong></span> <span class='ocrx_word' id='word_1_10' title='bbox 1282 1106 1382 1201; x_wconf 91' lang='lat' dir='ltr'><strong>milri,</strong></span> <span class='ocrx_word' id='word_1_11' title='bbox 1407 1111 1446 1181; x_wconf 87' lang='lat' dir='ltr'><strong>ol</strong></span> <span class='ocrx_word' id='word_1_12' title='bbox 1468 1128 1578 1181; x_wconf 82' lang='lat' dir='ltr'><strong>curro</strong></span> 
     </span>
     <span class='ocr_line' id='line_1_3' title="bbox 397 1221 1576 1323; baseline 0.007 -30"><span class='ocrx_word' id='word_1_13' title='bbox 397 1222 490 1294; x_wconf 86' lang='lat' dir='ltr'><strong>delto</strong></span> <span class='ocrx_word' id='word_1_14' title='bbox 516 1224 603 1313; x_wconf 85' lang='lat' dir='ltr'><strong>luce,</strong></span> <span class='ocrx_word' id='word_1_15' title='bbox 631 1221 732 1317; x_wconf 79' lang='lat' dir='ltr'><strong>idest,</strong></span> <span class='ocrx_word' id='word_1_16' title='bbox 759 1222 855 1315; x_wconf 90' lang='lat' dir='ltr'><strong>solis,</strong></span> <span class='ocrx_word' id='word_1_17' title='bbox 882 1224 942 1297; x_wconf 86' lang='lat' dir='ltr'><strong>cui</strong></span> <span class='ocrx_word' id='word_1_18' title='bbox 967 1232 1084 1320; x_wconf 81' lang='lat' dir='ltr'><strong>poetae</strong></span> <span class='ocrx_word' id='word_1_19' title='bbox 1108 1225 1316 1300; x_wconf 90' lang='lat' dir='ltr'><strong>attribuunt</strong></span> <span class='ocrx_word' id='word_1_20' title='bbox 1344 1226 1576 1323; x_wconf 82' lang='lat' dir='ltr'>quadrigam,</span> 
     </span>
     <span class='ocr_line' id='line_1_4' title="bbox 396 1339 1576 1440; baseline 0.007 -25"><span class='ocrx_word' id='word_1_21' title='bbox 396 1339 499 1433; x_wconf 86' lang='lat' dir='ltr'><strong>idest,</strong></span> <span class='ocrx_word' id='word_1_22' title='bbox 532 1363 686 1417; x_wconf 85' lang='lat' dir='ltr'><strong>currum</strong></span> <span class='ocrx_word' id='word_1_23' title='bbox 723 1351 885 1439; x_wconf 91' lang='lat' dir='ltr'><strong>quatuor</strong></span> <span class='ocrx_word' id='word_1_24' title='bbox 917 1352 1096 1439; x_wconf 86' lang='lat' dir='ltr'><strong>rotarum,</strong></span> <span class='ocrx_word' id='word_1_25' title='bbox 1121 1346 1209 1440; x_wconf 93' lang='lat' dir='ltr'><strong>quia</strong></span> <span class='ocrx_word' id='word_1_26' title='bbox 1239 1347 1293 1422; x_wconf 91' lang='lat' dir='ltr'><strong>sol</strong></span> <span class='ocrx_word' id='word_1_27' title='bbox 1330 1348 1438 1423; x_wconf 85' lang='lat' dir='ltr'><strong>ellicit</strong></span> <span class='ocrx_word' id='word_1_28' title='bbox 1471 1349 1576 1424; x_wconf 92' lang='lat' dir='ltr'><strong>nobis</strong></span> 
     </span>
     <span class='ocr_line' id='line_1_5' title="bbox 397 1464 1571 1563; baseline 0.004 -27"><span class='ocrx_word' id='word_1_29' title='bbox 397 1471 559 1557; x_wconf 87' lang='lat' dir='ltr'><strong>quatuor</strong></span> <span class='ocrx_word' id='word_1_30' title='bbox 585 1471 753 1559; x_wconf 90' lang='lat' dir='ltr'><strong>tempora</strong></span> <span class='ocrx_word' id='word_1_31' title='bbox 778 1464 876 1558; x_wconf 87' lang='lat' dir='ltr'><strong>anni,</strong></span> <span class='ocrx_word' id='word_1_32' title='bbox 893 1465 1027 1559; x_wconf 93' lang='lat' dir='ltr'><strong>quibus</strong></span> <span class='ocrx_word' id='word_1_33' title='bbox 1048 1467 1223 1541; x_wconf 91' lang='lat' dir='ltr'><strong>velociter</strong></span> <span class='ocrx_word' id='word_1_34' title='bbox 1249 1466 1376 1563; x_wconf 86' lang='lat' dir='ltr'><strong>currit,</strong></span> <span class='ocrx_word' id='word_1_35' title='bbox 1396 1475 1434 1544; x_wconf 87' lang='lat' dir='ltr'><strong>et</strong></span> <span class='ocrx_word' id='word_1_36' title='bbox 1450 1468 1571 1544; x_wconf 85' lang='lat' dir='ltr'><strong>lucem</strong></span> 
     </span>
     <span class='ocr_line' id='line_1_6' title="bbox 396 1582 1572 1679; baseline 0.007 -26"><span class='ocrx_word' id='word_1_37' title='bbox 396 1599 504 1654; x_wconf 86' lang='lat' dir='ltr'><strong>suam</strong></span> <span class='ocrx_word' id='word_1_38' title='bbox 529 1582 712 1676; x_wconf 78' lang='lat' dir='ltr'><strong>dispensat</strong></span> <span class='ocrx_word' id='word_1_39' title='bbox 736 1593 774 1659; x_wconf 90' lang='lat' dir='ltr'><strong>et</strong></span> <span class='ocrx_word' id='word_1_40' title='bbox 798 1582 981 1657; x_wconf 78' lang='lat' dir='ltr'><strong>distribuit</strong></span> <span class='ocrx_word' id='word_1_41' title='bbox 1005 1584 1196 1679; x_wconf 82' lang='lat' dir='ltr'><strong>omnibus3</strong></span> <span class='ocrx_word' id='word_1_42' title='bbox 1224 1592 1261 1659; x_wconf 90' lang='lat' dir='ltr'><strong>et</strong></span> <span class='ocrx_word' id='word_1_43' title='bbox 1286 1586 1394 1660; x_wconf 87' lang='lat' dir='ltr'><strong>dicit:</strong></span> <span class='ocrx_word' id='word_1_44' title='bbox 1426 1608 1490 1660; x_wconf 89' lang='lat' dir='ltr'><strong>ooe</strong></span> <span class='ocrx_word' id='word_1_45' title='bbox 1515 1596 1572 1661; x_wconf 87' lang='lat' dir='ltr'><strong>tro</strong></span> 
     </span>
     <span class='ocr_line' id='line_1_7' title="bbox 397 1702 1572 1801; baseline 0.006 -27"><span class='ocrx_word' id='word_1_46' title='bbox 397 1706 459 1775; x_wconf 84' lang='lat' dir='ltr'><strong>noi</strong></span> <span class='ocrx_word' id='word_1_47' title='bbox 481 1709 515 1775; x_wconf 83' lang='lat' dir='ltr'><strong>et</strong></span> <span class='ocrx_word' id='word_1_48' title='bbox 537 1705 707 1799; x_wconf 76' lang='lat' dir='ltr'><strong>Aquilone</strong></span> <span class='ocrx_word' id='word_1_49' title='bbox 730 1707 886 1795; x_wconf 78' lang='lat' dir='ltr'><strong>introeo,</strong></span> <span class='ocrx_word' id='word_1_50' title='bbox 913 1702 1016 1797; x_wconf 80' lang='lat' dir='ltr'><strong>idest,</strong></span> <span class='ocrx_word' id='word_1_51' title='bbox 1042 1703 1137 1780; x_wconf 88' lang='lat' dir='ltr'><strong>inter</strong></span> <span class='ocrx_word' id='word_1_52' title='bbox 1168 1704 1266 1799; x_wconf 89' lang='lat' dir='ltr'><strong>ipsos</strong></span> <span class='ocrx_word' id='word_1_53' title='bbox 1291 1712 1328 1779; x_wconf 91' lang='lat' dir='ltr'><strong>et</strong></span> <span class='ocrx_word' id='word_1_54' title='bbox 1354 1707 1572 1801; x_wconf 91' lang='lat' dir='ltr'><strong>septentrio·</strong></span> 
     </span>
     <span class='ocr_line' id='line_1_8' title="bbox 396 1823 1570 1922; baseline 0.005 -28"><span class='ocrx_word' id='word_1_55' title='bbox 396 1842 504 1917; x_wconf 84' lang='lat' dir='ltr'><strong>nem3</strong></span> <span class='ocrx_word' id='word_1_56' title='bbox 531 1830 568 1897; x_wconf 93' lang='lat' dir='ltr'><strong>et</strong></span> <span class='ocrx_word' id='word_1_57' title='bbox 593 1823 752 1921; x_wconf 81' lang='lat' dir='ltr'><strong>intellige</strong></span> <span class='ocrx_word' id='word_1_58' title='bbox 769 1827 868 1920; x_wconf 92' lang='lat' dir='ltr'><strong>quod</strong></span> <span class='ocrx_word' id='word_1_59' title='bbox 890 1824 1061 1922; x_wconf 79' lang='lat' dir='ltr'><strong>Virgilius</strong></span> <span class='ocrx_word' id='word_1_60' title='bbox 1080 1833 1117 1901; x_wconf 89' lang='lat' dir='ltr'><strong>et</strong></span> <span class='ocrx_word' id='word_1_61' title='bbox 1133 1826 1269 1901; x_wconf 87' lang='lat' dir='ltr'><strong>Dantes</strong></span> <span class='ocrx_word' id='word_1_62' title='bbox 1291 1834 1398 1901; x_wconf 90' lang='lat' dir='ltr'><strong>erant</strong></span> <span class='ocrx_word' id='word_1_63' title='bbox 1418 1826 1570 1901; x_wconf 92' lang='lat' dir='ltr'><strong>nuncin</strong></span> 
     </span>
     <span class='ocr_line' id='line_1_9' title="bbox 396 1942 1569 2040; baseline 0.004 -25"><span class='ocrx_word' id='word_1_64' title='bbox 396 1942 616 2038; x_wconf 91' lang='lat' dir='ltr'><strong>hemisperio</strong></span> <span class='ocrx_word' id='word_1_65' title='bbox 642 1945 704 2019; x_wconf 93' lang='lat' dir='ltr'><strong>illo</strong></span> <span class='ocrx_word' id='word_1_66' title='bbox 729 1946 903 2040; x_wconf 86' lang='lat' dir='ltr'><strong>interiori,</strong></span> <span class='ocrx_word' id='word_1_67' title='bbox 929 1945 1104 2040; x_wconf 91' lang='lat' dir='ltr'><strong>quoniam</strong></span> <span class='ocrx_word' id='word_1_68' title='bbox 1130 1946 1167 2019; x_wconf 96' lang='lat' dir='ltr'><strong>in</strong></span> <span class='ocrx_word' id='word_1_69' title='bbox 1194 1953 1320 2021; x_wconf 91' lang='lat' dir='ltr'><strong>nostro</strong></span> <span class='ocrx_word' id='word_1_70' title='bbox 1341 1948 1482 2021; x_wconf 84' lang='lat' dir='ltr'><strong>honest</strong></span> <span class='ocrx_word' id='word_1_71' title='bbox 1500 1947 1569 2020; x_wconf 89' lang='lat' dir='ltr'><strong>irn-</strong></span> 
     </span>
     <span class='ocr_line' id='line_1_10' title="bbox 395 2062 1568 2162; baseline 0.004 -26"><span class='ocrx_word' id='word_1_72' title='bbox 395 2062 573 2157; x_wconf 84' lang='lat' dir='ltr'><strong>possibile.</strong></span> <span class='ocrx_word' id='word_1_73' title='bbox 601 2063 774 2139; x_wconf 84' lang='lat' dir='ltr'><strong>Videmus</strong></span> <span class='ocrx_word' id='word_1_74' title='bbox 800 2066 897 2141; x_wconf 89' lang='lat' dir='ltr'><strong>enim</strong></span> <span class='ocrx_word' id='word_1_75' title='bbox 929 2066 1044 2141; x_wconf 87' lang='lat' dir='ltr'><strong>solern</strong></span> <span class='ocrx_word' id='word_1_76' title='bbox 1079 2066 1178 2140; x_wconf 84' lang='lat' dir='ltr'><strong>nasei</strong></span> <span class='ocrx_word' id='word_1_77' title='bbox 1211 2086 1256 2141; x_wconf 80' lang='lat' dir='ltr'><strong>ex</strong></span> <span class='ocrx_word' id='word_1_78' title='bbox 1289 2065 1419 2142; x_wconf 83' lang='lat' dir='ltr'><strong>dextra</strong></span> <span class='ocrx_word' id='word_1_79' title='bbox 1452 2073 1568 2162; x_wconf 88' lang='lat' dir='ltr'><strong>parte,</strong></span> 
     </span>
     <span class='ocr_line' id='line_1_11' title="bbox 393 2182 1567 2279; baseline 0.005 -24"><span class='ocrx_word' id='word_1_80' title='bbox 393 2182 498 2276; x_wconf 82' lang='lat' dir='ltr'><strong>quasi</strong></span> <span class='ocrx_word' id='word_1_81' title='bbox 524 2183 619 2258; x_wconf 93' lang='lat' dir='ltr'><strong>inter</strong></span> <span class='ocrx_word' id='word_1_82' title='bbox 639 2184 819 2259; x_wconf 91' lang='lat' dir='ltr'><strong>orientem</strong></span> <span class='ocrx_word' id='word_1_83' title='bbox 846 2192 884 2260; x_wconf 91' lang='lat' dir='ltr'><strong>et</strong></span> <span class='ocrx_word' id='word_1_84' title='bbox 909 2194 1092 2279; x_wconf 88' lang='lat' dir='ltr'><strong>austrum,</strong></span> <span class='ocrx_word' id='word_1_85' title='bbox 1110 2193 1148 2261; x_wconf 92' lang='lat' dir='ltr'><strong>et</strong></span> <span class='ocrx_word' id='word_1_86' title='bbox 1164 2184 1332 2260; x_wconf 84' lang='lat' dir='ltr'><strong>occidere</strong></span> <span class='ocrx_word' id='word_1_87' title='bbox 1358 2186 1395 2259; x_wconf 96' lang='lat' dir='ltr'><strong>in</strong></span> <span class='ocrx_word' id='word_1_88' title='bbox 1421 2186 1567 2261; x_wconf 90' lang='lat' dir='ltr'><strong>sinistra</strong></span> 
     </span>
     <span class='ocr_line' id='line_1_12' title="bbox 391 2303 1568 2402; baseline 0.003 -25"><span class='ocrx_word' id='word_1_89' title='bbox 391 2311 498 2399; x_wconf 93' lang='lat' dir='ltr'><strong>parte</strong></span> <span class='ocrx_word' id='word_1_90' title='bbox 523 2303 560 2377; x_wconf 95' lang='lat' dir='ltr'><strong>in</strong></span> <span class='ocrx_word' id='word_1_91' title='bbox 585 2304 777 2399; x_wconf 91' lang='lat' dir='ltr'><strong>obliquum</strong></span> <span class='ocrx_word' id='word_1_92' title='bbox 805 2306 908 2400; x_wconf 84' lang='lat' dir='ltr'><strong>quasi</strong></span> <span class='ocrx_word' id='word_1_93' title='bbox 934 2306 1029 2381; x_wconf 90' lang='lat' dir='ltr'><strong>inter</strong></span> <span class='ocrx_word' id='word_1_94' title='bbox 1048 2305 1274 2381; x_wconf 81' lang='lat' dir='ltr'><strong>occidentem</strong></span> <span class='ocrx_word' id='word_1_95' title='bbox 1294 2313 1331 2380; x_wconf 92' lang='lat' dir='ltr'><strong>et</strong></span> <span class='ocrx_word' id='word_1_96' title='bbox 1348 2306 1568 2402; x_wconf 91' lang='lat' dir='ltr'><strong>septentrio-</strong></span> 
     </span>
     <span class='ocr_line' id='line_1_13' title="bbox 392 2426 1564 2523; baseline 0.003 -25"><span class='ocrx_word' id='word_1_97' title='bbox 392 2445 498 2498; x_wconf 90' lang='lat' dir='ltr'><strong>nem:</strong></span> <span class='ocrx_word' id='word_1_98' title='bbox 526 2426 597 2499; x_wconf 87' lang='lat' dir='ltr'><strong>boc</strong></span> <span class='ocrx_word' id='word_1_99' title='bbox 621 2431 746 2500; x_wconf 89' lang='lat' dir='ltr'><strong>autem</strong></span> <span class='ocrx_word' id='word_1_100' title='bbox 772 2434 917 2500; x_wconf 86' lang='lat' dir='ltr'><strong>certum</strong></span> <span class='ocrx_word' id='word_1_101' title='bbox 948 2434 1004 2500; x_wconf 91' lang='lat' dir='ltr'><strong>est</strong></span> <span class='ocrx_word' id='word_1_102' title='bbox 1028 2426 1243 2523; x_wconf 83' lang='lat' dir='ltr'><strong>contingere</strong></span> <span class='ocrx_word' id='word_1_103' title='bbox 1275 2448 1348 2501; x_wconf 93' lang='lat' dir='ltr'><strong>non</strong></span> <span class='ocrx_word' id='word_1_104' title='bbox 1380 2447 1424 2502; x_wconf 86' lang='lat' dir='ltr'><strong>er</strong></span> <span class='ocrx_word' id='word_1_105' title='bbox 1459 2434 1564 2502; x_wconf 91' lang='lat' dir='ltr'><strong>motu</strong></span> 
     </span>
     <span class='ocr_line' id='line_1_14' title="bbox 391 2544 1567 2643; baseline 0.003 -25"><span class='ocrx_word' id='word_1_106' title='bbox 391 2544 503 2640; x_wconf 90' lang='lat' dir='ltr'><strong>ipsius</strong></span> <span class='ocrx_word' id='word_1_107' title='bbox 523 2546 619 2639; x_wconf 84' lang='lat' dir='ltr'><strong>solis,</strong></span> <span class='ocrx_word' id='word_1_108' title='bbox 637 2546 700 2621; x_wconf 89' lang='lat' dir='ltr'><strong>sed</strong></span> <span class='ocrx_word' id='word_1_109' title='bbox 727 2566 773 2621; x_wconf 83' lang='lat' dir='ltr'><strong>ex</strong></span> <span class='ocrx_word' id='word_1_110' title='bbox 800 2553 906 2620; x_wconf 91' lang='lat' dir='ltr'><strong>motu</strong></span> <span class='ocrx_word' id='word_1_111' title='bbox 931 2544 1166 2641; x_wconf 84' lang='lat' dir='ltr'><strong>firmamenti,</strong></span> <span class='ocrx_word' id='word_1_112' title='bbox 1184 2568 1206 2620; x_wconf 89' lang='lat' dir='ltr'><strong>a</strong></span> <span class='ocrx_word' id='word_1_113' title='bbox 1227 2568 1301 2641; x_wconf 93' lang='lat' dir='ltr'><strong>quo</strong></span> <span class='ocrx_word' id='word_1_114' title='bbox 1324 2548 1486 2643; x_wconf 81' lang='lat' dir='ltr'><strong>quotidie</strong></span> <span class='ocrx_word' id='word_1_115' title='bbox 1505 2568 1567 2622; x_wconf 90' lang='lat' dir='ltr'><strong>re·</strong></span> 
     </span>
     <span class='ocr_line' id='line_1_15' title="bbox 391 2666 1565 2763; baseline 0.001 -22"><span class='ocrx_word' id='word_1_116' title='bbox 391 2668 510 2743; x_wconf 89' lang='lat' dir='ltr'><strong>lertur</strong></span> <span class='ocrx_word' id='word_1_117' title='bbox 535 2668 581 2741; x_wconf 91' lang='lat' dir='ltr'><strong>ad</strong></span> <span class='ocrx_word' id='word_1_118' title='bbox 607 2687 792 2761; x_wconf 83' lang='lat' dir='ltr'><strong>occasum,</strong></span> <span class='ocrx_word' id='word_1_119' title='bbox 811 2666 909 2761; x_wconf 93' lang='lat' dir='ltr'><strong>quod</strong></span> <span class='ocrx_word' id='word_1_120' title='bbox 930 2666 1205 2742; x_wconf 84' lang='lat' dir='ltr'><strong>firmamentum</strong></span> <span class='ocrx_word' id='word_1_121' title='bbox 1226 2674 1398 2745; x_wconf 88' lang='lat' dir='ltr'><strong>movetur</strong></span> <span class='ocrx_word' id='word_1_122' title='bbox 1415 2667 1565 2763; x_wconf 88' lang='lat' dir='ltr'><strong>oblique</strong></span> 
     </span>
     <span class='ocr_line' id='line_1_16' title="bbox 391 2786 1565 2882; baseline -0.001 -21"><span class='ocrx_word' id='word_1_123' title='bbox 391 2788 511 2882; x_wconf 90' lang='lat' dir='ltr'><strong>nobis;</strong></span> <span class='ocrx_word' id='word_1_124' title='bbox 537 2787 619 2862; x_wconf 92' lang='lat' dir='ltr'><strong>ideo</strong></span> <span class='ocrx_word' id='word_1_125' title='bbox 644 2789 738 2863; x_wconf 91' lang='lat' dir='ltr'><strong>bene</strong></span> <span class='ocrx_word' id='word_1_126' title='bbox 762 2787 848 2861; x_wconf 86' lang='lat' dir='ltr'><strong>dicit</strong></span> <span class='ocrx_word' id='word_1_127' title='bbox 872 2786 1007 2861; x_wconf 82' lang='lat' dir='ltr'><strong>Dentes</strong></span> <span class='ocrx_word' id='word_1_128' title='bbox 1023 2786 1123 2881; x_wconf 93' lang='lat' dir='ltr'><strong>quod</strong></span> <span class='ocrx_word' id='word_1_129' title='bbox 1140 2788 1193 2860; x_wconf 92' lang='lat' dir='ltr'><strong>sol</strong></span> <span class='ocrx_word' id='word_1_130' title='bbox 1210 2786 1370 2862; x_wconf 81' lang='lat' dir='ltr'><strong>intrabat</strong></span> <span class='ocrx_word' id='word_1_131' title='bbox 1395 2788 1443 2861; x_wconf 93' lang='lat' dir='ltr'><strong>ibi</strong></span> <span class='ocrx_word' id='word_1_132' title='bbox 1469 2788 1565 2861; x_wconf 92' lang='lat' dir='ltr'><strong>inter</strong></span> 
     </span>
     <span class='ocr_line' id='line_1_17' title="bbox 390 2906 1565 3006; baseline -0.002 -23"><span class='ocrx_word' id='word_1_133' title='bbox 390 2929 455 3006; x_wconf 85' lang='lat' dir='ltr'><strong>eos</strong></span> <span class='ocrx_word' id='word_1_134' title='bbox 480 2915 518 2984; x_wconf 90' lang='lat' dir='ltr'><strong>et</strong></span> <span class='ocrx_word' id='word_1_135' title='bbox 542 2908 839 3003; x_wconf 86' lang='lat' dir='ltr'><strong>septentrionem,</strong></span> <span class='ocrx_word' id='word_1_136' title='bbox 864 2906 950 3001; x_wconf 90' lang='lat' dir='ltr'><strong>quia</strong></span> <span class='ocrx_word' id='word_1_137' title='bbox 975 2906 1144 2981; x_wconf 89' lang='lat' dir='ltr'><strong>occidens</strong></span> <span class='ocrx_word' id='word_1_138' title='bbox 1170 2913 1336 2982; x_wconf 90' lang='lat' dir='ltr'><strong>nostrum</strong></span> <span class='ocrx_word' id='word_1_139' title='bbox 1363 2913 1417 2983; x_wconf 90' lang='lat' dir='ltr'><strong>est</strong></span> <span class='ocrx_word' id='word_1_140' title='bbox 1442 2908 1565 2982; x_wconf 88' lang='lat' dir='ltr'><strong>oriens</strong></span> 
     </span>
     <span class='ocr_line' id='line_1_18' title="bbox 390 3025 1561 3121; baseline -0.003 -18"><span class='ocrx_word' id='word_1_141' title='bbox 390 3028 450 3103; x_wconf 94' lang='lat' dir='ltr'><strong>ibi.</strong></span> <span class='ocrx_word' id='word_1_142' title='bbox 476 3029 580 3104; x_wconf 91' lang='lat' dir='ltr'><strong>Unde</strong></span> <span class='ocrx_word' id='word_1_143' title='bbox 612 3035 697 3103; x_wconf 89' lang='lat' dir='ltr'><strong>nota</strong></span> <span class='ocrx_word' id='word_1_144' title='bbox 726 3026 882 3101; x_wconf 91' lang='lat' dir='ltr'><strong>ulterius</strong></span> <span class='ocrx_word' id='word_1_145' title='bbox 912 3025 1011 3119; x_wconf 94' lang='lat' dir='ltr'><strong>quod</strong></span> <span class='ocrx_word' id='word_1_146' title='bbox 1042 3048 1064 3101; x_wconf 93' lang='lat' dir='ltr'><strong>a</strong></span> <span class='ocrx_word' id='word_1_147' title='bbox 1095 3026 1213 3100; x_wconf 93' lang='lat' dir='ltr'><strong>tribus</strong></span> <span class='ocrx_word' id='word_1_148' title='bbox 1244 3027 1408 3121; x_wconf 90' lang='lat' dir='ltr'><strong>partibus</strong></span> <span class='ocrx_word' id='word_1_149' title='bbox 1438 3032 1561 3120; x_wconf 82' lang='lat' dir='ltr'><strong>terrae,</strong></span> 
     </span>
     <span class='ocr_line' id='line_1_19' title="bbox 389 3146 1562 3243; baseline -0.003 -20"><span class='ocrx_word' id='word_1_150' title='bbox 389 3150 525 3224; x_wconf 88' lang='lat' dir='ltr'><strong>scilieet</strong></span> <span class='ocrx_word' id='word_1_151' title='bbox 550 3149 703 3243; x_wconf 80' lang='lat' dir='ltr'><strong>oriente,</strong></span> <span class='ocrx_word' id='word_1_152' title='bbox 729 3148 928 3241; x_wconf 84' lang='lat' dir='ltr'><strong>occidente,</strong></span> <span class='ocrx_word' id='word_1_153' title='bbox 954 3147 1118 3241; x_wconf 88' lang='lat' dir='ltr'><strong>meridie,</strong></span> <span class='ocrx_word' id='word_1_154' title='bbox 1140 3146 1310 3243; x_wconf 89' lang='lat' dir='ltr'><strong>splendor</strong></span> <span class='ocrx_word' id='word_1_155' title='bbox 1335 3148 1420 3223; x_wconf 93' lang='lat' dir='ltr'><strong>solis</strong></span> <span class='ocrx_word' id='word_1_156' title='bbox 1444 3153 1562 3242; x_wconf 88' lang='lat' dir='ltr'><strong>potest</strong></span> 
     </span>
     <span class='ocr_line' id='line_1_20' title="bbox 388 3268 1563 3363; baseline -0.003 -20"><span class='ocrx_word' id='word_1_157' title='bbox 388 3269 527 3344; x_wconf 92' lang='lat' dir='ltr'><strong>intrare</strong></span> <span class='ocrx_word' id='word_1_158' title='bbox 544 3268 581 3343; x_wconf 96' lang='lat' dir='ltr'><strong>in</strong></span> <span class='ocrx_word' id='word_1_159' title='bbox 599 3290 876 3363; x_wconf 89' lang='lat' dir='ltr'><strong>quamcumque</strong></span> <span class='ocrx_word' id='word_1_160' title='bbox 892 3269 1057 3361; x_wconf 87' lang='lat' dir='ltr'><strong>domum,</strong></span> <span class='ocrx_word' id='word_1_161' title='bbox 1071 3268 1134 3343; x_wconf 92' lang='lat' dir='ltr'><strong>sed</strong></span> <span class='ocrx_word' id='word_1_162' title='bbox 1153 3289 1175 3342; x_wconf 93' lang='lat' dir='ltr'><strong>a</strong></span> <span class='ocrx_word' id='word_1_163' title='bbox 1193 3268 1440 3363; x_wconf 89' lang='lat' dir='ltr'><strong>septentrione</strong></span> <span class='ocrx_word' id='word_1_164' title='bbox 1466 3289 1563 3342; x_wconf 90' lang='lat' dir='ltr'><strong>nun-</strong></span> 
     </span>
     <span class='ocr_line' id='line_1_21' title="bbox 388 3386 1562 3485; baseline -0.002 -21"><span class='ocrx_word' id='word_1_165' title='bbox 388 3410 526 3483; x_wconf 82' lang='lat' dir='ltr'><strong>quam3</strong></span> <span class='ocrx_word' id='word_1_166' title='bbox 552 3390 651 3483; x_wconf 93' lang='lat' dir='ltr'><strong>quod</strong></span> <span class='ocrx_word' id='word_1_167' title='bbox 676 3388 758 3463; x_wconf 90' lang='lat' dir='ltr'><strong>ideo</strong></span> <span class='ocrx_word' id='word_1_168' title='bbox 784 3388 970 3485; x_wconf 71' lang='lat' dir='ltr'><strong>contingit,</strong></span> <span class='ocrx_word' id='word_1_169' title='bbox 989 3387 1074 3482; x_wconf 90' lang='lat' dir='ltr'><strong>qnia</strong></span> <span class='ocrx_word' id='word_1_170' title='bbox 1101 3388 1155 3462; x_wconf 90' lang='lat' dir='ltr'><strong>sol</strong></span> <span class='ocrx_word' id='word_1_171' title='bbox 1182 3409 1373 3483; x_wconf 90' lang='lat' dir='ltr'><strong>nunquam</strong></span> <span class='ocrx_word' id='word_1_172' title='bbox 1396 3387 1495 3463; x_wconf 91' lang='lat' dir='ltr'><strong>venit</strong></span> <span class='ocrx_word' id='word_1_173' title='bbox 1516 3386 1562 3462; x_wconf 87' lang='lat' dir='ltr'><strong>ad</strong></span> 
     </span>
     <span class='ocr_line' id='line_1_22' title="bbox 386 3508 1563 3605; baseline -0.002 -21"><span class='ocrx_word' id='word_1_174' title='bbox 386 3510 748 3605; x_wconf 86' lang='lat' dir='ltr'><strong>septentrionem-</strong></span> <span class='ocrx_word' id='word_1_175' title='bbox 765 3512 855 3583; x_wconf 84' lang='lat' dir='ltr'><strong>Ond&#39;</strong></span> <span class='ocrx_word' id='word_1_176' title='bbox 867 3511 925 3582; x_wconf 82' lang='lat' dir='ltr'><strong>elli</strong></span> <span class='ocrx_word' id='word_1_177' title='bbox 948 3530 973 3581; x_wconf 87' lang='lat' dir='ltr'><strong>u</strong></span> <span class='ocrx_word' id='word_1_178' title='bbox 998 3530 1061 3581; x_wconf 83' lang='lat' dir='ltr'><strong>me.</strong></span> <span class='ocrx_word' id='word_1_179' title='bbox 1079 3508 1146 3583; x_wconf 87' lang='lat' dir='ltr'><strong>llic</strong></span> <span class='ocrx_word' id='word_1_180' title='bbox 1163 3516 1270 3604; x_wconf 87' lang='lat' dir='ltr'><strong>poeta</strong></span> <span class='ocrx_word' id='word_1_181' title='bbox 1292 3514 1416 3584; x_wconf 92' lang='lat' dir='ltr'><strong>noster</strong></span> <span class='ocrx_word' id='word_1_182' title='bbox 1437 3515 1563 3583; x_wconf 90' lang='lat' dir='ltr'><strong>osten·</strong></span> 
     </span>
     <span class='ocr_line' id='line_1_23' title="bbox 385 3627 1562 3727; baseline -0.002 -24"><span class='ocrx_word' id='word_1_183' title='bbox 385 3628 436 3704; x_wconf 93' lang='lat' dir='ltr'><strong>dit</strong></span> <span class='ocrx_word' id='word_1_184' title='bbox 462 3630 621 3724; x_wconf 79' lang='lat' dir='ltr'><strong>qualiter</strong></span> <span class='ocrx_word' id='word_1_185' title='bbox 647 3629 817 3727; x_wconf 84' lang='lat' dir='ltr'><strong>Virgilius</strong></span> <span class='ocrx_word' id='word_1_186' title='bbox 842 3628 1083 3704; x_wconf 83' lang='lat' dir='ltr'><strong>declaraverit</strong></span> <span class='ocrx_word' id='word_1_187' title='bbox 1103 3627 1170 3701; x_wconf 93' lang='lat' dir='ltr'><strong>sibi</strong></span> <span class='ocrx_word' id='word_1_188' title='bbox 1197 3649 1315 3723; x_wconf 91' lang='lat' dir='ltr'><strong>quare</strong></span> <span class='ocrx_word' id='word_1_189' title='bbox 1340 3636 1378 3704; x_wconf 94' lang='lat' dir='ltr'><strong>et</strong></span> <span class='ocrx_word' id='word_1_190' title='bbox 1404 3628 1562 3723; x_wconf 89' lang='lat' dir='ltr'><strong>qualiter</strong></span> 
     </span>
     <span class='ocr_line' id='line_1_24' title="bbox 386 3746 1559 3843; baseline -0.003 -18"><span class='ocrx_word' id='word_1_191' title='bbox 386 3750 439 3825; x_wconf 87' lang='lat' dir='ltr'><strong>sol</strong></span> <span class='ocrx_word' id='word_1_192' title='bbox 465 3749 577 3824; x_wconf 90' lang='lat' dir='ltr'><strong>intrat</strong></span> <span class='ocrx_word' id='word_1_193' title='bbox 601 3748 707 3824; x_wconf 91' lang='lat' dir='ltr'><strong>aliter</strong></span> <span class='ocrx_word' id='word_1_194' title='bbox 732 3748 768 3823; x_wconf 96' lang='lat' dir='ltr'><strong>in</strong></span> <span class='ocrx_word' id='word_1_195' title='bbox 795 3750 856 3823; x_wconf 93' lang='lat' dir='ltr'><strong>illo</strong></span> <span class='ocrx_word' id='word_1_196' title='bbox 881 3748 1113 3843; x_wconf 84' lang='lat' dir='ltr'><strong>hemisperio,</strong></span> <span class='ocrx_word' id='word_1_197' title='bbox 1136 3748 1245 3823; x_wconf 87' lang='lat' dir='ltr'><strong>aliter</strong></span> <span class='ocrx_word' id='word_1_198' title='bbox 1269 3748 1307 3821; x_wconf 94' lang='lat' dir='ltr'><strong>in</strong></span> <span class='ocrx_word' id='word_1_199' title='bbox 1333 3754 1469 3823; x_wconf 91' lang='lat' dir='ltr'><strong>nostro.</strong></span> <span class='ocrx_word' id='word_1_200' title='bbox 1489 3746 1559 3822; x_wconf 91' lang='lat' dir='ltr'><strong>Sed</strong></span> 
     </span>
     <span class='ocr_line' id='line_1_25' title="bbox 384 3867 1560 3965; baseline -0.004 -20"><span class='ocrx_word' id='word_1_201' title='bbox 384 3876 584 3965; x_wconf 89' lang='lat' dir='ltr'><strong>antequam</strong></span> <span class='ocrx_word' id='word_1_202' title='bbox 612 3870 830 3945; x_wconf 83' lang='lat' dir='ltr'><strong>descendam</strong></span> <span class='ocrx_word' id='word_1_203' title='bbox 860 3868 907 3944; x_wconf 91' lang='lat' dir='ltr'><strong>ad</strong></span> <span class='ocrx_word' id='word_1_204' title='bbox 938 3867 1203 3964; x_wconf 81' lang='lat' dir='ltr'><strong>expositionem</strong></span> <span class='ocrx_word' id='word_1_205' title='bbox 1235 3868 1361 3964; x_wconf 73' lang='lat' dir='ltr'><strong>litere,</strong></span> <span class='ocrx_word' id='word_1_206' title='bbox 1387 3869 1434 3943; x_wconf 90' lang='lat' dir='ltr'><strong>ad</strong></span> <span class='ocrx_word' id='word_1_207' title='bbox 1464 3868 1560 3942; x_wconf 89' lang='lat' dir='ltr'><strong>illius</strong></span> 
     </span>
     <span class='ocr_line' id='line_1_26' title="bbox 383 3988 1558 4087; baseline -0.003 -23"><span class='ocrx_word' id='word_1_208' title='bbox 383 3991 522 4065; x_wconf 81' lang='lat' dir='ltr'><strong>claram</strong></span> <span class='ocrx_word' id='word_1_209' title='bbox 550 3990 822 4087; x_wconf 89' lang='lat' dir='ltr'><strong>intelligentiam</strong></span> <span class='ocrx_word' id='word_1_210' title='bbox 856 3995 1000 4084; x_wconf 91' lang='lat' dir='ltr'><strong>oportet</strong></span> <span class='ocrx_word' id='word_1_211' title='bbox 1033 3988 1153 4083; x_wconf 90' lang='lat' dir='ltr'><strong>primo</strong></span> <span class='ocrx_word' id='word_1_212' title='bbox 1184 3988 1307 4083; x_wconf 92' lang='lat' dir='ltr'><strong>aliqua</strong></span> <span class='ocrx_word' id='word_1_213' title='bbox 1342 3996 1482 4064; x_wconf 89' lang='lat' dir='ltr'><strong>notare.</strong></span> <span class='ocrx_word' id='word_1_214' title='bbox 1516 3988 1558 4062; x_wconf 85' lang='lat' dir='ltr'><strong>Et</strong></span> 
     </span>
     <span class='ocr_line' id='line_1_27' title="bbox 383 4108 1558 4206; baseline -0.001 -23"><span class='ocrx_word' id='word_1_215' title='bbox 383 4110 503 4205; x_wconf 91' lang='lat' dir='ltr'><strong>primo</strong></span> <span class='ocrx_word' id='word_1_216' title='bbox 528 4109 627 4206; x_wconf 95' lang='lat' dir='ltr'><strong>quod</strong></span> <span class='ocrx_word' id='word_1_217' title='bbox 652 4110 786 4185; x_wconf 88' lang='lat' dir='ltr'><strong>ooelum</strong></span> <span class='ocrx_word' id='word_1_218' title='bbox 814 4115 870 4184; x_wconf 88' lang='lat' dir='ltr'><strong>est</strong></span> <span class='ocrx_word' id='word_1_219' title='bbox 895 4128 1029 4204; x_wconf 89' lang='lat' dir='ltr'><strong>eorpus</strong></span> <span class='ocrx_word' id='word_1_220' title='bbox 1055 4109 1252 4206; x_wconf 89' lang='lat' dir='ltr'><strong>sperieum,</strong></span> <span class='ocrx_word' id='word_1_221' title='bbox 1279 4108 1316 4183; x_wconf 96' lang='lat' dir='ltr'><strong>in</strong></span> <span class='ocrx_word' id='word_1_222' title='bbox 1342 4110 1448 4184; x_wconf 87' lang='lat' dir='ltr'><strong>euius</strong></span> <span class='ocrx_word' id='word_1_223' title='bbox 1478 4128 1558 4183; x_wconf 89' lang='lat' dir='ltr'><strong>me·</strong></span> 
     </span>
     <span class='ocr_line' id='line_1_28' title="bbox 381 4229 1557 4325; baseline 0.001 -22"><span class='ocrx_word' id='word_1_224' title='bbox 381 4229 441 4305; x_wconf 93' lang='lat' dir='ltr'><strong>dio</strong></span> <span class='ocrx_word' id='word_1_225' title='bbox 467 4239 524 4306; x_wconf 92' lang='lat' dir='ltr'><strong>est</strong></span> <span class='ocrx_word' id='word_1_226' title='bbox 552 4254 651 4305; x_wconf 91' lang='lat' dir='ltr'><strong>unus</strong></span> <span class='ocrx_word' id='word_1_227' title='bbox 683 4230 855 4325; x_wconf 84' lang='lat' dir='ltr'><strong>circulus,</strong></span> <span class='ocrx_word' id='word_1_228' title='bbox 881 4230 1044 4304; x_wconf 87' lang='lat' dir='ltr'><strong>dividens</strong></span> <span class='ocrx_word' id='word_1_229' title='bbox 1070 4230 1190 4325; x_wconf 89' lang='lat' dir='ltr'><strong>ipsum</strong></span> <span class='ocrx_word' id='word_1_230' title='bbox 1224 4230 1362 4304; x_wconf 89' lang='lat' dir='ltr'><strong>eoelum</strong></span> <span class='ocrx_word' id='word_1_231' title='bbox 1395 4229 1431 4303; x_wconf 95' lang='lat' dir='ltr'><strong>in</strong></span> <span class='ocrx_word' id='word_1_232' title='bbox 1465 4230 1557 4305; x_wconf 87' lang='lat' dir='ltr'><strong>duas</strong></span> 
     </span>
     <span class='ocr_line' id='line_1_29' title="bbox 380 4348 1554 4447; baseline -0.001 -24"><span class='ocrx_word' id='word_1_233' title='bbox 380 4357 505 4445; x_wconf 89' lang='lat' dir='ltr'><strong>partes</strong></span> <span class='ocrx_word' id='word_1_234' title='bbox 534 4350 709 4447; x_wconf 74' lang='lat' dir='ltr'><strong>equales,</strong></span> <span class='ocrx_word' id='word_1_235' title='bbox 734 4350 799 4445; x_wconf 94' lang='lat' dir='ltr'><strong>qui</strong></span> <span class='ocrx_word' id='word_1_236' title='bbox 824 4357 981 4425; x_wconf 86' lang='lat' dir='ltr'><strong>vocatur</strong></span> <span class='ocrx_word' id='word_1_237' title='bbox 1005 4350 1289 4445; x_wconf 71' lang='lat' dir='ltr'><strong>aequinoctialis:</strong></span> <span class='ocrx_word' id='word_1_238' title='bbox 1316 4356 1402 4424; x_wconf 86' lang='lat' dir='ltr'><strong>sunt</strong></span> <span class='ocrx_word' id='word_1_239' title='bbox 1432 4356 1470 4425; x_wconf 92' lang='lat' dir='ltr'><strong>et</strong></span> <span class='ocrx_word' id='word_1_240' title='bbox 1495 4348 1554 4423; x_wconf 87' lang='lat' dir='ltr'><strong>alii</strong></span> 
     </span>
     <span class='ocr_line' id='line_1_30' title="bbox 379 4468 1553 4565; baseline -0.001 -22"><span class='ocrx_word' id='word_1_241' title='bbox 379 4469 455 4544; x_wconf 93' lang='lat' dir='ltr'><strong>duo</strong></span> <span class='ocrx_word' id='word_1_242' title='bbox 472 4471 599 4545; x_wconf 85' lang='lat' dir='ltr'><strong>circuli</strong></span> <span class='ocrx_word' id='word_1_243' title='bbox 616 4470 888 4565; x_wconf 79' lang='lat' dir='ltr'><strong>aequtdisnnres</strong></span> <span class='ocrx_word' id='word_1_244' title='bbox 900 4470 948 4544; x_wconf 87' lang='lat' dir='ltr'><strong>ab</strong></span> <span class='ocrx_word' id='word_1_245' title='bbox 961 4470 1033 4564; x_wconf 93' lang='lat' dir='ltr'><strong>illo,</strong></span> <span class='ocrx_word' id='word_1_246' title='bbox 1046 4472 1142 4545; x_wconf 91' lang='lat' dir='ltr'><strong>alter</strong></span> <span class='ocrx_word' id='word_1_247' title='bbox 1157 4492 1179 4545; x_wconf 91' lang='lat' dir='ltr'><strong>a</strong></span> <span class='ocrx_word' id='word_1_248' title='bbox 1192 4470 1333 4565; x_wconf 84' lang='lat' dir='ltr'><strong>dextra,</strong></span> <span class='ocrx_word' id='word_1_249' title='bbox 1352 4471 1485 4545; x_wconf 90' lang='lat' dir='ltr'><strong>altera</strong></span> <span class='ocrx_word' id='word_1_250' title='bbox 1502 4468 1553 4543; x_wconf 91' lang='lat' dir='ltr'><strong>si·</strong></span> 
     </span>
     <span class='ocr_line' id='line_1_31' title="bbox 379 4590 1552 4687; baseline 0.002 -22"><span class='ocrx_word' id='word_1_251' title='bbox 379 4590 504 4686; x_wconf 84' lang='lat' dir='ltr'><strong>nistra,</strong></span> <span class='ocrx_word' id='word_1_252' title='bbox 523 4592 586 4687; x_wconf 89' lang='lat' dir='ltr'><strong>qui</strong></span> <span class='ocrx_word' id='word_1_253' title='bbox 611 4592 787 4667; x_wconf 84' lang='lat' dir='ltr'><strong>dicuntur</strong></span> <span class='ocrx_word' id='word_1_254' title='bbox 812 4590 958 4687; x_wconf 87' lang='lat' dir='ltr'><strong>tropici;</strong></span> <span class='ocrx_word' id='word_1_255' title='bbox 984 4612 1146 4686; x_wconf 89' lang='lat' dir='ltr'><strong>quorum</strong></span> <span class='ocrx_word' id='word_1_256' title='bbox 1174 4612 1271 4666; x_wconf 89' lang='lat' dir='ltr'><strong>unus</strong></span> <span class='ocrx_word' id='word_1_257' title='bbox 1298 4596 1453 4667; x_wconf 82' lang='lat' dir='ltr'><strong>vocatur</strong></span> <span class='ocrx_word' id='word_1_258' title='bbox 1473 4596 1552 4667; x_wconf 90' lang='lat' dir='ltr'><strong>tro·</strong></span> 
     </span>
     <span class='ocr_line' id='line_1_32' title="bbox 380 4709 1551 4808; baseline -0.001 -22"><span class='ocrx_word' id='word_1_259' title='bbox 380 4712 482 4807; x_wconf 87' lang='lat' dir='ltr'><strong>picus</strong></span> <span class='ocrx_word' id='word_1_260' title='bbox 507 4712 643 4808; x_wconf 79' lang='lat' dir='ltr'><strong>cancri,</strong></span> <span class='ocrx_word' id='word_1_261' title='bbox 664 4713 741 4787; x_wconf 88' lang='lat' dir='ltr'><strong>sive</strong></span> <span class='ocrx_word' id='word_1_262' title='bbox 766 4710 947 4805; x_wconf 81' lang='lat' dir='ltr'><strong>aestivalis,</strong></span> <span class='ocrx_word' id='word_1_263' title='bbox 964 4711 1050 4805; x_wconf 89' lang='lat' dir='ltr'><strong>quia</strong></span> <span class='ocrx_word' id='word_1_264' title='bbox 1075 4732 1162 4786; x_wconf 86' lang='lat' dir='ltr'><strong>cum</strong></span> <span class='ocrx_word' id='word_1_265' title='bbox 1189 4713 1243 4786; x_wconf 90' lang='lat' dir='ltr'><strong>sol</strong></span> <span class='ocrx_word' id='word_1_266' title='bbox 1269 4710 1479 4806; x_wconf 87' lang='lat' dir='ltr'><strong>pervenerit</strong></span> <span class='ocrx_word' id='word_1_267' title='bbox 1503 4709 1551 4785; x_wconf 90' lang='lat' dir='ltr'><strong>ad</strong></span> 
     </span>
     <span class='ocr_line' id='line_1_33' title="bbox 380 4824 1554 4929; baseline -0.003 -21"><span class='ocrx_word' id='word_1_268' title='bbox 380 4832 560 4908; x_wconf 86' lang='lat' dir='ltr'><strong>circulum</strong></span> <span class='ocrx_word' id='word_1_269' title='bbox 573 4833 682 4906; x_wconf 91' lang='lat' dir='ltr'><strong>istum</strong></span> <span class='ocrx_word' id='word_1_270' title='bbox 696 4832 735 4905; x_wconf 94' lang='lat' dir='ltr'><strong>in</strong></span> <span class='ocrx_word' id='word_1_271' title='bbox 747 4831 852 4929; x_wconf 89' lang='lat' dir='ltr'><strong>signo</strong></span> <span class='ocrx_word' id='word_1_272' title='bbox 865 4831 987 4907; x_wconf 84' lang='lat' dir='ltr'><strong>cancri</strong></span> <span class='ocrx_word' id='word_1_273' title='bbox 1001 4831 1085 4906; x_wconf 86' lang='lat' dir='ltr'><strong>lacit</strong></span> <span class='ocrx_word' id='word_1_274' title='bbox 1098 4831 1202 4906; x_wconf 89' lang='lat' dir='ltr'><strong>nobis</strong></span> <span class='ocrx_word' id='word_1_275' title='bbox 1215 4836 1397 4925; x_wconf 82' lang='lat' dir='ltr'><strong>aestatem3</strong></span> <span class='ocrx_word' id='word_1_276' title='bbox 1411 4831 1506 4907; x_wconf 94' lang='lat' dir='ltr'><strong>alter</strong></span> <span class='ocrx_word' id='word_1_277' title='bbox 1516 4824 1554 4924; x_wconf 80' lang='lat'><strong>(¹)</strong></span> 
     </span>
    </p>
   </div>
   <div class='ocr_carea' id='block_1_3' title="bbox 442 5092 759 5159">
    <p class='ocr_par' dir='ltr' id='par_1_3' title="bbox 442 5092 759 5159">
     <span class='ocr_line' id='line_1_34' title="bbox 442 5092 759 5159; baseline 0 -14"><span class='ocrx_word' id='word_1_278' title='bbox 442 5092 471 5159; x_wconf 81' lang='lat'><strong>(¹)</strong></span> <span class='ocrx_word' id='word_1_279' title='bbox 486 5095 513 5146; x_wconf 87' lang='lat' dir='ltr'><strong>S.</strong></span> <span class='ocrx_word' id='word_1_280' title='bbox 529 5108 545 5145; x_wconf 87' lang='lat' dir='ltr'><strong>e</strong></span> <span class='ocrx_word' id='word_1_281' title='bbox 562 5094 592 5146; x_wconf 80' lang='lat' dir='ltr'><strong>E.</strong></span> <span class='ocrx_word' id='word_1_282' title='bbox 608 5094 673 5146; x_wconf 77' lang='lat' dir='ltr'><strong>alins</strong></span> <span class='ocrx_word' id='word_1_283' title='bbox 688 5109 759 5147; x_wconf 82' lang='lat' dir='ltr'><strong>vero.</strong></span> 
     </span>
    </p>
   </div>
   <div class='ocr_carea' id='block_1_4' title="bbox 0 0 2276 6842">
    <p class='ocr_par' dir='ltr' id='par_1_4' title="bbox 0 0 2276 6842">
     <span class='ocr_line' id='line_1_35' title="bbox 0 0 2276 6842; baseline 0 4"><span class='ocrx_word' id='word_1_284' title='bbox 0 0 2276 6842; x_wconf 95' lang='lat' dir='ltr'><strong> </strong></span> 
     </span>
    </p>
   </div>
  </div>
 </body>
</html>
