4542 6842
730 979 870 1036 usurus
894 981 1053 1038 unumne
1077 981 1222 1038 sununs.
1488 971 1559 1040 too

390 1133 470 1202 tero
505 1125 648 1200 habebo
681 1123 890 1220 opinionem
924 1127 1044 1222 istam,
1086 1147 1210 1222 neque
1244 1126 1349 1202 alteri
1384 1128 1559 1204 suadebo.

389 1245 526 1322 Deinde
550 1247 693 1321 llarcus
710 1267 757 1322 ox
777 1246 892 1340 dictis,
909 1246 1083 1324 damnata
1100 1249 1219 1344 prima
1239 1255 1345 1344 parte
1360 1249 1561 1324 distinctio-

389 1366 445 1440 nis
482 1373 673 1460 tamquam
711 1365 812 1461 laisa,
845 1368 1028 1442 concludit
1065 1368 1264 1444 secundam
1303 1375 1444 1464 partem
1480 1389 1560 1446 esse

389 1507 529 1581 veram,
555 1487 698 1562 dicens:
720 1481 823 1581 perd,
841 1509 878 1562 se
892 1491 919 1562 't
933 1491 1062 1564 cundo
1077 1496 1252 1581 presente,
1269 1488 1371 1583 idest,
1393 1489 1559 1564 homines

254 1678 257 1686 .
388 1606 663 1702 presentialiter
688 1607 852 1682 viventes
878 1607 914 1682 in
933 1607 1083 1703 mundo,
1102 1611 1229 1698 duom,
1246 1607 1381 1682 scilicet
1406 1629 1429 1684 a
1456 1615 1556 1684 recta

389 1727 448 1802 via
472 1727 652 1801 virtutum
678 1735 716 1803 et
743 1748 904 1821 morum,
927 1731 965 1802 in
998 1731 1056 1802 voi
1078 1725 1099 1802 e*
1123 1732 1161 1802 to
1190 1731 1350 1820 capione,
1376 1728 1462 1822 quia
1489 1728 1559 1802 sci·

388 1845 483 1941 licet,
509 1853 564 1922 est
589 1848 695 1943 eulpa
723 1848 925 1942 hominum,
953 1868 1026 1923 non
1050 1848 1254 1942 coelorum3
1272 1855 1309 1924 et
1326 1848 1420 1940 ideo,
1446 1852 1484 1920 in
1501 1852 1559 1922 coi

387 1968 419 2040 st
442 1969 598 2058 meppia,
618 1966 807 2062 inquibus
832 1967 1049 2044 invenietur.
1072 1967 1108 2042 Si
1130 1969 1224 2043 lorte
1239 1968 1345 2044 dicis:
1363 1975 1401 2043 et
1425 1987 1557 2062 quare,

389 2093 430 2161 ut
448 2086 579 2180 dixisti,
596 2088 731 2162 coelum
753 2108 820 2162 nos
844 2088 992 2163 inclinat
1015 2087 1062 2162 ad
1088 2089 1340 2183 peccandum?
1357 2089 1438 2164 dico
1458 2087 1557 2182 quod

387 2207 473 2282 nillil
500 2213 572 2302 est3
598 2208 685 2302 quia
710 2209 789 2302 pari
815 2207 924 2282 modo
957 2208 1075 2283 iorma
1107 2208 1272 2283 mulieris
1302 2209 1412 2283 allicit
1437 2209 1557 2282 visum

387 2335 507 2422 tuum,
534 2335 571 2403 et
596 2349 704 2423 sapor
731 2329 804 2403 vini
820 2335 983 2426 gustum,
1002 2334 1039 2404 et
1057 2338 1182 2405 tamen
1200 2329 1335 2404 mulier
1351 2331 1411 2403 vel
1428 2330 1555 2403 vinum

301 2431 307 2462 ¹
386 2467 460 2523 non
477 2455 532 2523 est
548 2450 585 2522 in
603 2450 719 2545 culpa.
733 2451 780 2524 Et
791 2449 877 2526 dicit
888 2451 1050 2524 Marcus:
1069 2455 1102 2522 et
1115 2452 1151 2522 io
1168 2455 1199 2522 te
1215 2471 1259 2523 oe
1274 2442 1361 2523 sard
1377 2471 1422 2522 or
1438 2451 1555 2524 duona

384 2571 476 2661 opio,
504 2569 608 2662 quasi
634 2569 752 2643 dicat:
780 2588 885 2644 more
910 2569 995 2643 boni
1026 2569 1268 2662 exploratoris
1303 2569 1461 2644 reieram
1491 2570 1554 2644 tibi

388 2693 582 2768 veritatem
608 2693 788 2768 subtiliter
813 2693 1065 2790 investigatam
1091 2693 1139 2767 de
1171 2693 1307 2785 anima,
1334 2701 1372 2768 et
1396 2715 1493 2770 ecce.
1508 2733 1558 2750 -·

387 2817 484 2887 Eece.
506 2814 570 2888 Hic
586 2813 730 2888 Marcus
755 2812 911 2888 ostendit
934 2813 1141 2888 libertatem
1162 2814 1295 2888 animae
1314 2834 1399 2909 quae
1415 2835 1439 2888 a
1455 2815 1557 2909 prin-

387 2933 480 3030 cipio
505 2931 615 3010 habet
638 2933 850 3031 potentiam,
869 2933 1023 3009 sednon
1049 2953 1161 3007 usum
1178 2932 1281 3008 liberi
1299 2933 1456 3008 arbitrii:
1474 2935 1557 3010 ideo

386 3055 560 3152 incipiens
576 3056 625 3130 ab
641 3055 717 3150 ipsa
735 3055 853 3150 prima
871 3054 1052 3129 inlusione
1064 3053 1221 3128 ostendit
1233 3055 1421 3148 quomodo
1433 3055 1557 3129 anima

387 3175 496 3250 datur
520 3196 542 3251 a
568 3176 645 3250 Deo
674 3189 767 3270 pura
797 3182 835 3250 et
866 3175 1111 3250 immaculata.
1145 3173 1280 3249 Ordina
1309 3175 1360 3248 sic
1391 3175 1555 3250 literam:

386 3299 540 3370 lanima
565 3299 783 3388 semplicetto,
817 3295 904 3390 quia
936 3300 991 3370 est
1021 3301 1213 3388 tamquam
1247 3294 1371 3369 tabula
1398 3315 1494 3389 rasa,
1520 3295 1556 3369 in

388 3431 462 3510 qua
487 3415 573 3489 nihil
599 3423 654 3490 est
678 3415 873 3510 depictum,
900 3419 984 3510 apta
1012 3422 1094 3488 nata
1122 3414 1288 3509 recipere
1304 3411 1454 3490 omnem
1483 3413 1554 3488 im·
1622 3491 1628 3504 ,

386 3535 623 3631 pressionem,
642 3536 797 3610 sormam
817 3541 854 3609 et
874 3535 1032 3631 liguram
1051 3533 1333 3630 imprimendam
1358 3534 1555 3628 sinistriore

386 3659 445 3732 cde
469 3677 587 3731 morso
612 3659 661 3732 da
686 3661 762 3731 licto
784 3659 927 3751 saltere,
944 3655 1091 3750 scilicet,
1111 3677 1134 3730 a
1151 3655 1228 3730 lieo
1244 3663 1407 3748 creante,
1433 3657 1557 3728 cuton-

389 3781 453 3852 tier
479 3785 597 3868 urna,
622 3782 815 3872 postquam
841 3781 897 3850 est
916 3775 1034 3850 inlusa
1055 3774 1212 3870 corpori,
1230 3796 1255 3846 α
1271 3767 1325 3848 eid
1341 3777 1401 3848 cte
1421 3778 1458 3848 te
1481 3783 1559 3848 tru-

385 3897 602 3988 suttaddest
615 3896 810 3990 *delectat
824 3915 898 3968 esce
910 3897 948 3968 di
963 3915 1069 3968 muno
1082 3916 1107 3968 u
1119 3899 1212 3985 tnta
1226 3895 1313 3988 lieo,
1326 3897 1387 3966 clre
1404 3897 1558 3986 coptop-

384 4021 459 4110 pia,
486 4011 658 4109 idest*(¹)
683 4015 810 4090 alludit
835 4016 913 4110 sibi,
935 4019 1057 4109 prium
1072 4019 1132 4090 cte
1147 4020 1216 4106 sio,
1234 4015 1336 4110 idest,
1353 4022 1555 4110 antequam

386 4140 597 4214 iniundatnr
622 4137 779 4233 corpori,
805 4158 831 4210 α
853 4139 956 4229 pedu
980 4139 1018 4211 dt
1038 4139 1222 4231 serwiutto,
1248 4135 1352 4229 idest,
1373 4155 1419 4210 eo
1445 4134 1555 4209 modo

386 4275 461 4354 quo
493 4263 598 4353 pater
631 4255 756 4332 alludit
787 4255 984 4350 infantulae,
1010 4257 1081 4348 ode,
1113 4255 1216 4349 idest,
1249 4273 1335 4349 qnae
1367 4255 1556 4348 infantula,

382 4377 744 4472 preoccupemus
762 4375 938 4471 puerizat,
956 4375 1111 4468 veninat,
1129 4376 1290 4465 ridendo,
1307 4395 1327 4447 e
1336 4371 1554 4466 pinupendo,

385 4499 482 4594 quin,
510 4504 551 4571 nt
581 4497 666 4572 dicit
690 4495 862 4571 Horatius
886 4496 933 4570 de
959 4513 1092 4591 puero:
1118 4498 1214 4569 iram
1237 4497 1368 4585 collipr't
1390 4502 1423 4567 et
1446 4497 1554 4587 depo-

383 4623 436 4694 m't
458 4626 493 4693 et
515 4625 668 4692 muctar
691 4619 730 4690 iu
753 4619 872 4690 dorne
887 4651 937 4670 -
950 4619 999 4689 Di
1007 4617 1167 4708 poento.
1185 4615 1251 4690 llic
1270 4613 1414 4689 llarcus
1431 4621 1555 4690 osten·

384 4739 437 4814 dit
461 4738 548 4833 quid
574 4737 693 4832 primo
719 4735 892 4830 impediat
917 4734 1092 4829 animam,
1111 4735 1198 4829 quia
1223 4735 1318 4810 sicut
1342 4754 1476 4830 corpus
1502 4741 1558 4810 est

386 4857 602 4934 naturaliter
626 4855 728 4952 priua
753 4874 865 4950 qnam
893 4853 1028 4949 anima,
1046 4855 1095 4930 ita
1121 4861 1265 4951 oportet
1282 4855 1402 4950 primo
1420 4855 1557 4930 labere

449 5115 476 5178 u>
492 5115 528 5166 ns
545 5115 633 5178 prou
650 5114 689 5165 na
704 5115 713 5164 r
729 5114 780 5165 nso
795 5113 929 5165 coenon
945 5123 992 5165 m
1008 5093 1120 5177 sappiro
1135 5114 1179 5164 aar
1193 5111 1287 5164 more
1303 5117 1358 5163 ur.
