4542 6842
685 964 825 1021 cunnus
849 966 1008 1023 uncrinus
1033 966 1219 1022 snrrrrrns.
1467 956 1540 1025 469

370 1129 483 1202 quum
509 1107 753 1183 demeritorie
783 1110 930 1203 quondo
960 1111 1205 1204 detorquetur
1232 1109 1280 1185 ad
1306 1109 1457 1206 malum,
1484 1112 1544 1187 vel

369 1227 486 1304 currit
509 1229 557 1303 ud
581 1229 722 1303 bonum
747 1250 834 1304 oum
858 1230 988 1305 maiori
1006 1230 1066 1305 vel
1084 1229 1217 1305 minori
1234 1250 1326 1305 cure
1344 1251 1457 1326 quum
1475 1230 1543 1307 de-

368 1347 465 1425 best.
478 1388 528 1405 -
545 1354 597 1423 Or
609 1346 744 1443 perdid.
763 1350 869 1425 Nunc
885 1350 1057 1447 Virgilius
1077 1350 1230 1425 intendit
1246 1350 1441 1426 ostendere
1458 1371 1543 1446 quae

370 1469 455 1543 vitiu
473 1470 645 1547 oriuntur
670 1490 715 1545 ex
740 1491 871 1546 umore
887 1470 986 1565 meli,
1004 1470 1103 1566 quod
1120 1476 1245 1547 tamen
1267 1471 1414 1547 uidetur
1429 1493 1543 1569 appa-

370 1610 456 1665 rens
472 1591 623 1665 bonum.
637 1592 682 1665 Et
697 1591 817 1687 primo
833 1592 1019 1687 praemittil
1036 1590 1136 1686 quod
1152 1592 1234 1668 telis
1249 1612 1356 1666 umor
1373 1599 1429 1667 esi
1445 1613 1543 1668 sem-

370 1730 437 1806 per
460 1710 507 1785 ad
531 1711 646 1785 alium
665 1732 739 1787 non
762 1711 810 1786 ad
835 1732 875 1787 se
900 1712 1040 1807 ipsum3
1059 1710 1147 1807 quis
1166 1732 1274 1787 amor
1289 1732 1437 1809 semper
1454 1733 1544 1789 oon·

370 1836 493 1906 servat
517 1830 621 1905 illum
647 1831 685 1907 in
709 1852 785 1926 quo
810 1838 877 1927 est,
895 1838 933 1907 et
958 1832 1214 1926 unusquisque
1238 1832 1419 1908 desiderat
1436 1829 1542 1907 suom

370 1953 539 2027 salutem.
566 1952 658 2029 uicit
683 1973 793 2050 ergo:
824 1958 876 2027 Or
887 1948 1017 2048 perede*
1032 1974 1138 2029 amor
1153 1957 1227 2028 mai
1246 1976 1319 2027 non
1331 1948 1406 2047 pud
1423 1948 1547 2046 volper‘

371 2078 458 2167 viso,
487 2073 573 2167 quia
599 2072 663 2148 uhi
687 2094 795 2149 amor
819 2073 868 2148 ibi
894 2074 1035 2168 oculus,
1058 2077 1156 2148 dalla
1182 2076 1293 2147 salue
1316 2076 1374 2147 del
1395 2095 1461 2147 suo
1483 2094 1545 2146 su·

370 2196 482 2286 Molo,
512 2192 598 2287 quia
613 2188 649 2286 (¹)
687 2214 795 2268 emor
823 2214 1029 2288 numquam
1060 2200 1180 2289 polest
1210 2194 1386 2269 reoedere
1418 2194 1466 2269 oh
1498 2214 1544 2267 eo

371 2314 477 2389 cuius
501 2321 557 2388 esl
572 2334 700 2408 amor;
717 2317 748 2387 le
768 2334 846 2387 coro
861 2334 928 2387 sou
947 2320 1027 2406 tute,
1044 2314 1147 2409 idest,
1164 2334 1307 2390 securae
1323 2320 1361 2389 el
1378 2320 1543 2408 remote,

370 2436 454 2508 dult'
467 2436 548 2507 odio
578 2436 742 2527 proprio,
768 2432 914 2528 seilicet,
941 2433 1146 2528 suiipsius,
1172 2433 1259 2527 quia
1291 2454 1401 2509 nemo
1426 2440 1545 2530 polest

371 2554 473 2631 odire
497 2575 538 2630 se
562 2554 700 2650 ipsum3
726 2553 891 2629 similiter
917 2574 989 2629 non
1019 2560 1138 2649 polest
1167 2554 1249 2650 quis
1278 2555 1381 2631 odire
1410 2557 1541 2629 Deum.

371 2675 473 2750 Unde
497 2674 599 2749 dicit:
625 2696 645 2747 e
664 2670 794 2767 perede*
816 2677 942 2748 omno
959 2695 1053 2748 esser
1068 2694 1142 2747 reon
1160 2678 1193 2749 si
1209 2666 1280 2768 pud
1295 2679 1473 2749 intendere
1487 2678 1545 2748 di·

373 2800 447 2870 viso
472 2798 536 2869 dal
555 2798 688 2888 primo,
714 2793 861 2889 scilieet,
878 2795 967 2889 Deo,
992 2791 1038 2869 uo*
1055 2814 1125 2888 per
1148 2816 1187 2867 se
1209 2802 1334 2887 stand,
1355 2796 1441 2891 quin
1467 2797 1545 2888 sine

372 2915 448 2991 Deo
473 2913 561 2988 nihil
587 2934 674 3015 esse
706 2920 835 3008 potest,
861 2913 954 3009 ideo,
980 2917 1065 3005 opni
1094 2919 1212 3007 alredo
1241 2911 1263 2989 e*
1288 2918 1416 3007 deciso,
1441 2913 1545 3009 idest,

372 3024 491 3111 omnis
515 3034 659 3111 allectio
685 3040 740 3109 est
765 3042 945 3130 separato,
963 3038 1012 3109 da
1028 3036 1135 3108 odiar
1160 3037 1287 3129 puello,
1303 3035 1395 3111 idest
1425 3036 1544 3130 ipsum

371 3157 533 3253 primum
572 3174 677 3248 esse3
715 3152 820 3248 qnasi
851 3154 969 3229 dicut:
997 3155 1084 3249 quia
1116 3155 1336 3251 impossibile
1363 3156 1545 3251 estquod

371 3275 508 3372 aliquid
533 3294 614 3351 esse
638 3283 806 3352 creatum
825 3274 871 3349 sit
890 3280 928 3349 et
944 3281 1015 3349 slot
1031 3294 1098 3369 per
1118 3294 1160 3349 se
1169 3265 1207 3367 (¹)
1228 3274 1307 3349 sine
1326 3275 1404 3369 ipso
1423 3273 1546 3369 primo

371 3418 463 3491 esse,
488 3395 571 3471 ideo
597 3413 671 3468 non
696 3393 771 3469 odil
795 3393 927 3488 ipsum.
954 3394 998 3469 Et
1022 3414 1070 3469 ex
1096 3394 1152 3467 liis
1181 3393 1291 3469 infert
1316 3394 1542 3490 propositum

370 3518 566 3609 inuentum,
590 3512 739 3608 scilieet,
757 3512 857 3607 quod
876 3512 1002 3587 odium
1021 3521 1077 3589 est
1098 3514 1246 3609 proprie
1260 3513 1309 3587 od
1325 3512 1453 3607 ulium,
1471 3533 1546 3588 non

369 3638 417 3712 nd
443 3657 483 3712 se
508 3634 567 3710 vel
591 3634 638 3708 ad
663 3634 794 3708 Deum.
815 3632 917 3708 Unde
941 3631 1046 3708 dicit:
1071 3641 1180 3726 resta,
1202 3632 1307 3727 idest,
1324 3632 1547 3727 relinquitur

369 3777 480 3855 ergo:
506 3778 545 3829 se
568 3756 633 3842 bero
657 3756 775 3829 estimo
796 3756 995 3844 diofflendo,
1014 3772 1080 3848 per
1096 3754 1223 3829 locum
1238 3776 1261 3829 o
1278 3754 1474 3829 sufficienti
1490 3754 1547 3828 di·

373 3877 522 3971 visione,
548 3877 608 3949 ede
632 3878 707 3949 roal
729 3875 789 3948 ode
812 3876 841 3947 s'
853 3894 951 3965 amo,
968 3874 1038 3948 sub
1058 3871 1183 3949 oolore
1208 3873 1307 3968 boni,
1324 3893 1473 3969 semper
1488 3872 1546 3946 in-

373 3996 524 4093 telliges,
543 3998 608 4069 ode
630 3998 657 4069 il
675 3997 868 4089 prossimo,
889 3992 993 4088 idest,
1013 3992 1097 4068 odio
1118 3994 1248 4088 habet3
1265 3999 1305 4068 el
1320 3992 1394 4067 tale
1418 3992 1545 4066 odium

372 4124 548 4193 ouumtur
579 4114 628 4190 ab
659 4134 789 4189 amore
821 4134 933 4208 quem
964 4114 1074 4189 hebet
1105 4112 1153 4187 ud
1182 4133 1223 4188 se
1253 4113 1385 4209 ipsum,
1416 4118 1450 4185 et
1471 4132 1548 4185 esso

375 4256 492 4328 umor,
518 4235 665 4329 seilicet,
691 4235 789 4329 moli,
814 4255 920 4308 nasce
943 4236 980 4307 iu
1005 4241 1126 4308 vostro
1150 4237 1247 4325 diuo,
1268 4234 1372 4327 idest,
1389 4233 1427 4307 in
1444 4232 1548 4307 vobis

375 4355 594 4450 hominibus,
617 4354 703 4449 quio
728 4353 870 4449 primus
894 4355 1006 4428 homo
1031 4353 1151 4429 locius
1174 4360 1230 4429 est
1254 4353 1302 4428 de
1326 4354 1414 4427 limo
1436 4359 1548 4427 terrae

374 4483 412 4553 et
436 4476 483 4551 ab
508 4476 587 4572 ipso
612 4474 795 4551 oontruxit
819 4494 969 4548 omnem
995 4493 1164 4548 amorem
1190 4472 1288 4567 muli,
1311 4473 1397 4568 quia
1431 4473 1547 4548 voluit

371 4597 631 4673 excellentiam·
652 4594 733 4669 sui:
760 4594 909 4690 ponitur
939 4600 1062 4669 tumen
1092 4593 1151 4667 hic
1181 4593 1336 4669 materia
1365 4614 1433 4688 pro
1466 4614 1548 4668 mu-

373 4719 528 4813 leriulo3
554 4724 591 4793 el
616 4716 720 4793 dicit:
746 4720 784 4790 ie
808 4722 862 4789 ire
893 4717 1001 4806 modi,
1030 4734 1077 4789 ex
1108 4714 1243 4810 quibus
1274 4714 1447 4788 oriuntur
1477 4713 1547 4791 triu

372 4834 491 4936 primo
517 4837 674 4933 pessimo
700 4818 914 4910 vitiu-li.
941 4834 1007 4909 llic
1035 4834 1208 4930 Virgilius
1237 4833 1353 4930 tangil
1381 4832 1545 4930 primurn

437 5098 465 5162 l¹l
482 5101 536 5158 ¹17,
552 5098 627 5158 ideal,
643 5098 712 5162 quin.
900 5092 928 5159 l‘l
944 5094 976 5148 B.
993 5106 1039 5159 per
1054 5107 1082 5146 se
1099 5096 1185 5159 ipsum
1200 5094 1256 5146 sine
1271 5096 1365 5159 primo.
