4542 6842
754 995 893 1052 CANTUS
916 997 1077 1054 unumne
1098 999 1267 1065 noturus.
1523 991 1593 1056 Μ

420 1141 559 1239 gelum
573 1141 660 1237 quia
673 1149 813 1238 quanto
826 1143 934 1240 eulpa
950 1144 1095 1220 invidiae
1111 1152 1167 1220 est
1183 1145 1374 1240 occultior,
1388 1153 1489 1222 tanto
1505 1169 1596 1244 pur·

418 1263 518 1362 gatto
541 1262 657 1340 debet
676 1283 757 1340 esse
777 1263 961 1360 patentior
984 1272 1021 1340 et
1046 1265 1190 1341 clarior.
1209 1266 1253 1340 lit
1269 1266 1371 1363 ponit
1388 1268 1596 1364 responsio

420 1403 508 1460 nem
532 1383 668 1482 Virgilii
695 1384 848 1478 claram,
872 1383 1016 1460 dicens:
1035 1385 1095 1461 ille
1120 1384 1306 1483 Virgilius,
1322 1390 1458 1482 titposc
1479 1410 1504 1461 o
1519 1410 1596 1462 mc:

419 1525 492 1580 nott
517 1507 542 1578 a·
565 1507 873 1598 muruotplt'ure'
843 1527 862 1578 s
885 1527 998 1580 necor
1026 1509 1064 1580 lu
1091 1510 1256 1601 somtpttu
1280 1511 1339 1582 dcl
1365 1513 1464 1602 ciclo,
1489 1510 1593 1606 idest,

418 1623 583 1720 angelica
609 1631 755 1720 natura,
775 1645 861 1720 que
885 1631 941 1701 est
965 1625 1154 1700 familiaris
1171 1625 1337 1704 ministra
1354 1629 1512 1705 coelestis
1528 1650 1595 1725 pe-

369 1773 373 1780 ’
419 1745 642 1840 tristamiliae,
661 1746 878 1838 l'ultbuptta,
893 1745 996 1841 idest,
1013 1746 1240 1840 uborboptiu,
1255 1748 1453 1844 ablncinat,
1471 1771 1594 1826 ercae-

419 1871 490 1959 cat,
516 1885 628 1940 mmo
652 1863 684 1958 ὀ,
704 1865 807 1960 idest,
824 1867 979 1963 angelus
997 1865 1130 1941 m'usus
1146 1889 1169 1944 a
1187 1868 1357 1964 Domino,
1373 1871 1434 1942 olle
1450 1873 1528 1944 oiou
1544 1874 1596 1946 nd

418 1987 551 2060 untur
572 1988 712 2062 cliuum
731 1989 863 2078 ruptio,
880 1985 1026 2081 scilicet,
1044 1987 1091 2063 ad
1116 1987 1231 2062 alium
1258 1987 1451 2064 circulum.
1469 1989 1514 2064 Et
1530 1989 1594 2064 dat

419 2104 485 2180 sibi
511 2105 646 2182 bonam
672 2127 774 2202 spem
802 2105 991 2203 vigorandi
1017 2106 1139 2182 visum
1156 2107 1313 2182 debilem
1339 2107 1378 2182 in
1403 2109 1519 2203 brevi,
1539 2109 1594 2184 (ἱ-

418 2245 527 2300 cens:
552 2232 641 2300 oro
664 2215 754 2300 sord
777 2229 866 2330 clt’a
899 2228 1004 2300 veder
1029 2234 1144 2319 queste
1171 2249 1263 2320 cose,
1288 2229 1500 2324 splendores
1524 2251 1595 2304 an-

418 2347 600 2442 gelorum,
626 2367 699 2420 noe
724 2350 750 2420 a·
771 2350 823 2441 fio
848 2369 973 2440 prum,
999 2369 1059 2422 mo
1080 2350 1154 2441 ficti
1177 2351 1306 2440 ddctto,
1333 2349 1481 2444 scilicet,
1505 2371 1592 2426 cnm

418 2465 579 2561 perfecte
595 2473 774 2564 purgatus
791 2467 982 2562 pervenies
993 2459 1031 2560 (⁴)
1049 2469 1095 2542 nd
1113 2469 1262 2542 coelum.
1279 2469 1323 2541 Et
1339 2468 1442 2545 dicit:
1461 2479 1593 2562 puooto

417 2595 550 2664 namra
575 2610 599 2663 a
622 2592 732 2664 senor
754 2592 779 2662 ti
798 2591 945 2682 da'tposc.
963 2588 1074 2677 Quasi
1092 2589 1205 2664 dicat:
1223 2610 1297 2664 uon
1315 2596 1440 2665 tamen
1461 2592 1593 2666 credas

419 2715 456 2786 te
481 2709 649 2784 visurum
675 2708 825 2805 angelos
857 2707 895 2782 in
926 2708 1022 2783 ooelo
1055 2709 1105 2784 ita
1135 2709 1308 2804 perfecte,
1340 2710 1435 2784 siunt
1468 2711 1594 2786 vident

418 2829 553 2906 anirnae
577 2829 708 2923 beate,
729 2828 815 2923 quia
840 2827 958 2904 donec
974 2827 1047 2904 eris
1064 2849 1152 2902 cnm
1175 2829 1242 2904 ista
1263 2850 1377 2905 carne
1396 2851 1471 2906 non
1487 2838 1593 2927 pote-

420 2950 470 3026 ris
495 2950 633 3026 babere
657 2955 797 3024 mntem
815 2948 973 3046 gratiam
992 2955 1029 3024 et
1048 2949 1234 3024 virtutem.
1246 2954 1380 3025 -Poi
1398 2951 1464 3026 llic
1484 2958 1594 3047 poeta

418 3070 590 3146 describit
615 3069 872 3166 purgationem
897 3069 1031 3144 iactam
1056 3069 1105 3144 ab
1129 3071 1264 3166 angelo
1292 3070 1329 3144 in
1359 3092 1411 3165 se,
1437 3078 1475 3146 et
1499 3071 1594 3144 invi-

420 3190 595 3266 tationem
622 3189 711 3282 eins,
729 3188 933 3264 secundum
952 3189 1051 3284 quod
1067 3189 1290 3286 predixerat
1312 3189 1380 3264 sibi
1406 3190 1589 3288 Virgilius.

419 3310 510 3386 uicit
534 3331 644 3408 ergo:
671 3316 707 3384 et
733 3309 793 3384 ille
812 3309 977 3408 angelus,
995 3312 1087 3384 dore
1101 3331 1169 3384 con
1194 3313 1274 3384 luto
1294 3311 1593 3406 ooce,quian1a·

417 3452 533 3527 gnum
568 3429 747 3526 gaudium
775 3436 832 3506 eu
861 3431 994 3528 angelo
1025 3429 1072 3506 de
1103 3431 1345 3506 conversione
1377 3431 1593 3528 peccatoris,

378 3563 381 3566 ’
417 3558 551 3626 munte
566 3569 638 3643 pue
662 3571 687 3624 o
711 3570 760 3622 uu
776 3552 908 3641 scinco,
922 3549 1071 3646 seilicet,
1087 3551 1134 3626 ad
1151 3572 1345 3627 ascensum
1366 3553 1476 3628 scalae
1492 3551 1590 3627 tertii

418 3671 556 3765 circuli,
592 3691 669 3744 men
699 3677 820 3763 ercttu,
845 3669 949 3765 idest,
980 3671 1101 3746 minus
1133 3672 1294 3747 arduum
1327 3679 1366 3748 et
1395 3672 1593 3768 difficilem,

418 3795 478 3868 me
509 3794 653 3882 loltro,
684 3790 832 3884 scilieet,
861 3790 1084 3885 praepetem,
1109 3790 1196 3886 quia
1231 3793 1329 3868 scala
1360 3792 1506 3867 innidiae
1537 3801 1594 3868 est

420 3913 536 4010 magis
563 3917 682 4006 recta3
708 3916 747 3986 et
770 3911 841 3986 boc
865 3910 967 4004 dixu,
993 3913 1056 4002 poi
1077 3915 1212 4005 summo
1228 3915 1352 4004 goma,
1370 3913 1474 4008 idest,
1493 3920 1594 4008 post·

419 4054 535 4128 quarn
567 4031 815 4128 pervenimus,
841 4033 901 4104 ott
914 4033 1021 4122 anper
1052 4031 1252 4126 benedetto3
1277 4032 1364 4126 qnia
1394 4033 1461 4128 ipsi
1491 4033 1594 4108 mant

419 4153 592 4228 continuo
609 4157 738 4228 eontra
754 4150 941 4247 angelum,
957 4157 994 4225 et
1011 4151 1166 4248 angelus
1182 4151 1353 4226 veniebat
1370 4159 1499 4227 contra
1515 4173 1592 4228 eos.

419 4273 464 4350 tu
488 4272 609 4348 subdit
632 4271 823 4371 gandium,
849 4271 950 4365 quod
974 4271 1142 4348 lecerunt
1166 4271 1301 4346 anime
1333 4293 1419 4366 qne
1453 4293 1593 4371 purga-

420 4392 555 4470 buntur
584 4391 631 4466 ibi
661 4392 707 4468 de
740 4390 959 4487 purgatione
993 4412 1073 4486 sua,
1106 4391 1194 4485 quia
1224 4391 1444 4468 audiverant
1476 4395 1591 4469 verba

418 4510 559 4609 angeli3
590 4511 689 4586 unde
726 4510 830 4586 dicit:
856 4513 918 4584 oei
940 4501 1002 4602 pini
1022 4515 1148 4603 partib
1180 4514 1275 4601 bui,
1304 4511 1408 4606 idest,
1438 4512 1590 4610 digressi

418 4632 466 4708 de
493 4631 632 4706 circulo
662 4629 882 4724 invidorum,
914 4637 1132 4722 moment,
1155 4631 1304 4726 scilicet,
1332 4631 1381 4706 ad
1408 4631 1591 4707 circulum

418 4751 733 4845 iracumlorum,e
759 4754 799 4844 su
824 4757 967 4826 mamb
988 4757 1099 4842 rm,
1117 4751 1166 4826 ab
1195 4751 1264 4826 illis
1293 4751 1477 4848 spiritibus
1501 4754 1593 4829 illud

418 4873 658 4970 Evangelio·
673 4863 731 4964 (²)³
757 4875 857 4946 Bruti
881 4873 1146 4966 mueluorde53
1170 4871 1239 4946 ista
1265 4873 1379 4948 verba
1409 4881 1512 4950 recte
1537 4875 1592 4950 ia·

481 5125 508 5187 ς’)
525 5129 579 5188 tlt,
596 5127 752 5190 perr-ortt.
940 5125 969 5189 (¹)
984 5125 1011 5178 S.
1027 5126 1304 5192 &angelicum-E.
1321 5127 1461 5192 lupelli.
