4542 6842
727 976 865 1033 cunnus
889 977 1047 1031 nscuuus
1071 976 1267 1031 sncuuous.
1510 963 1580 1031 327

410 1130 448 1199 et
471 1124 609 1199 dictum
636 1130 691 1199 est
717 1123 803 1217 quid
829 1122 925 1198 fictio
956 1123 1127 1219 importet
1156 1122 1375 1218 allegorice3
1402 1121 1484 1196 ideo
1510 1142 1583 1195 non

411 1246 517 1339 plura
548 1246 616 1320 hio.
648 1244 740 1319 Dicit
778 1265 896 1340 ergo:
939 1248 1072 1318 Vedevu
1099 1248 1264 1335 Briareo,
1289 1244 1511 1317 immensum
1529 1244 1585 1340 gi·

415 1373 576 1460 gentem,
604 1364 669 1459 qui
693 1364 745 1437 sic
769 1363 886 1438 dictus
912 1371 977 1457 est,
1000 1364 1103 1459 quasi
1131 1363 1221 1437 briae
1248 1383 1345 1457 reus,
1363 1363 1454 1437 idest
1480 1382 1586 1437 men-

411 1504 526 1578 surae,
560 1487 636 1577 ficto
674 1485 738 1557 dol
766 1487 831 1557 telo
861 1486 1028 1575 celestini,
1060 1482 1167 1575 idest,
1205 1503 1229 1558 a
1266 1482 1437 1576 fulmine,
1465 1487 1586 1573 morer

410 1625 522 1696 praue
546 1626 571 1677 a
599 1608 637 1678 lo
661 1612 774 1695 tara,
808 1610 957 1699 propter
991 1603 1277 1699 magnitudinem
1309 1602 1483 1697 eorporis,
1518 1624 1586 1696 per

413 1731 447 1801 lo
473 1729 604 1799 mortui
626 1730 736 1829 pelo„
756 1724 840 1819 quie
856 1718 893 1816 (¹)
917 1744 1015 1799 mors
1038 1723 1155 1799 reddit
1174 1744 1310 1818 eorpus
1328 1724 1490 1820 gelidum
1518 1743 1585 1797 ex-

411 1846 524 1921 tincto
549 1847 672 1921 calore
698 1845 868 1938 naturali,
894 1851 931 1919 et
956 1844 1055 1919 calor
1082 1843 1263 1939 superbiae
1294 1849 1374 1920 erat
1402 1844 1585 1918 extinctus

409 1967 447 2042 iu
473 1987 537 2061 eo;
562 1970 611 2040 du
636 1970 765 2040 fulba
788 1966 1065 2059 praesulcet,
1089 1985 1138 2041 eu
1161 1965 1324 2060 opposito
1349 1965 1517 2041 Luciferi.
1539 1967 1584 2039 Et

412 2092 508 2161 taeta
535 2086 786 2161 fulminatione
813 2086 921 2159 unius
946 2086 1102 2182 gigantis
1121 2084 1282 2162 manime
1303 2085 1483 2179 torribilis,
1503 2092 1584 2159 tan-

411 2206 465 2302 git
490 2206 779 2280 fulminationem
801 2214 1023 2279 caeterorum
1044 2206 1237 2302 gigantum
1266 2206 1301 2279 in
1332 2206 1462 2280 eodem
1486 2207 1581 2281 bello

329 2390 332 2397 .
412 2326 595 2423 giganteo,
614 2348 706 2420 quos
723 2346 853 2401 omnes
870 2325 1034 2422 luppiter
1051 2346 1138 2399 cum
1160 2325 1240 2399 tiliis
1264 2326 1341 2400 suis
1366 2328 1584 2402 fulminavit.

410 2447 502 2521 llicit
527 2467 640 2544 ergo:
667 2452 775 2521 ordre
799 2468 912 2521 annor
942 2448 1113 2534 liotbreo,
1140 2445 1243 2540 idest,
1269 2446 1438 2521 videbam
1472 2449 1583 2521 etiam

412 2567 630 2661 Apollinem,
663 2568 724 2661 qui
755 2570 806 2643 sie
844 2568 975 2643 dicitur
1007 2590 1030 2643 a
1069 2567 1230 2663 Tymbra
1262 2568 1393 2662 insulaJ
1423 2573 1583 2664 Pallade,

413 2709 497 2783 quae
522 2695 559 2762 et
583 2688 743 2762 bliuerva
769 2688 913 2781 dieitur,
934 2710 954 2761 e
977 2694 1105 2779 Morte,
1131 2688 1194 2781 qui
1220 2694 1276 2763 est
1308 2689 1399 2763 deus
1425 2691 1521 2785 belli,
1547 2700 1585 2767 et

411 2828 541 2884 omnes
565 2808 739 2882 dicuntur
763 2808 823 2881 tilii
849 2808 957 2902 forie,
983 2812 1127 2900 armati,
1154 2808 1301 2901 seilicet,
1319 2810 1445 2904 Apollo
1472 2811 1583 2907 sagit-

411 2930 467 3023 tis,
494 2929 611 3003 Pallas
636 2936 740 3003 scuto
766 2935 803 3003 et
828 2929 942 3023 basta,
970 2930 1065 3003 Mars
1089 2929 1261 3003 omnibus
1290 2931 1415 3024 armis,
1440 2933 1582 3006 intorno

409 3051 448 3121 ul
465 3050 582 3140 padre
600 3050 670 3139 lor,
688 3048 822 3123 seilicet
842 3048 983 3141 lovem,
1000 3050 1116 3121 miror
1141 3051 1173 3121 le
1196 3050 1354 3122 orembro
1378 3052 1431 3123 da’
1443 3055 1580 3143 munuli

409 3176 541 3263 sparte,
567 3168 668 3262 idest,
688 3168 875 3263 dispartita
900 3190 923 3243 a
950 3168 1162 3243 fulminibus
1187 3175 1225 3243 et
1249 3190 1375 3264 sparsa
1392 3192 1459 3265 per
1476 3192 1579 3246 cam-

407 3310 473 3385 pos
498 3289 639 3385 Flegrae
665 3288 701 3361 in
728 3289 878 3384 regione
903 3288 1108 3383 Thessaliae,
1137 3296 1179 3362 ut
1203 3289 1340 3364 dictum
1367 3296 1423 3365 est
1448 3291 1582 3367 lnferni

407 3410 566 3505 capitulo
593 3409 696 3483 xllll.
724 3409 767 3481 Et
793 3408 862 3502 bic,
889 3408 1013 3501 lector,
1045 3409 1127 3483 volo
1154 3415 1191 3483 te
1216 3414 1346 3483 notare
1374 3431 1489 3483 unum
1515 3433 1583 3507 pro

408 3529 642 3626 intelligentia
671 3529 780 3603 buius
801 3528 927 3623 literae,
946 3535 983 3602 et
1000 3528 1226 3623 expositione
1245 3530 1447 3605 multorum
1470 3531 1585 3606 dieto-

409 3672 494 3724 rum
523 3646 683 3745 ipsorum
702 3655 891 3743 autorum,
909 3649 1086 3742 uidelicet,
1104 3649 1204 3743 quod
1221 3650 1362 3745 antiqui
1382 3652 1583 3747 philosophi

409 3779 446 3847 et
472 3778 600 3866 poetae,
627 3770 711 3845 licet
741 3770 953 3845 viderentur
979 3790 1117 3864 ponere
1146 3770 1271 3865 plures
1307 3769 1397 3846 deos
1422 3778 1459 3847 et
1483 3772 1582 3867 deas,

409 3899 533 3967 tamen
559 3891 605 3967 de
636 3891 689 3965 rei
722 3890 876 3965 veritate
912 3890 1095 3984 ponebant
1125 3911 1242 3964 unum
1275 3890 1401 3985 deum,
1432 3892 1495 3988 qui
1528 3899 1583 3968 est

407 4012 525 4107 prima
551 4032 664 4086 eausa
690 4010 881 4104 omnium;
908 4010 972 4085 sed
999 4016 1114 4105 poetae
1141 4031 1207 4105 per
1233 4017 1287 4086 tot
1311 4010 1399 4085 deos
1424 4017 1461 4087 et
1495 4012 1583 4089 deas

410 4130 658 4227 intelligebant
672 4129 792 4204 uarias
805 4135 1012 4225 potestates
1027 4128 1182 4205 virtutes
1199 4137 1236 4205 et
1253 4130 1406 4206 effectus
1425 4124 1582 4225 uniusl²l

408 4252 484 4345 Dei,
511 4252 560 4325 ita
585 4250 684 4344 quod
711 4272 807 4325 unus
832 4257 869 4325 et
895 4249 990 4325 idem
1018 4250 1183 4347 luppiter
1200 4258 1281 4326 erat
1297 4252 1425 4346 Apollo
1444 4260 1482 4328 et
1498 4254 1582 4328 Pal-

407 4372 459 4445 las
486 4371 523 4445 iu
547 4371 733 4467 sapientia,
752 4372 846 4444 Mars
866 4370 903 4444 iu
921 4372 1094 4465 potentia,
1112 4372 1314 4446 Mercurius
1341 4373 1377 4446 iu
1403 4376 1582 4470 eloquen-

407 4493 469 4585 tia,
496 4497 532 4567 et
558 4491 606 4565 ita
632 4491 678 4565 de
705 4491 851 4584 multis3
891 4491 989 4585 quod
1021 4497 1139 4566 totum
1172 4492 1387 4568 mirabiliter
1419 4502 1457 4569 et
1482 4496 1583 4569 clare

407 4612 585 4707 expressit
609 4612 775 4686 Valerius
800 4612 963 4686 Soranus
984 4618 1090 4707 poeta
1109 4612 1242 4687 latinus
1267 4613 1304 4686 in
1329 4614 1476 4689 drrobus
1494 4636 1580 4689 ver-

409 4732 520 4826 sinus,
547 4732 597 4807 sic
613 4723 649 4823 (³)
677 4732 823 4807 diceus:
849 4734 1007 4825 luppiter
1023 4736 1239 4827 omnipotens
1256 4754 1379 4825 repam
1394 4756 1581 4828 rerumque

469 4952 494 5013 Γ)
514 4950 543 5001 Ε.
560 4950 627 5001 idest
643 4952 711 5015 quir.

470 5024 498 5089 (¹)
515 5026 545 5078 E.
562 5028 638 5077 unius
654 5028 732 5079 soiius
749 5028 796 5079 Dei
813 5028 857 5092 qui
874 5034 913 5079 est
929 5028 1013 5093 prima
1030 5043 1105 5081 eausa
1122 5032 1248 5092 omnium,
1265 5032 1300 5081 ita
1316 5032 1395 5096 quod.

471 5102 498 5167 (¹)
515 5103 546 5155 ll.
562 5118 577 5154 e
593 5105 618 5156 S.
636 5106 747 5157 breviter
761 5107 799 5157 sie
815 5106 911 5157 dicens.
