4542 6842
698 950 769 1017 21⁰
1056 958 1261 1013 conandum
1285 956 1508 1013 runemonu

696 1105 801 1201 tiqui,
826 1106 873 1179 ad
899 1104 1052 1179 miseras
1077 1104 1220 1179 animas
1244 1103 1487 1199 captivandas.
1500 1109 1596 1175 -ll
1616 1106 1697 1195 puel
1715 1108 1867 1178 Nuretto.

698 1226 764 1299 llic
789 1224 974 1299 Sordellus
1000 1222 1166 1299 nominat
1189 1224 1280 1298 alios
1299 1224 1391 1298 duos
1408 1242 1515 1319 reges
1531 1222 1653 1297 simul.
1671 1223 1724 1298 dd
1739 1225 1872 1321 cogui-

697 1346 832 1421 tionem
859 1345 966 1441 primi
991 1350 1136 1439 oportet
1161 1344 1220 1419 hic
1244 1344 1350 1439 scire,
1373 1344 1473 1439 quod
1492 1343 1597 1418 multi
1615 1344 1752 1439 dicunt,
1770 1345 1868 1439 quod

697 1465 775 1560 iste,
802 1465 865 1559 qui
892 1473 1062 1541 mortuus
1088 1472 1155 1560 est,
1174 1465 1386 1541 deflorando
1412 1465 1540 1555 lilium,
1557 1465 1626 1539 luit
1650 1467 1769 1541 bonus
1795 1468 1871 1541 Ln-

697 1586 848 1661 dovicus
873 1587 1036 1663 Franciae
1062 1608 1142 1679 rex,
1159 1588 1223 1681 qui
1243 1586 1299 1663 bis
1315 1586 1398 1662 lecit
1416 1586 1624 1682 passagium
1645 1587 1763 1681 primo
1779 1608 1871 1662 con·

699 1713 757 1780 tra
782 1706 980 1781 Snldanum
1008 1706 1044 1779 in
1071 1707 1283 1802 AEgyptum,
1304 1706 1367 1780 ubi
1388 1706 1455 1779 luit
1472 1712 1601 1801 captus
1618 1711 1657 1781 et
1681 1704 1869 1799 dimissus,

699 1825 862 1901 secundo
888 1826 924 1899 in
949 1826 1164 1901 Barbarium
1189 1832 1317 1901 contra
1343 1826 1542 1920 Tunitium,
1561 1824 1624 1899 ubi
1648 1825 1768 1901 amisit
1787 1846 1870 1899 ma-

699 1966 811 2041 gnam
838 1954 978 2041 partem
1002 1946 1188 2021 exercitus
1206 1966 1252 2021 ex
1271 1946 1485 2041 pestilentia,
1504 1946 1634 2041 etipse
1652 1945 1872 2038 infirmatus,

702 2072 872 2140 mortuus
898 2067 1014 2141 estin
1040 2050 1180 2141 itinere.
1205 2066 1278 2142 Sed
1304 2068 1405 2142 nullo
1435 2066 1544 2140 modo
1575 2072 1693 2161 potest
1722 2064 1871 2161 intelligi

674 2236 676 2239 -
702 2185 749 2261 de
775 2186 958 2281 predicte,
985 2196 1064 2261 tum
1100 2187 1187 2282 quia
1219 2209 1292 2265 uon
1318 2196 1374 2263 ert
1397 2195 1569 2262 mortuus
1592 2186 1804 2262 deflorando
1829 2186 1874 2259 li-

702 2306 805 2401 lium,
832 2307 986 2403 lugiem,
1007 2316 1087 2382 tum
1114 2309 1201 2403 quia
1226 2308 1295 2382 iste
1320 2308 1387 2382 luit
1412 2308 1468 2383 vir
1492 2315 1652 2402 sanctus,
1669 2314 1707 2383 et
1726 2313 1783 2382 est
1807 2326 1875 2402 po

701 2425 792 2499 situs
818 2425 854 2499 in
880 2428 1046 2524 catalogo
1072 2436 1305 2523 sanctorum;
1323 2428 1405 2503 ideo
1430 2449 1504 2503 non
1528 2428 1637 2503 debet
1661 2427 1745 2523 poni
1764 2427 1822 2501 liic
1837 2427 1874 2500 in

703 2566 862 2620 numero
888 2546 1163 2643 negligentium.
1190 2548 1390 2622 Dicendum
1421 2556 1477 2624 est
1502 2569 1605 2645 ergo,
1631 2548 1729 2641 quod
1755 2546 1877 2641 potius

703 2671 811 2759 poeta
837 2666 1000 2761 loquitur
1026 2668 1073 2742 de
1106 2667 1180 2741 lilio
1210 2667 1301 2761 eius,
1328 2668 1390 2762 qui
1422 2673 1574 2741 vocatus
1605 2676 1661 2743 est
1692 2668 1877 2763 Philippus

704 2785 880 2860 Nasellus.
906 2787 992 2862 ldeo
1018 2788 1173 2862 ulterius
1198 2789 1310 2863 debes
1338 2788 1444 2882 scire,
1469 2788 1567 2881 quod
1597 2788 1666 2862 iste
1692 2787 1877 2883 Philippus

705 2906 774 2980 luit
798 2917 976 3005 cognatus
1001 2909 1138 2983 domini
1163 2908 1260 2983 Petri
1287 2910 1384 3005 regis
1400 2909 1625 3005 lingonum,
1643 2907 1730 3002 quia
1748 2906 1877 2981 habuit
1946 2942 1952 2949 ·

705 3046 871 3102 sororem
899 3028 979 3102 eius
1004 3029 1041 3101 in
1068 3049 1235 3105 uxorem.
1261 3030 1330 3117 Qui
1355 3028 1480 3104 audita
1512 3029 1712 3105 rebellione
1735 3027 1875 3121 Sicilie,

706 3167 819 3239 quam
852 3146 970 3221 dictus
1004 3150 1135 3223 Petrus
1168 3149 1358 3244 eripuerat
1389 3150 1520 3225 Caroln
1550 3148 1565 3221 l
1597 3155 1730 3245 patruo
1765 3148 1878 3243 ipsius
1920 3217 1923 3223 ,

675 3265 868 3363 Philippi,
889 3268 1030 3364 juravit
1063 3269 1185 3344 lacere
1218 3270 1411 3344 vindictam
1444 3269 1490 3343 de
1519 3268 1733 3364 proditione,
1764 3288 1877 3361 quan

706 3387 844 3462 lecerat
861 3388 986 3462 domui
1004 3389 1179 3465 Franciae.
1197 3390 1311 3487 lgitur
1327 3410 1425 3463 anno
1446 3390 1594 3494 llomini⁴
1613 3389 1878 3464 Mcctxxxlv

707 3506 902 3603 Philippus,
920 3508 1042 3584 Sancti
1058 3510 1233 3585 Ludovici
1250 3511 1358 3605 lilius,
1374 3509 1470 3585 lacto
1488 3530 1623 3606 magno
1631 3502 1670 3603 (¹)
1687 3515 1879 3604 apparatu,

707 3648 794 3702 cum
812 3620 848 3721 (¹)
876 3650 1076 3704 numeroso
1107 3629 1424 3726 exercituriginti
1457 3629 1611 3704 millium
1643 3629 1811 3723 equitum
1842 3635 1880 3704 et

708 3740 967 3845 octuaginta&
995 3750 1150 3824 millium
1176 3750 1338 3845 peditum
1364 3750 1705 3845 crucesignatorum
1732 3749 1881 3823 irancu-

709 3889 807 3963 rum,
827 3869 1117 3965 provincialium,
1135 3876 1174 3945 et
1190 3870 1499 3964 theutonicorum,
1516 3889 1603 3943 cum
1623 3869 1784 3943 marimo
1801 3870 1881 3943 tire-

711 4008 823 4063 sauro
849 3989 999 4063 recessit
1023 3988 1070 4065 de
1095 3990 1247 4064 Francia
1272 4010 1358 4065 cum
1393 3990 1557 4084 Philippo
1585 3995 1623 4063 et
1656 3988 1787 4063 carolo
1812 4009 1882 4063 suo

710 4106 795 4201 lilio,
822 4114 859 4183 et
884 4128 970 4182 cum
997 4129 1073 4182 uno
1098 4109 1271 4183 cardinali
1297 4110 1418 4205 legato
1443 4128 1559 4204 papan,
1584 4114 1623 4183 et
1646 4108 1712 4183 irit
1739 4108 1882 4183 Narbo·

713 4250 799 4303 nam
826 4250 938 4303 causa
964 4229 1176 4305 transeundi
1201 4228 1239 4304 in
1263 4229 1486 4304 Cataloniam
1513 4235 1640 4304 contra
1666 4249 1794 4325 regem
1812 4229 1884 4305 Pe·

714 4355 814 4423 trum
833 4370 944 4425 causa
962 4349 1180 4447 subiugandi
1198 4349 1440 4446 tragediam,
1459 4350 1597 4445 deque
1619 4350 1771 4425 sarolus
1788 4350 1885 4424 lilius

712 4470 794 4546 eius
820 4477 900 4546 erat
925 4469 1174 4568 privilegiatus
1198 4472 1246 4545 ab
1271 4471 1430 4546 Ecclesia
1449 4490 1614 4545 mmaua.
1636 4471 1681 4543 tlt
1697 4490 1764 4564 per
1781 4490 1887 4545 mare

712 4591 872 4665 armavit
897 4591 934 4665 in
959 4591 1149 4666 Provincia
1175 4600 1325 4667 centum
1351 4589 1477 4688 viginti
1503 4592 1598 4666 inter
1616 4592 1742 4687 galeas
1758 4598 1796 4665 et
1814 4591 1887 4667 alia

714 4712 831 4808 ligna5
858 4717 896 4785 et
920 4710 1109 4786 coniunxit
1134 4732 1175 4787 se
1199 4733 1287 4786 cum
1312 4710 1461 4787 domiuo
1486 4712 1623 4787 lacobo
1651 4711 1765 4785 lratre
1789 4711 1889 4787 Petri

714 4840 752 4909 et
777 4832 934 4927 inimico,
952 4832 1038 4926 quia
1055 4832 1260 4906 abstulerat
1276 4833 1342 4907 sibi
1360 4832 1517 4907 insulam
1536 4832 1728 4927 llaioricae,
1745 4832 1793 4908 de
1811 4852 1899 4934 qua·

776 5018 804 5082 (¹)
819 5020 850 5070 Ε.
866 5034 881 5069 c
899 5024 952 5079 117,
969 5020 1082 5071 maximo
1097 5028 1230 5085 apparatu.
1389 5018 1419 5085 (Ι)
1434 5022 1460 5074 s,
1477 5035 1538 5073 cum
1554 5021 1700 5072 fimum

778 5094 804 5159 (Ἴ
822 5100 875 5155 117,
893 5096 997 5160 triginta
1012 5095 1136 5147 militurn.
