4542 6842
719 973 790 1040 tat
1081 981 1287 1036 uomuurusr
1311 981 1531 1036 ruauaronu

718 1131 780 1205 bet
790 1121 827 1221 (¹)
842 1125 1035 1224 imaginari
1052 1125 1245 1222 diligenter
1258 1136 1429 1203 naturam
1447 1133 1485 1202 et
1501 1125 1762 1222 proprietatem
1779 1124 1891 1198 huius
2002 1193 2005 1197 ,

652 1293 656 1300 ·
718 1249 805 1342 vitii,
820 1248 919 1344 quod
934 1248 983 1322 ita
996 1247 1179 1344 extinguit
1191 1247 1320 1320 lumen
1337 1247 1487 1321 rationis
1504 1254 1542 1321 et
1557 1247 1715 1344 fumigat
1725 1237 1776 1341 (¹),
1791 1245 1890 1341 quod

719 1371 831 1444 bomo
857 1369 1041 1444 alienatur
1061 1374 1187 1442 mente
1203 1374 1240 1443 et
1257 1367 1412 1442 incurrit
1431 1368 1596 1443 lurorem
1614 1367 1786 1461 lerinum,
1804 1365 1892 1462 quia

720 1492 757 1564 in
783 1490 838 1564 ira
864 1489 1050 1564 crudelius
1076 1489 1188 1562 bomo
1215 1488 1414 1582 bominem,
1444 1509 1558 1583 quam
1591 1488 1670 1564 iera
1695 1488 1811 1563 ieram
1838 1488 1892 1561 la-

719 1617 832 1705 cerat,
867 1617 908 1684 ut
946 1610 1052 1705 plene
1084 1615 1272 1684 ostensum
1304 1615 1361 1683 est
1391 1609 1429 1682 iu
1462 1609 1616 1703 inferno,
1650 1608 1713 1682 ubi
1741 1609 1891 1703 punitur

683 1801 685 1806 .
720 1731 787 1806 ira.
813 1731 919 1804 Nunc
944 1730 991 1804 ad
1016 1730 1184 1804 literam:
1210 1729 1421 1823 dicitquod
1447 1749 1637 1823 nunquam
1664 1735 1772 1825 poeta
1801 1728 1889 1804 vidit

719 1848 981 1926 obscuritatem
1007 1849 1164 1923 similem
1190 1848 1264 1942 isti;
1291 1855 1328 1924 et
1354 1849 1617 1924 sententialiter
1646 1850 1725 1922 vult
1755 1847 1889 1940 dicere,

719 1970 818 2065 quod
844 1989 910 2064 per
936 1977 1054 2044 totum
1081 1974 1227 2062 tempus
1253 1988 1329 2063 quo
1354 1968 1453 2043 stetit
1470 1969 1508 2041 in
1524 1968 1678 2061 interno,
1695 1967 1803 2043 cuius
1819 1966 1891 2042 cir-

718 2092 791 2166 culi
820 2097 906 2164 sunt
936 2109 1065 2164 omnes
1096 2089 1292 2182 tenebrosi,
1318 2095 1355 2164 et
1387 2109 1454 2184 per
1485 2096 1605 2185 totum
1639 2096 1785 2184 tempus
1815 2107 1890 2182 quo

717 2211 815 2285 stetit
840 2209 876 2283 in
903 2209 1041 2283 mundo
1066 2229 1256 2302 nunquam
1285 2208 1372 2283 vidit
1397 2209 1588 2285 tenebram
1608 2209 1762 2282 similem
1790 2207 1886 2281 huic.

717 2330 770 2404 dd
795 2330 939 2404 literam
966 2350 1055 2427 ergo
1080 2329 1165 2404 dicit
1191 2336 1318 2424 poeta:
1336 2333 1439 2421 Boio,
1458 2329 1672 2421 obscuritas,
1694 2332 1890 2423 diaferno,

717 2450 781 2545 qui
806 2457 861 2526 est
886 2470 1032 2546 semper
1058 2457 1094 2526 et
1120 2450 1260 2544 ubique
1285 2450 1477 2544 obscurus,
1499 2451 1581 2545 plus
1606 2455 1731 2525 tamon
1756 2456 1794 2524 et
1819 2450 1890 2523 rni-

719 2591 808 2664 nus3
838 2569 935 2645 unde
960 2571 1008 2644 ibi
1034 2577 1089 2645 est
1113 2570 1240 2645 sumus
1265 2570 1406 2665 paludis
1422 2569 1584 2667 stygialis
1601 2568 1739 2666 lrigidae
1756 2577 1795 2645 et
1817 2571 1889 2643 bu-

620 2723 623 2730 .
721 2690 840 2784 midae,
866 2690 915 2764 ibi
941 2695 996 2764 est
1022 2689 1148 2763 lumus
1172 2709 1297 2764 arenae
1317 2689 1478 2765 ardentis
1498 2689 1624 2764 calidae
1644 2697 1681 2764 et
1704 2691 1822 2783 sicooe,
1841 2691 1891 2764 ibi

718 2817 774 2887 est
791 2810 916 2884 lumus
934 2809 1049 2906 nigrae
1066 2810 1155 2906 picis
1171 2817 1209 2885 et
1225 2816 1451 2906 serpentum,
1465 2811 1514 2884 ibi
1533 2811 1657 2884 lumus
1670 2816 1724 2885 tot
1736 2811 1889 2907 ignium,

718 2952 741 3004 o
759 2934 797 3005 di
814 2938 918 3021 nolte,
932 2950 1005 3004 uox
1018 2937 1074 3004 est
1086 2931 1132 3005 de
1149 2950 1190 3005 se
1211 2931 1427 3006 naturaliter
1443 2949 1590 3025 semper
1607 2931 1764 3004 obscura
1781 2951 1892 3025 prop·

718 3057 776 3126 ter
810 3051 1096 3126 subtractionem
1127 3052 1275 3126 luminis
1307 3052 1435 3127 solaris
1464 3058 1502 3126 et
1530 3051 1890 3146 superinductionem

719 3171 863 3245 umbrae
902 3178 1023 3266 terrm,
1058 3172 1121 3246 sod
1152 3173 1315 3247 maxime
1341 3171 1489 3267 quando
1527 3192 1601 3246 non
1638 3178 1724 3246 sunt
1757 3173 1890 3268 sydera

719 3292 894 3390 lulgentia
932 3291 1037 3367 coelo.
1073 3292 1158 3366 ldeo
1191 3292 1416 3386 benedicit,
1446 3296 1607 3386 pmvuta,
1630 3299 1812 3387 quantum
1845 3293 1891 3367 ad

641 3435 645 3442 ·
717 3419 907 3508 aspectum
942 3419 1121 3506 nostrum,
1157 3416 1193 3486 d'
1205 3417 1291 3504 opni
1316 3416 1475 3505 pinnata
1505 3420 1543 3488 et
1579 3409 1765 3508 potissime
1803 3413 1890 3486 luna

718 3553 814 3627 quae,
841 3532 927 3626 quia
953 3532 1104 3607 vicinior
1126 3539 1181 3606 est
1199 3540 1319 3625 terrae,
1347 3539 1538 3626 tamquam
1555 3533 1650 3606 alter
1675 3533 1728 3606 sol
1754 3532 1892 3607 illumi-

718 3658 782 3726 nat
811 3652 992 3726 mundum
1024 3651 1070 3726 de
1105 3658 1232 3746 nocte3
1266 3651 1348 3726 ideo
1379 3652 1475 3726 bene
1507 3651 1610 3726 dicit:
1641 3659 1731 3725 sotto
1754 3673 1892 3744 povero

717 3775 816 3863 ciclo,
842 3777 1022 3866 quantum
1051 3771 1087 3844 in
1113 3772 1337 3866 apparentia,
1359 3773 1446 3866 quia
1471 3773 1622 3867 omium,
1640 3772 1738 3866 quod
1764 3779 1821 3847 est
1837 3771 1892 3846 di·

718 3892 901 3966 tissimum
927 3898 980 3966 tot
1001 3891 1158 3989 gemmis
1183 3892 1401 3985 lucentibus,
1426 3898 1515 3966 tuno
1539 3892 1685 3966 ridetur
1710 3911 1891 3987 paupera·

719 4018 799 4085 tum
827 4011 978 4106 quando
996 4017 1150 4107 apparet
1167 4012 1351 4105 privatum
1375 4011 1640 4106 pretiosissimis
1665 4009 1891 4086 ornamentis

720 4133 805 4207 suis.
832 4133 876 4206 Et
902 4132 1057 4206 ostendit
1082 4131 1119 4204 in
1144 4151 1319 4226 supremo
1339 4132 1469 4227 gradu,
1486 4132 1629 4206 dicens:
1646 4139 1777 4224 quanto
1797 4151 1891 4204 esser

715 4244 802 4346 prrd,
827 4251 950 4346 aliqua
977 4271 1049 4324 nox
1077 4251 1236 4325 existens
1257 4251 1409 4346 privata,
1427 4253 1466 4324 di
1489 4255 1597 4325 nuoot
1610 4251 1803 4341 docmata,
1819 4251 1890 4325 sci·

720 4374 815 4467 licet,
842 4372 942 4445 nube
968 4371 1026 4446 vel
1044 4370 1179 4444 nebula
1196 4370 1421 4465 densissima,
1443 4371 1723 4464 obscurissimn3
1745 4371 1817 4445 tale
1836 4369 1892 4444 in-

718 4513 832 4587 quam
859 4492 1010 4585 burum,
1031 4511 1103 4564 noo
1125 4495 1201 4586 scca
1224 4494 1263 4563 ol
1286 4495 1361 4564 viso
1386 4495 1457 4564 otio
1480 4484 1509 4564 si
1534 4511 1661 4582 grosso
1680 4495 1770 4583 velo,
1787 4491 1890 4583 idest,

719 4633 793 4688 non
818 4611 869 4687 ita
886 4612 1020 4686 velavit
1037 4611 1164 4686 videre
1183 4630 1329 4704 meum3
1347 4619 1386 4686 et
1402 4611 1589 4707 signanter
1605 4611 1691 4687 dicit
1705 4631 1891 4708 grossum,

718 4733 807 4827 quia
832 4731 955 4807 velum
983 4731 1082 4827 quod
1107 4731 1325 4825 supponitur
1338 4719 1376 4823 (³)
1395 4730 1512 4804 oculis
1536 4731 1628 4805 solet
1653 4750 1734 4805 erse
1759 4726 1891 4804 subtile

720 4857 758 4925 et
786 4852 878 4944 lere,
904 4857 947 4924 ut
976 4871 1049 4924 non
1079 4849 1252 4945 impediat
1281 4849 1443 4924 totaliter
1472 4849 1611 4942 visum3
1637 4849 1733 4923 istud
1763 4854 1889 4924 autem

783 5035 812 5099 (Ἰ
827 5036 858 5087 ll.
875 5037 951 5086 debet
967 5009 1103 5101 diligenter
1118 5037 1283 5088 comidercrc
1298 5041 1326 5087 et
1341 5037 1474 5101 imaginari
1488 5042 1618 5086 naturam.

784 5111 811 5174 (¹)
827 5111 858 5163 Ε.
874 5111 1039 5176 subfumigat.
1290 5111 1316 5176 (¹)
1331 5113 1358 5164 s.
1374 5115 1568 5176 superponitur.
