4542 6842
720 975 859 1032 clusus
882 975 1039 1031 precluus
1062 975 1206 1030 sexsus.
1472 963 1544 1031 135

378 1143 480 1217 rum3
506 1129 539 1196 ct
561 1143 609 1196 un
634 1116 788 1214 panant
811 1124 848 1195 to
869 1141 973 1214 ponc,
999 1120 1102 1214 idest,
1128 1125 1165 1194 et
1189 1119 1283 1195 alius
1304 1119 1405 1215 ponit
1429 1119 1545 1216 ipsam

375 1263 524 1318 causam
551 1242 588 1316 in
614 1241 697 1336 ipsis
723 1241 951 1336 homininum
977 1246 1014 1316 et
1031 1241 1110 1314 haec
1127 1246 1182 1314 est
1198 1239 1321 1334 opinio
1336 1260 1438 1334 sana,
1456 1260 1546 1316 vera

376 1371 413 1438 et
436 1363 484 1438 ab
509 1362 680 1438 omnibus
704 1361 856 1438 colenda
872 1353 1082 1454 (¹).-Atto.
1109 1361 1215 1434 Nunc
1238 1366 1347 1454 poeta
1366 1361 1468 1456 ponit
1485 1381 1547 1436 ne·

377 1483 606 1580 sponsionem
633 1483 743 1558 Marci
768 1483 814 1557 ad
839 1482 1059 1578 propositam
1088 1481 1348 1575 questionem
1366 1488 1404 1557 et
1427 1482 1546 1577 primo

377 1603 562 1700 premittit
579 1605 707 1700 pulcre
724 1603 821 1699 quod
840 1604 966 1678 volens
983 1603 1127 1678 solvere
1144 1621 1228 1676 eam
1250 1601 1436 1696 increpita
1453 1625 1549 1696 qua·

378 1723 463 1800 dam
490 1724 752 1818 conquestione
776 1723 963 1816 dolorosa3
989 1741 1075 1796 nam
1102 1719 1222 1796 emisit
1246 1720 1445 1815 suspirium
1467 1743 1549 1798 ma·

379 1863 507 1940 gnum,
533 1842 663 1919 deinde
688 1863 831 1938 vocem,
856 1843 998 1918 dicens:
1017 1841 1078 1916 iile
1093 1843 1250 1935 Marcus,
1266 1844 1350 1914 rade
1366 1845 1451 1936 soor
1464 1847 1550 1936 prio

380 1967 627 2058 adommim,
652 1964 752 2060 quod
777 1963 876 2039 venit
902 1964 949 2039 de
974 1962 1155 2059 profundo
1178 1963 1323 2056 mentis,
1349 1965 1422 2056 cde,
1446 1963 1549 2058 idest,

381 2083 480 2179 quod
505 2083 713 2178 suspirium,
740 2086 857 2176 duolo,
883 2083 987 2178 idest,
1011 2082 1127 2176 dolor,
1143 2087 1270 2156 strum
1293 2086 1331 2156 in
1355 2085 1425 2176 luri,
1449 2084 1551 2178 quod

380 2209 435 2279 cst
458 2203 677 2278 adverbium
703 2203 856 2278 dolentis
881 2209 919 2278 et
943 2202 1040 2278 idem
1067 2209 1122 2278 est
1147 2201 1247 2296 quod
1270 2204 1357 2296 heu,
1375 2203 1479 2296 quasi
1496 2204 1552 2278 di-

380 2331 450 2418 cat,
477 2323 575 2418 quod
600 2325 744 2397 Marcus
768 2343 815 2397 ex
844 2322 972 2398 dolore
1001 2323 1075 2398 alte
1108 2322 1297 2398 clamavit:
1328 2323 1402 2397 heu
1437 2345 1549 2416 quam

380 2443 537 2540 pessima
561 2441 682 2536 opinio
698 2433 734 2534 (²)
760 2449 816 2516 est
849 2441 895 2518 de
925 2443 1006 2518 hoc.
1035 2443 1102 2518 dlii
1135 2449 1260 2517 tamen
1292 2443 1420 2518 volunt
1452 2443 1552 2538 quod

381 2565 524 2638 Marcus
547 2561 707 2636 doluerit
731 2561 778 2636 do
804 2562 901 2638 malo
928 2562 1107 2659 regimine
1132 2563 1384 2658 prelatorum,
1403 2562 1450 2637 de
1476 2584 1552 2657 quo

382 2691 507 2780 postea
533 2683 637 2776 dicit;
663 2682 727 2758 sed
751 2681 870 2779 prima
895 2684 1071 2778 expositio
1097 2690 1153 2758 est
1179 2683 1328 2778 melior,
1354 2683 1454 2778 quod
1478 2691 1553 2760 sta-

383 2803 449 2880 tim
475 2803 638 2878 declarat
671 2802 775 2878 litera
805 2822 975 2897 sequens,
1000 2802 1038 2876 in
1068 2823 1141 2895 qua
1170 2823 1300 2878 amare
1329 2801 1555 2899 improperat

384 2925 449 3022 ipsi
476 2935 604 3020 poete.
636 2923 739 2998 Unde
768 2924 872 3000 dicit:
905 2945 924 2996 e
953 2926 1015 3017 pot
1047 2917 1229 3013 marinco,
1261 2923 1400 3018 supple,
1428 2923 1555 2999 dicere

386 3045 472 3120 mihi
499 3045 559 3120 ille
583 3045 745 3118 Marcus:
772 3047 924 3138 osrote,
945 3045 980 3116 to
1004 3045 1134 3118 mondo
1159 3039 1306 3133 e‘cteco,
1331 3044 1419 3136 qula
1448 3043 1555 3120 multi

347 3240 353 3250 ,
384 3164 448 3259 qui
475 3170 693 3260 reputantur
720 3163 841 3259 magni
868 3145 1048 3258 sepientes
1073 3163 1110 3236 in
1136 3164 1287 3258 mundo,
1310 3163 1378 3237 viri
1401 3183 1556 3259 magno·

385 3305 470 3358 rum
488 3283 733 3380 ingeniorum,
747 3282 898 3358 luerunt
914 3283 951 3356 in
969 3282 1035 3357 iste
1053 3283 1217 3360 caecitate
1229 3282 1444 3380 ignorantie
1457 3283 1557 3376 quod

386 3402 508 3478 omnia
533 3401 724 3476 evenirent
747 3402 794 3476 de
819 3401 1047 3497 necessitate,
1073 3423 1148 3476 non
1176 3402 1340 3477 videntes
1370 3402 1557 3496 quomodo

385 3509 539 3620 previsa
565 3544 588 3598 a
613 3522 689 3597 Deo
715 3528 861 3618 possent
895 3522 1032 3599 mutari
1062 3543 1129 3618 per
1159 3523 1318 3598 liberum
1348 3522 1555 3599 arbitrium.

386 3643 470 3720 ldeo
494 3643 633 3718 Tullius
655 3642 701 3717 ad
727 3641 916 3718 vitandum
935 3663 1053 3716 unum
1072 3662 1239 3717 errorem
1259 3641 1414 3716 incurrit
1429 3642 1557 3736 alium,

388 3765 475 3862 quia
500 3765 648 3860 negarit
672 3763 949 3860 providentiam,
968 3763 1015 3839 de
1031 3784 1106 3856 quo
1131 3764 1291 3837 multum
1320 3761 1559 3856 reprehendi-

389 3893 451 3962 tur
475 3885 523 3961 ab
548 3886 752 3982 Augustino
776 3885 824 3960 de
848 3883 1001 3960 Ciuitate
1017 3885 1093 3959 Dei.
1120 3884 1224 3960 Unde
1247 3883 1351 3958 dicit:
1378 3905 1397 3956 e
1422 3889 1458 3956 to
1482 3885 1561 3955 olen

389 4009 455 4082 det
477 4010 527 4081 do
551 4009 612 4096 lut,
638 4005 784 4100 scilicet,
809 4006 857 4080 ab
882 4005 943 4080 illo
968 4004 1108 4080 mundo
1133 4024 1333 4098 caecorum,
1358 4003 1446 4098 quia
1471 4001 1560 4078 dicis

391 4136 428 4206 te
454 4135 597 4204 tantum
619 4127 789 4202 dubitare
805 4126 852 4202 dc
869 4127 939 4202 hoc
956 4125 1055 4220 quod
1072 4145 1211 4220 crepas.
1225 4165 1275 4178 -
1296 4127 1365 4197 Vct
1384 4123 1449 4198 llic
1465 4125 1562 4198 llar-

392 4269 459 4324 cus
483 4247 639 4344 explicat
662 4248 762 4322 hunc
778 4237 814 4339 (³)
841 4265 1010 4321 errorem
1035 4265 1234 4340 cecorum,
1259 4243 1402 4320 dicens:
1424 4246 1486 4316 Vct
1502 4245 1563 4316 cte

390 4371 512 4460 alveo,
536 4367 682 4462 scilicet,
700 4367 737 4440 in
759 4366 900 4442 mundo
926 4385 1038 4459 caeco,
1057 4372 1185 4458 recole,
1205 4365 1307 4460 idest,
1328 4365 1501 4440 reducitis
1512 4353 1562 4458 (⁸),

392 4491 476 4580 oprn'
499 4489 640 4579 copton,
667 4486 812 4581 scilicet,
838 4485 923 4560 boni
949 4491 987 4560 et
1012 4484 1109 4580 mali,
1125 4506 1197 4577 pur
1219 4507 1302 4560 suso
1320 4487 1362 4558 ct
1378 4487 1476 4576 cleto,
1494 4485 1564 4558 im-

390 4614 559 4704 putantes
583 4606 690 4681 astris
723 4605 846 4682 omnia
871 4625 985 4700 opera
1010 4611 1145 4699 vestra,
1175 4611 1214 4680 et
1243 4624 1391 4701 semper
1423 4605 1565 4680 habetis

389 4728 427 4803 in
460 4747 528 4804 ore
561 4726 649 4802 illud
686 4726 825 4802 dictum
858 4724 1015 4802 cleantis
1051 4724 1264 4820 philosophi,
1295 4723 1396 4819 quod
1433 4723 1565 4800 totiens
1711 4798 1715 4804 .

390 4849 523 4944 allegat
548 4847 706 4924 Seneca:
733 4851 824 4922 Fata
852 4849 1020 4924 catenum
1048 4847 1189 4935 ducunt,
1213 4848 1385 4919 aventem
1410 4848 1560 4920 trum

456 5033 485 5096 l')
499 5033 531 5084 lt.
547 5032 727 5084 toleranda—
737 5033 804 5084 Atto.
960 5031 989 5093 ζ’)
1006 5034 1061 5093 tlt,
1078 5035 1117 5082 est
1132 5031 1221 5096 oplnlo
1235 5032 1382 5083 multorum
1397 5032 1437 5082 de.
1446 5030 1505 5083 troc.

458 5107 486 5174 (⁸)
504 5114 558 5170 117,
574 5109 652 5160 latum
668 5122 795 5162 errorem.
959 5107 989 5173 (⁸)
1003 5108 1030 5162 s.
1046 5109 1149 5160 dmm,
