4542 6842
728 930 797 997 190
1086 938 1291 993 cuuuuruu
1315 937 1539 992 runenronn

725 1105 808 1161 mus
833 1092 949 1161 status
974 1084 1069 1158 illius
1093 1081 1258 1156 civitatis.
1286 1082 1379 1157 llicit
1402 1102 1515 1178 ergo:
1538 1086 1590 1155 Or
1610 1084 1636 1155 ti
1648 1085 1692 1175 su
1712 1083 1805 1172 tuta,
1826 1080 1902 1155 ire-

724 1205 803 1281 nice
828 1205 1002 1301 loquitur,
1030 1203 1134 1299 quasi
1160 1203 1279 1277 dicat:
1306 1202 1382 1276 imo
1406 1202 1527 1297 potius
1556 1201 1668 1277 debes
1700 1200 1838 1275 tristari
1863 1206 1900 1275 el

722 1326 859 1420 dolere,
887 1324 984 1419 quia,
1020 1330 1055 1397 tu
1086 1326 1197 1413 mera,
1223 1322 1328 1397 malis
1361 1321 1504 1416 divitiis,
1538 1328 1574 1397 tu
1604 1342 1671 1395 con
1697 1342 1798 1415 nuce,
1829 1339 1897 1415 per

722 1446 961 1539 eontrarium,
988 1443 1074 1539 quia
1108 1442 1220 1517 animi
1251 1441 1530 1517 florentinorum
1562 1448 1794 1537 praegnantes
1823 1440 1897 1515 citu

722 1573 828 1641 erant
854 1564 1009 1661 parituri
1034 1563 1130 1639 hella
1159 1557 1277 1637 civilia
1309 1561 1487 1635 Alborum
1514 1568 1553 1635 et
1576 1560 1838 1656 Nigrorum;e
1862 1566 1899 1633 tu
1977 1654 1980 1668 1

723 1707 790 1759 cun
814 1706 935 1775 senne,
962 1683 1066 1779 quasi
1093 1682 1211 1756 dicat:
1237 1682 1321 1757 lieet
1347 1680 1402 1755 tui
1426 1680 1609 1755 florentini
1634 1680 1802 1755 dicantur
1828 1680 1898 1755 viri

723 1805 1009 1902 prudentissimi3
1028 1804 1091 1879 sed
1110 1803 1163 1877 rei
1189 1810 1343 1879 eventus
1367 1801 1441 1876 cite
1465 1800 1634 1897 probavit
1649 1801 1899 1895 eontrarium5

724 1925 822 2001 unde
847 1926 955 2001 dicit:
990 1927 1018 1997 s'
1032 1927 1067 1997 io
1102 1926 1180 1997 dieo
1215 1944 1312 2015 vere,
1338 1922 1380 2012 si,
1418 1942 1486 2017 pro
1524 1941 1609 2017 uon,
1642 1921 1730 2017 quia
1755 1932 1797 1998 tu
1824 1941 1898 1996 uon

724 2066 763 2123 es
789 2067 879 2121 vere
907 2046 1019 2139 dives,
1051 2043 1312 2139 bethadiae,
1343 2063 1412 2119 uec
1443 2042 1627 2137 prudens:
1659 2046 1682 2116 l
1694 2048 1805 2136 effelto
1836 2048 1898 2119 nol

723 2168 912 2256 nmconde,
934 2164 1019 2260 qula
1046 2171 1086 2237 tu
1113 2164 1316 2259 disponeris
1340 2162 1387 2238 ad
1413 2162 1571 2237 ruinam.
1589 2164 1633 2237 llt
1648 2155 1685 2253 (¹)
1702 2163 1897 2238 euulirmat

722 2285 859 2360 dictum
885 2306 996 2359 suum
1023 2304 1089 2380 per
1115 2283 1379 2359 nobilissimam
1405 2283 1738 2379 comparationem
1756 2290 1794 2359 et
1818 2285 1899 2359 vult

722 2407 884 2483 breviter
909 2406 1031 2481 dicere
1048 2405 1149 2501 quod
1171 2406 1271 2479 nulla
1288 2405 1411 2500 politia
1429 2424 1637 2501 grecorum
1656 2405 1895 2499 antiquorum

722 2535 841 2624 potest
866 2526 1059 2603 assimilari
1085 2526 1196 2601 nobili
1215 2525 1346 2621 politiae
1363 2526 1655 2601 florentinorum.
1673 2526 1775 2600 Unde
1794 2527 1895 2602 dicit:

723 2655 843 2740 Aleae,
868 2668 953 2742 quae
979 2647 1104 2722 civitas
1133 2646 1200 2720 luit
1225 2645 1426 2721 clarissima
1450 2646 1620 2739 scientiis,
1640 2668 1659 2719 e
1689 2650 1897 2721 wodemo·

723 2790 787 2861 na,
813 2789 897 2863 quae
923 2768 990 2842 luit
1012 2768 1213 2843 clarissima
1230 2767 1365 2860 armis;
1382 2767 1481 2843 uude
1502 2760 1746 2861 Flaminiusl²l
1763 2771 1892 2844 consul

723 2910 911 2983 romanus,
931 2895 971 2963 ut
988 2888 1111 2963 scribit
1130 2888 1265 2981 Livius,
1285 2887 1375 2962 dixit
1394 2894 1523 2963 contra
1544 2886 1674 2962 Nabim
1692 2894 1891 2985 tyrannum

724 3008 1092 3084 laeedaemoniurum:
1117 3007 1279 3083 Athenas
1305 3014 1343 3083 et
1367 3007 1681 3103 lacedemonem,
1705 3009 1894 3101 quondam

724 3126 799 3203 duo
824 3128 964 3203 lumina
988 3127 1139 3203 Graeeiae
1168 3127 1238 3201 sub
1267 3126 1340 3201 tuis
1365 3126 1518 3223 pedibus
1544 3127 1806 3223 relinquemus,
1832 3131 1892 3201 elle

722 3252 829 3342 senno
855 3250 1025 3322 luetielte
1051 3250 1165 3340 huni,-
1184 3247 1232 3321 ab
1253 3245 1328 3319 istis
1345 3246 1444 3321 enim
1465 3252 1591 3342 postea
1605 3237 1643 3338 (³)
1664 3248 1805 3325 romani
1825 3250 1891 3323 ba-

722 3368 885 3442 buerunt
909 3367 1018 3463 leges.
1038 3366 1149 3440 Solon
1176 3366 1273 3440 enim
1300 3365 1457 3441 uendidit
1482 3366 1583 3462 leges
1607 3367 1888 3463 atheniensibus,

721 3494 758 3562 et
776 3486 967 3584 Lycurgus
984 3485 1380 3561 lacedaemonieusibus.
1396 3486 1498 3561 Unde
1508 3485 1720 3563 Aristoteles
1733 3488 1894 3563 seeundo

721 3606 1003 3682 Rhetoricorum
1029 3606 1133 3679 dicit:
1160 3606 1391 3681 athenienses
1415 3606 1556 3681 Selenis
1581 3607 1724 3704 legibus
1749 3615 1895 3684 utentes

720 3728 841 3803 lelices
866 3727 1028 3820 fuerunt,
1050 3732 1087 3801 et
1110 3726 1360 3801 laoedaemonii
1380 3727 1522 3824 legibus
1544 3727 1724 3825 Lycurgi3
1739 3737 1777 3805 et
1795 3730 1894 3823 quod

722 3848 819 3943 apud
845 3846 986 3921 Thebas
1012 3866 1097 3921 cum
1124 3846 1297 3943 praesides
1314 3845 1512 3942 philosophi
1533 3848 1695 3943 luerunt7
1713 3855 1749 3924 et
1766 3850 1893 3925 civitas

723 3967 808 4044 felix
835 3967 912 4041 luit.
940 3968 1036 4065 Ergo
1062 3974 1100 4042 et
1124 3967 1307 4043 Florentia
1324 3989 1409 4063 quae
1424 3969 1536 4045 babet
1557 3990 1711 4067 maguus
1736 3972 1894 4066 philoso-

723 4090 825 4183 phos,
851 4095 976 4183 poetas
1002 4095 1039 4163 et
1064 4094 1231 4165 oratores
1256 4089 1439 4187 vulgares,
1465 4097 1584 4186 potest
1611 4090 1681 4167 diei
1713 4092 1799 4167 teliu
1830 4114 1897 4189 per

726 4208 964 4283 eontrarium.
992 4208 1036 4283 Et
1061 4208 1168 4285 dicit:
1194 4230 1214 4281 e
1237 4211 1347 4303 swan
1373 4202 1404 4283 si
1434 4213 1538 4302 dull,
1565 4210 1648 4286 licet
1679 4212 1802 4308 politia
1831 4234 1898 4289 eo-

724 4348 809 4400 rum
835 4328 1042 4423 peccaverit
1068 4328 1104 4402 in
1129 4328 1267 4422 multis,
1293 4336 1334 4404 ut
1359 4330 1516 4405 ostendit
1540 4332 1774 4428 philosophus
1804 4334 1897 4411 libro

723 4447 971 4543 politicorum,
996 4452 1112 4544 secero
1136 4468 1186 4523 un
1199 4451 1330 4542 pisunt
1351 4470 1473 4542 censo,
1491 4450 1594 4547 idest,
1611 4452 1771 4549 signum,
1790 4456 1894 4548 quasi

724 4566 831 4663 dieat,
861 4589 994 4663 parum
1030 4569 1429 4665 appropinquaverunt,
1460 4574 1500 4645 ul
1533 4575 1632 4647 muer
1663 4574 1758 4666 hene,
1792 4574 1895 4670 idest,

724 4688 877 4765 civiliter
902 4695 938 4764 et
963 4690 1082 4785 beate,
1104 4712 1206 4765 verso
1231 4694 1269 4765 di
1292 4698 1337 4783 te,
1354 4691 1458 4787 idest,
1479 4701 1645 4789 respectu
1666 4695 1737 4770 tui:
1755 4702 1794 4771 et
1809 4716 1896 4792 pru-

726 4808 808 4903 bat;
843 4810 904 4883 clu
925 4812 981 4903 sat
1004 4812 1093 4883 tanti
1113 4814 1219 4887 sowi
1238 4814 1515 4906 praemone}
1534 4813 1683 4909 ironice,
1709 4816 1814 4909 quasi
1840 4816 1896 4890 di·

786 5062 813 5125 (⁸)
828 5064 859 5115 ll.
876 5064 911 5115 llt
926 5062 1019 5127 prout
1033 5068 1060 5115 et
1077 5064 1223 5117 eonflrmst.
1284 5064 1313 5129 (³)
1329 5066 1359 5117 Ε.
1376 5065 1522 5119 Flavius.
1593 5066 1621 5129 θ)
1637 5066 1668 5117 ll.
1684 5068 1769 5130 prime
1785 5068 1895 5121 mmsnl.
