4542 6842
839 937 980 1029 cannas
1004 973 1149 1028 narnus.
1533 959 1577 1026 21

406 1143 505 1216 men,
531 1121 629 1216 quod
656 1126 783 1216 postea
808 1119 892 1194 lecit
912 1119 981 1193 sub
998 1117 1186 1213 Cicerone,
1204 1124 1247 1192 nt
1268 1123 1423 1193 testatur
1440 1116 1581 1192 Seneca

406 1241 500 1316 libro
525 1239 854 1315 Declamationum.
888 1239 973 1314 ldeo
1006 1238 1073 1313 luit
1105 1239 1425 1333 eloquentissimos
1454 1242 1580 1311 orator

406 1382 476 1436 suo
494 1367 678 1455 tempore;
697 1380 783 1434 nam
801 1359 942 1455 scripsit
959 1359 1144 1434 orationes
1160 1358 1457 1433 innumerabiles.
1480 1356 1582 1431 Sicut

408 1481 506 1556 enim
533 1479 657 1554 scribit
672 1471 709 1573 (⁴)
730 1479 831 1554 Titus
847 1480 982 1574 Livius,
1000 1479 1242 1576 quadraginta
1262 1490 1423 1573 quatuor
1441 1477 1581 1551 vicibus

408 1622 476 1696 pro
501 1621 541 1676 se
566 1621 717 1676 causam
743 1601 833 1676 dixit
842 1625 852 1697 3
874 1621 942 1676 nec
965 1590 1131 1694 anquam
1157 1605 1346 1674 senectute
1371 1605 1521 1673 coactus
1538 1603 1582 1671 ut

408 1721 520 1796 vellet
543 1721 686 1796 delendi
711 1743 778 1818 per
802 1722 929 1817 alium,
948 1728 985 1797 et
1010 1741 1157 1816 semper
1181 1720 1366 1795 sententiis
1391 1719 1582 1794 absolutus

410 1840 488 1937 luit,
515 1842 614 1936 quod
639 1850 721 1918 erat
741 1844 885 1940 signum
905 1862 1048 1939 magnae
1073 1840 1276 1916 severitatis
1296 1847 1333 1915 et
1352 1839 1580 1914 innocentiae.

409 1961 492 2036 Fuit
517 1962 614 2036 enim
630 1955 666 2056 (²)
694 1963 917 2038 clarissimus
936 1962 1129 2059 prudentia
1147 1962 1182 2035 in
1201 1960 1425 2036 consulendo
1443 1960 1495 2034 rei
1515 1945 1584 2055 pu'-

409 2082 525 2177 blicae,
551 2089 588 2157 et
614 2081 750 2157 virtute
782 2083 922 2158 bellica.
955 2085 1034 2178 lpse
1063 2082 1192 2157 consul
1221 2088 1368 2156 creatus
1397 2080 1583 2177 proiectus

408 2202 445 2277 in
471 2203 691 2298 Hispaniam,
710 2223 845 2300 magna
866 2203 994 2298 proelia
1011 2202 1123 2299 gessit
1140 2223 1226 2276 cum
1245 2222 1380 2297 magna
1404 2200 1583 2274 industria

410 2328 446 2397 et
472 2322 649 2418 audacia;
674 2323 738 2398 sed
764 2345 850 2398 cum
878 2344 951 2399 non
976 2329 1098 2419 posset
1127 2322 1318 2397 continere
1340 2327 1498 2417 gentem
1528 2321 1583 2396 ie-

410 2459 536 2516 rocem
561 2463 584 2516 a
610 2443 821 2538 rebellione,
846 2442 976 2518 ablatis
1000 2442 1114 2516 armis
1140 2442 1274 2536 quibus
1290 2462 1438 2536 semper
1454 2460 1584 2514 assue-

410 2569 541 2638 verant
565 2568 603 2637 et
628 2564 706 2639 sine
731 2564 864 2658 quibus
889 2564 1016 2638 vivere
1042 2562 1262 2656 nesciebant,
1288 2567 1331 2635 ut
1356 2561 1500 2636 tolleret
1516 2560 1585 2634 illis

411 2704 560 2759 omnem
587 2703 738 2758 causam
765 2691 802 2759 et
833 2683 1025 2758 materiam
1060 2681 1271 2777 rebellandi,
1304 2682 1401 2754 misit
1432 2680 1584 2777 singulis

411 2803 617 2878 civitatibus
641 2804 766 2880 literas
790 2826 876 2879 cum
903 2804 1087 2899 mandato,
1106 2809 1148 2876 nt
1169 2803 1290 2877 statim
1313 2801 1397 2876 visis
1422 2822 1586 2897 praesen·
1701 2890 1705 2898 .

412 2924 509 2997 tibus
534 2924 687 3021 singolae
712 2929 987 3020 prosternerent
1012 2944 1140 2997 muros
1166 2930 1203 2997 et
1229 2921 1366 2995 moenia
1387 2942 1465 2995 sua.
1486 2923 1586 2996 Una-

413 3064 573 3138 quaeque
598 3045 751 3120 credens
768 3045 835 3120 sibi
856 3045 921 3119 soli
938 3044 1084 3139 praecipi
1103 3043 1224 3138 paruit
1241 3042 1440 3137 mandatis3
1458 3044 1585 3118 multe

414 3171 539 3239 tamen
566 3164 782 3246 rebelliones
807 3165 981 3240 continuo
1005 3163 1151 3260 iiebant,
1170 3164 1233 3238 sed
1251 3163 1488 3260 rigidissimus
1508 3163 1585 3238 dur

413 3303 561 3358 omnem
587 3284 823 3379 asperitatem
849 3285 1017 3360 vincebat
1043 3283 1079 3356 in
1106 3284 1250 3358 nullum
1283 3284 1446 3359 severior
1472 3304 1585 3378 quam

412 3403 450 3476 in
476 3405 673 3500 seipsum,
700 3405 847 3500 laboris,
872 3405 1015 3501 vigiliae,
1042 3403 1160 3499 iamiS,
1186 3403 1315 3499 somni,
1333 3404 1527 3498 patientior
1548 3404 1587 3479 in

412 3544 453 3600 se
478 3545 589 3618 quam
610 3525 646 3597 in
664 3525 753 3620 aliis,
772 3525 859 3599 nibil
876 3517 1016 3601 babens
1032 3525 1069 3599 in
1087 3524 1253 3599 exercitu
1271 3544 1339 3598 suo
1356 3525 1585 3620 praecipnum

413 3643 481 3718 nisi
506 3664 616 3719 curas
641 3651 679 3719 et
704 3665 840 3721 nomen
866 3645 1018 3740 imperii.
1045 3645 1139 3718 Nam
1168 3644 1257 3718 dum
1289 3644 1361 3718 iret
1391 3644 1429 3717 in
1460 3645 1588 3740 Hispa-

414 3764 512 3840 niam
538 3765 666 3841 consul
691 3766 815 3862 populi
837 3765 981 3840 romani
1004 3786 1093 3840 usus
1115 3771 1171 3839 est
1196 3763 1326 3839 eodem
1345 3764 1431 3838 vino
1451 3772 1487 3839 et
1505 3766 1587 3840 cibo

415 3904 490 3979 quo
516 3886 686 3982 remiges,
712 3892 906 3960 contentus
932 3884 1132 3959 ministerio
1159 3883 1270 3958 trium
1290 3904 1496 3959 servornm.
1515 3885 1588 3959 Pro

414 4011 516 4080 certo
542 4006 600 4081 bic
626 4007 683 4081 vir
708 4007 777 4110 luit
795 4006 944 4106 insignis
969 4012 1007 4081 et
1032 4005 1069 4078 in
1094 4003 1196 4079 omni
1223 4024 1264 4079 re
1281 4004 1478 4100 mirabilis3
1499 4026 1586 4080 nam

415 4146 502 4200 cum
529 4127 679 4220 quidam
704 4133 825 4203 essent
850 4126 924 4222 apti
949 4127 996 4202 ad
1021 4125 1207 4200 scientiam
1230 4125 1325 4221 juris
1350 4125 1475 4220 civilis,
1505 4146 1589 4219 quae

417 4254 506 4323 tunc
531 4254 610 4323 erat
636 4249 672 4322 in
697 4248 825 4344 praetio
852 4247 1039 4343 maxim03
1065 4247 1124 4321 alii
1151 4246 1198 4322 ad
1225 4245 1414 4321 scientiam
1441 4247 1494 4322 rei
1520 4247 1591 4320 mi-

416 4367 541 4462 litaris,
567 4367 635 4443 iste
660 4368 797 4464 pariter
821 4368 868 4442 ad
902 4367 1025 4441 omnia
1057 4373 1249 4462 promptos
1281 4374 1381 4461 erat5
1415 4368 1445 4441 si
1476 4367 1591 4442 literis

415 4507 567 4582 operam
594 4487 710 4582 daret,
731 4488 901 4562 crederes
921 4487 1024 4561 illum
1044 4493 1172 4560 natum
1194 4487 1240 4561 ad
1261 4487 1408 4582 literas3
1426 4488 1456 4561 si
1476 4487 1590 4563 armis

415 4608 463 4682 ad
479 4628 603 4702 arma3
625 4614 662 4682 et
679 4607 841 4683 breviter
858 4606 1032 4702 quioquid
1048 4626 1162 4704 agere
1179 4612 1403 4701 attentasset,
1425 4607 1461 4682 id
1478 4630 1588 4683 snum

416 4726 611 4802 artificium
631 4727 844 4822 iudicasses.
872 4727 974 4802 Unde
999 4733 1180 4822 nonerat
1208 4726 1313 4801 iacile
1337 4726 1506 4822 judicare
1530 4728 1592 4802 cui

418 4847 471 4923 rei
498 4852 593 4922 osset
616 4847 746 4942 aptior,
776 4848 836 4922 cui
868 4848 938 4923 arti
972 4853 1068 4923 esset
1097 4847 1275 4943 habilior;
1307 4868 1406 4943 nam,
1439 4853 1482 4922 ut
1506 4854 1592 4924 utar

484 5113 511 5175 ι’)
528 5115 582 5173 11¹1,
599 5111 709 5176 scripsit.
969 5113 998 5180 (¹)
1014 5115 1045 5166 E.
1061 5115 1149 5166 etlam.
