4542 6842
815 952 955 1009 murus
978 954 1123 1010 sursus
1488 943 1555 1010 171

333 1138 342 1153 ι
381 1095 471 1171 bunt
495 1117 536 1173 se
560 1096 597 1172 in
622 1097 783 1193 castello,
800 1098 900 1194 quod
916 1098 1048 1175 dieitur
1073 1099 1239 1175 Rondine
1264 1100 1301 1175 in
1328 1100 1429 1177 Valle
1453 1100 1555 1197 Arni,

381 1216 559 1312 equitavit
583 1226 712 1294 contra
737 1219 841 1313 illos3
867 1227 1016 1295 etcum
1043 1229 1332 1317 persequeretur
1363 1223 1555 1319 quosdam,

381 1356 502 1433 equus
526 1337 630 1413 tortis
654 1340 915 1436 transportavit
939 1340 1059 1437 ipsum
1086 1342 1122 1415 in
1153 1343 1308 1437 Arnum,
1334 1348 1372 1419 et
1397 1343 1556 1420 suffoca·

381 1464 441 1533 tus
466 1465 521 1534 est
546 1461 583 1533 in
609 1461 768 1555 quodam
788 1463 929 1558 pelago.
948 1462 1062 1536 Cuius
1082 1482 1217 1558 corpus
1231 1463 1321 1538 'inde
1346 1469 1554 1551 extractum

368 1577 514 1659 ,Bostoli
539 1578 737 1655 ludibriose
755 1580 955 1678 sngiptasse
973 1580 1170 1676 dicuntur3
1197 1591 1421 1679 quapropter
1446 1604 1552 1659 acer-

379 1697 471 1772 bum
496 1698 621 1774 odium
648 1708 778 1775 nutum
803 1676 979 1777 est⁸inter
1003 1707 1137 1797 partes.
1159 1700 1251 1775 Dicit
1276 1721 1367 1799 ergo
1392 1704 1507 1778 benet
1533 1726 1553 1777 e

379 1820 403 1892 t
415 1821 524 1911 ultro,
548 1820 696 1915 scilicet,
721 1821 896 1916 aretinus,
913 1824 974 1895 cte
998 1815 1150 1913 annepd,
1171 1820 1319 1915 scilicet,
1339 1821 1376 1896 in
1402 1822 1554 1899 ilumine

378 1937 481 2034 Arni,
507 1944 683 2014 comendo
706 1945 745 2014 in
769 1944 900 2034 omnia,
917 1940 1007 2017 dum
1032 1948 1321 2036 persequeretur
1342 1942 1475 2037 hostes,
1495 1942 1552 2017 vel

379 2058 429 2134 illi
461 2078 561 2137 eum.
584 2100 634 2115 —
654 2066 765 2150 Quini.
797 2062 863 2137 llic
886 2062 1001 2158 poeta
1033 2061 1198 2137 nominat
1229 2062 1343 2137 allum
1372 2062 1550 2159 juvenem

379 2180 539 2255 nobilem
567 2188 605 2256 et
630 2188 836 2256 strenuum.
861 2182 944 2277 Iste,
962 2189 1004 2255 ut
1028 2182 1100 2257 cito
1125 2181 1258 2277 dicem,
1275 2182 1344 2256 luit
1369 2182 1464 2257 lilius
1485 2182 1551 2257 do·

381 2298 470 2374 mini
494 2299 670 2375 Gnidonis
693 2302 833 2377 Novelli
857 2303 905 2379 de
929 2302 1123 2379 comitibus
1149 2302 1375 2377 Gnidonibus
1406 2303 1453 2377 de
1482 2302 1552 2379 Cn·

380 2418 534 2512 sentino,
560 2441 672 2514 quem
699 2421 828 2497 occidit
853 2422 1003 2516 quidam
1027 2422 1253 2517 Fumuiolus,
1284 2422 1342 2498 vel
1374 2423 1551 2498 Formio-

377 2539 438 2614 lus
462 2539 558 2615 lilius
577 2540 716 2615 domini
728 2542 865 2618 ilberti
879 2543 926 2619 de
946 2542 1100 2618 Bostolis
1116 2542 1306 2638 predictis.
1326 2543 1419 2619 Dicit
1438 2564 1546 2641 ergo:

378 2664 549 2753 Federtpo
574 2666 718 2737 Novello
737 2684 902 2757 propono
933 2667 1040 2755 quiet,
1066 2664 1161 2739 iuter
1174 2656 1212 2757 (¹)
1244 2665 1334 2740 elios
1365 2670 1547 2761 rogantes,

377 2800 444 2855 cort
468 2784 500 2855 le
524 2787 623 2855 nrani
654 2790 783 2876 oporte,
816 2783 919 2879 idest,
949 2784 1130 2879 expansis,
1157 2792 1199 2857 ut
1231 2804 1402 2881 rogarem
1436 2786 1547 2860 etiam

378 2922 446 2999 pro
483 2924 539 2978 eo.
575 2904 618 2977 Et
638 2918 727 2978 ‘non
761 2904 901 2997 credas,
935 2904 1035 2998 quod
1067 2912 1178 2981 autor
1212 2906 1455 3001 nominaverit
1487 2905 1546 2980 bic

377 3023 487 3097 istum
515 3026 693 3120 juvenem
719 3026 786 3099 nisi
820 3026 919 3120 quio,
945 3025 1038 3100 sicut
1070 3035 1108 3101 et
1145 3026 1205 3101 ille
1237 3026 1284 3101 de
1321 3026 1430 3101 Petra
1455 3027 1546 3103 Mala

376 3143 445 3218 tuit
461 3145 620 3218 multum
645 3147 795 3240 probus.
813 3146 857 3219 ut
882 3146 997 3242 tangit
1018 3128 1135 3220 ulium
1153 3146 1351 3242 quemdem
1379 3146 1546 3241 spiritum

375 3264 555 3360 pisanum,
575 3286 648 3341 non
675 3271 819 3340 tantum
846 3274 888 3339 ut
912 3266 1021 3341 iaciat
1039 3265 1262 3341 mentionem
1286 3267 1331 3342 de
1352 3288 1408 3361 eo,
1427 3288 1548 3363 quan-

376 3391 455 3459 tum
490 3393 532 3459 ut
567 3386 674 3461 iaciat
705 3386 1060 3462 commendationem
1086 3387 1132 3462 de
1162 3394 1267 3483 putre
1301 3386 1390 3463 eius
1419 3388 1461 3461 Et
1487 3388 1546 3461 bic

375 3506 459 3580 volo
497 3512 534 3580 te
568 3513 707 3601 notare,
740 3508 840 3601 quod
869 3508 1015 3582 invenio
1043 3508 1290 3583 communiter
1321 3510 1456 3583 multos
1487 3508 1542 3584 di-

373 3633 513 3721 centes,
544 3627 642 3721 quod
676 3628 743 3703 iste
775 3628 843 3703 luit
875 3629 968 3703 alter
1001 3628 1197 3703 rodericus
1230 3628 1394 3725 pisanus,
1428 3650 1539 3722 quem

374 3745 604 3822 Murciucbus
636 3754 740 3844 puter
764 3747 901 3823 domini
927 3748 1100 3848 lobannis
1130 3747 1356 3845 Scornigieni
1391 3748 1541 3825 terribili

373 3866 448 3942 ictu
477 3867 668 3962 interiecit,
703 3869 790 3963 quin
821 3868 881 3944 ille
910 3870 1058 3964 pisanus
1090 3870 1272 3944 occiderat
1302 3868 1416 3942 lilium
1453 3869 1543 3944 eius.

372 3988 449 4084 llgo
475 3996 598 4063 temen
623 3987 786 4064 audivin
808 3991 904 4064 bono
921 3988 1090 4065 Bocmtio
1109 3989 1157 4064 de
1177 3988 1356 4083 (tortoldo,
1377 3988 1437 4063 cui
1460 3989 1541 4084 plus

371 4108 493 4203 credo,
520 4109 619 4202 quod
643 4110 873 4185 llarciucbus
906 4108 974 4184 luit
1003 4109 1153 4203 quidam
1187 4109 1306 4183 bonus
1332 4108 1388 4183 vir
1422 4109 1458 4183 in
1489 4110 1542 4185 ci-

371 4226 483 4303 vitate
499 4229 664 4303 Pisanum
679 4221 730 4323 (ἢ,
748 4229 946 4305 lraticellus
961 4229 1008 4304 de
1024 4228 1136 4304 domo
1150 4219 1200 4323 (³),
1219 4228 1278 4336 cui
1299 4248 1424 4304 comes
1442 4231 1541 4325 Ugo·

370 4346 466 4423 linus
491 4354 669 4445 tyrannus
694 4348 777 4425 lecit
798 4348 961 4423 truncari
974 4337 1011 4441 (⁴)
1031 4354 1154 4443 caput,
1172 4355 1210 4423 et
1227 4348 1422 4443 mandevit,
1442 4350 1540 4443 quod

370 4488 505 4564 corpus
531 4470 802 4565 relinqueretur
826 4470 1061 4563 insepultum.
1079 4468 1151 4543 Sed
1173 4468 1240 4543 iste
1264 4469 1476 4567 paterculus
1494 4470 1540 4545 de

370 4608 455 4664 sero
488 4590 675 4665 humiliter
705 4588 858 4664 accessit
890 4588 938 4663 nd
969 4588 1154 4682 comitem,
1190 4594 1227 4663 et
1262 4589 1362 4662 velut
1392 4589 1541 4682 quidum

370 4702 631 4804 extraneusd‘),
664 4730 777 4803 quem
810 4710 1000 4805 negotium
1024 4731 1104 4784 non
1135 4714 1316 4805 tangeret,
1341 4708 1431 4783 dixit
1463 4711 1542 4787 sine

370 4829 552 4926 lucrymis,
577 4830 656 4905 sine
684 4831 808 4924 aliquo
833 4830 938 4927 signo
967 4829 1120 4903 doloris:
1148 4829 1268 4924 Certe,
1298 4828 1455 4924 domine,
1482 4850 1542 4905 es-

1435 4968 1541 4979 a—

430 5017 459 5079 (¹)
475 5018 507 5069 E.
522 5018 621 5069 scillcet
636 5020 713 5069 inter.
998 5019 1027 5080 (¹)
1042 5018 1067 5068 S.
1085 5020 1183 5083 pluton⁸

430 5094 458 5159 ι’)
475 5095 505 5145 lt.
522 5095 657 5157 dedomo,
674 5096 748 5146 culus
762 5095 817 5148 dlio
833 5109 930 5148 comeo
997 5095 1025 5158 (⁸)
1041 5095 1067 5145 S.
1083 5100 1216 5147 truncum.
1279 5096 1306 5161 (Ἴ
1323 5094 1354 5147 li.
1370 5100 1501 5146 externus.
