4542 6842
726 961 772 1028 12
1089 972 1295 1029 connnruu
1318 972 1539 1029 runcnmnn

724 1138 809 1193 men
836 1117 976 1213 turpius
1002 1117 1121 1192 risum
1148 1126 1205 1194 est
1228 1120 1372 1214 cedere,
1398 1119 1496 1214 quia,
1527 1124 1568 1193 ut
1597 1118 1683 1193 dicit
1711 1118 1808 1193 idem
1838 1139 1899 1192 sa-

722 1237 846 1334 piens:
873 1239 1053 1333 Responde
1075 1241 1179 1311 stulto
1203 1260 1247 1311 ne
1270 1240 1336 1312 ribi
1359 1243 1499 1332 sopiens
1523 1241 1693 1312 oideotm.
1720 1239 1826 1312 Nunc
1850 1237 1897 1313 ad
1962 1238 1967 1247 ’

722 1359 864 1433 literam
898 1357 1086 1433 redeundo
1114 1358 1200 1433 dicit
1231 1366 1361 1454 poeta:
1394 1360 1552 1455 Calliope
1582 1365 1712 1454 surgat
1739 1363 1897 1452 armata,

720 1479 925 1570 sepuituudo
950 1480 978 1551 il
1001 1482 1070 1552 mio
1093 1486 1210 1571 coam,
1230 1479 1332 1574 idest,
1345 1479 1510 1576 juvando
1531 1480 1659 1554 lavore
1677 1499 1746 1552 suo
1769 1497 1896 1553 meum

722 1597 906 1694 poeticum
934 1603 1144 1694 tractatum,
1169 1621 1235 1672 con
1260 1588 1486 1692 p'uelsumm,
1511 1595 1648 1673 sedicet
1671 1603 1782 1672 cantu
1808 1617 1898 1694 poe-

724 1717 797 1792 tico
822 1718 1011 1793 excellenti
1038 1726 1076 1794 et
1101 1721 1249 1814 potenti,
1276 1723 1314 1794 di
1341 1724 1410 1812 cui,
1440 1719 1575 1794 scilicet
1605 1719 1697 1813 soni,
1732 1721 1763 1792 le
1795 1721 1898 1792 Ptole

725 1840 862 1929 misere,
892 1838 994 1932 idest,
1026 1839 1186 1914 Pierides
1211 1839 1371 1915 infelices
1397 1838 1652 1914 miserabiliter
1682 1843 1835 1912 mutatae
1858 1838 1897 1912 in

725 1958 824 2054 picas
844 1966 992 2054 propter
1010 1981 1115 2034 suam
1134 1960 1327 2035 audaciam
1343 1966 1382 2034 et
1397 1960 1558 2035 calorem
1576 1959 1792 2055 juvenilem,
1816 1981 1898 2033 seu·

725 2081 794 2152 tiro
817 2082 852 2152 lo
876 2083 976 2172 colpe
1001 2082 1062 2172 tol,
1090 2081 1209 2154 maius
1233 2082 1368 2156 vulnus
1393 2101 1467 2154 non
1499 2085 1617 2174 potest
1646 2079 1726 2154 dari
1751 2081 1896 2176 talibus,

723 2219 837 2293 quam
862 2200 1036 2296 detegere
1062 2200 1304 2296 ignorantiam
1324 2223 1443 2294 suam,
1469 2203 1529 2274 clue
1545 2203 1710 2293 disperor
1721 2204 1896 2294 perdono,

700 2308 808 2412 'quia
827 2341 1031 2414 numquam
1058 2329 1184 2416 postea
1200 2327 1352 2416 possunt
1365 2314 1403 2412 (¹)
1421 2341 1573 2415 sperare
1598 2327 1638 2392 ut
1656 2319 1897 2396 restituantur

721 2439 768 2513 ad
793 2439 949 2534 primam
965 2432 1003 2532 (²)
1030 2441 1179 2536 sarnam,
1198 2463 1310 2535 qnam
1333 2440 1435 2536 prius
1460 2439 1715 2536 intempestive
1742 2446 1780 2514 et
1804 2439 1896 2515 indi-

721 2579 795 2656 gne
814 2581 994 2656 usurpare
1020 2561 1086 2635 sibi
1111 2561 1359 2655 conabantur,
1385 2559 1482 2634 istud
1507 2560 1607 2634 enim
1623 2565 1678 2634 est
1695 2579 1895 2635 commune

723 2681 854 2755 vitium
866 2681 1071 2776 juniorum.
1093 2681 1139 2754 Et
1162 2682 1214 2756 sic
1231 2681 1313 2757 vide
1330 2687 1510 2776 quantum
1531 2680 1729 2755 similitudo
1748 2680 1833 2754 lacit
1849 2679 1896 2754 ad

724 2801 967 2896 propositum3
986 2801 1072 2896 quia
1098 2809 1206 2898 poeta
1230 2807 1355 2876 noster
1372 2802 1542 2897 implorat
1559 2801 1617 2875 hic
1637 2808 1679 2875 ut
1699 2802 1776 2897 ipse
1797 2822 1897 2876 nunc

723 2922 835 3017 possit
859 2922 1084 2998 conlundere
1109 2924 1264 2997 aemulos
1289 2923 1437 3018 ignaros
1451 2913 1489 3014 (³)
1515 2922 1677 3017 poetriae,
1703 2921 1796 2997 sicut
1816 2923 1895 3019 jam

724 3040 883 3138 Calliope
908 3041 1070 3117 conludii
1093 3041 1192 3138 picas
1216 3042 1446 3118 adversarias
1476 3062 1573 3136 suas,
1603 3048 1642 3115 et
1665 3041 1799 3116 dimisit
1832 3061 1896 3117 eas

724 3161 762 3236 in
789 3163 885 3237 mala
910 3162 1002 3236 hora
1027 3183 1113 3237 cum
1135 3163 1278 3259 garritu
1296 3183 1365 3237 suo
1383 3161 1470 3236 nibil
1487 3162 1672 3236 nocituras
1697 3162 1775 3237 sibi.
1794 3162 1895 3237 Sicut

723 3301 814 3378 ergo
848 3301 983 3378 magna
1017 3282 1117 3356 llusa
1156 3282 1312 3355 obtinuit
1343 3282 1533 3356 victoriam
1565 3288 1694 3356 contra
1727 3281 1896 3356 loeminas

722 3403 892 3501 garrulas
927 3422 1011 3497 quae
1045 3402 1231 3477 audebant
1267 3393 1453 3498 disputare
1489 3422 1629 3497 secum,
1658 3402 1709 3476 ita
1738 3423 1895 3500 magnus

721 3531 830 3619 poeta
848 3530 975 3598 contra
994 3524 1149 3598 aemulos
1165 3524 1370 3619 garrientes
1387 3543 1493 3598 more
1510 3523 1722 3617 mulierum,
1737 3523 1800 3617 qui
1817 3530 1906 3597 tam-

722 3630 920 3717 temerarie
946 3663 1060 3737 quam
1085 3641 1299 3738 ignoranter
1328 3643 1515 3718 audebant
1544 3643 1772 3718 calumniare
1800 3642 1896 3718 bene

720 3762 816 3838 dicta
842 3762 933 3857 eius,
961 3767 1136 3857 ponentes
1161 3783 1204 3836 os
1229 3763 1265 3836 in
1290 3765 1440 3857 coelum,
1465 3763 1560 3837 sicut
1583 3763 1743 3838 Pierides
1767 3769 1895 3837 contra

721 3884 819 3958 deos.
848 3883 919 3958 Sed
951 3889 1060 3958 autor
1084 3889 1209 3958 noster
1234 3883 1397 3977 loquitur
1422 3884 1550 3958 laudes
1575 3883 1639 3958 liei
1665 3890 1703 3957 et
1727 3882 1895 3978 deorum,

722 4005 826 4099 idest,
852 4005 1083 4100 angelorum,
1110 4010 1152 4077 ut
1176 4004 1313 4098 patebit
1338 4005 1375 4078 in
1400 4025 1586 4100 processu.

797 4127 903 4198 Dulce
931 4127 1040 4196 color.
1074 4123 1144 4198 lsta
1178 4130 1234 4198 est
1264 4123 1424 4198 secunda
1458 4145 1544 4220 pars
1573 4122 1755 4220 generalis
1786 4121 1896 4196 buius

723 4243 870 4339 capituli
896 4243 1014 4338 primi,
1041 4242 1077 4316 in
1104 4264 1178 4338 qua
1203 4249 1313 4318 autor
1333 4250 1469 4338 noster,
1491 4243 1584 4318 sacta
1601 4244 1729 4338 pulcra
1746 4241 1896 4318 invoca-

723 4365 833 4459 tione,
860 4366 985 4440 volens
1009 4363 1233 4439 descendere
1265 4363 1311 4437 ad
1336 4352 1547 4459 tractatum,
1578 4365 1697 4460 primo
1727 4363 1897 4441 describit

721 4488 893 4583 pulcrum
912 4493 1068 4580 tempus,
1093 4505 1169 4579 quo
1194 4484 1342 4579 iucoepit
1367 4485 1631 4580 pulcerrimum
1654 4505 1747 4580 opus
1772 4505 1894 4559 suum.

720 4606 897 4681 Describit
923 4614 1049 4680 autem
1075 4612 1199 4679 ortum
1225 4625 1373 4679 aurorae
1398 4606 1519 4699 primo
1536 4626 1603 4701 per
1622 4605 1807 4698 ellectum,
1825 4603 1896 4679 sci-

721 4727 807 4802 licet
830 4747 897 4822 per
921 4727 1103 4801 clarorem
1129 4727 1248 4800 aeris:
1274 4727 1437 4800 secundo
1467 4747 1534 4821 per
1565 4747 1729 4819 causam,
1760 4725 1896 4801 scilicet

722 4853 789 4944 per
813 4847 1076 4943 apparitionem
1102 4845 1270 4939 Lucileri,
1296 4847 1361 4940 qui
1390 4846 1659 4942 praenuntiabat
1683 4847 1798 4921 solem
1831 4866 1897 4921 re-

786 5036 813 5099 (¹l
829 5036 860 5086 E.
878 5042 984 5099 possunt
1001 5035 1101 5086 restitui
1117 5048 1166 5086 nec
1181 5047 1287 5098 sperare
1303 5039 1341 5084 ut.
1467 5031 1495 5097 (¹)
1511 5037 1566 5095 1¹⁷,
1583 5033 1695 5097 primurn
1710 5032 1834 5086 formam.

787 5111 814 5174 (Ἰ
829 5111 855 5162 S.
871 5113 1027 5176 ignorantes.
