4542 6842
684 962 822 1019 caurus
847 963 1006 1021 uncinus
1029 964 1200 1019 ocrnvus.
1466 953 1537 1020 l87

364 1107 432 1183 luit
461 1110 578 1207 magis
608 1109 776 1184 inimicus
807 1108 967 1202 accidiae,
993 1124 1107 1203 quam
1138 1108 1246 1183 Caius
1278 1108 1411 1203 Caesar,
1442 1110 1538 1184 sicut

364 1236 480 1326 potest
505 1230 624 1327 colligi
650 1250 747 1325 saepe
764 1250 811 1305 ex
828 1229 924 1304 lulio
942 1229 1046 1305 Celso
1063 1234 1100 1304 et
1122 1229 1295 1304 Suetonio
1314 1229 1539 1324 Tranquillo,

364 1350 428 1445 qui
453 1350 577 1426 scribit
601 1350 694 1426 libro
721 1349 851 1445 primo,
869 1350 969 1443 quod
986 1349 1107 1424 Caesar
1124 1350 1222 1423 ultra
1240 1348 1347 1423 tidem
1374 1355 1455 1447 erat
1473 1370 1543 1445 pa<
1586 1366 1591 1375 ·

364 1470 456 1545 tiens
473 1470 619 1565 laboris,
633 1475 670 1544 at
686 1470 915 1575 longissimas
932 1470 1009 1543 vias
1025 1468 1226 1544 incredibili
1243 1469 1430 1543 celeritate
1450 1489 1539 1547 con-

364 1590 458 1685 fecit,
485 1589 680 1685 aliquando
710 1596 862 1665 centum
889 1589 1057 1664 milliaria
1083 1590 1120 1663 in
1147 1610 1222 1663 una
1246 1589 1323 1684 die3
1350 1595 1387 1663 et
1412 1590 1442 1663 si
1467 1592 1539 1665 llu-
1603 1686 1608 1695 ‚

364 1709 464 1784 mina
491 1709 737 1805 retardabant,
763 1710 938 1785 transibat
959 1731 1045 1784 cum
1063 1714 1148 1784 utre
1169 1708 1302 1803 inllato,
1321 1710 1370 1784 ita
1394 1715 1433 1783 ut
1450 1731 1538 1784 suos

364 1829 511 1905 nuntios
536 1850 633 1926 saepe
658 1830 886 1926 praeveniret
914 1832 957 1905 Et
983 1812 1104 1905 subdit
1122 1829 1298 1926 generale
1323 1830 1537 1906 incitamen-

364 1955 444 2023 tum
474 1950 643 2043 aliorum,
670 1950 809 2026 dicens:
840 1953 891 2043 pti
919 1954 1015 2045 altat
1048 1956 1245 2045 sequentes
1274 1950 1423 2045 primos,
1457 1954 1536 2043 pri-

362 2072 505 2145 cauam
530 2093 712 2165 oppressu,
737 2078 845 2163 ratto,
870 2078 977 2163 ratto,
994 2074 1054 2144 cte
1072 2074 1098 2144 ’l
1120 2078 1233 2162 tempo
1258 2090 1328 2143 non
1354 2074 1537 2163 siperdo,

364 2212 439 2286 quo
464 2192 551 2265 nibil
577 2198 633 2266 est
657 2191 791 2285 carius,
810 2212 879 2285 per
901 2212 990 2285 poco
1020 2213 1165 2285 umore;
1191 2197 1229 2265 et
1258 2190 1419 2286 assignat
1447 2212 1538 2266 cau-

363 2332 441 2385 sam
468 2311 656 2406 optimam,
681 2309 821 2385 dicens:
855 2305 916 2386 cot
945 2296 1069 2385 studio
1092 2314 1129 2385 dt
1158 2312 1222 2405 ben
1252 2315 1336 2406 fore
1366 2314 1539 2385 rinverdu
1660 2364 1663 2367 -

363 2434 513 2524 grazia3
534 2422 623 2523 ipuae
648 2436 800 2504 aruerat
833 2436 982 2525 propter
1012 2430 1199 2523 accidiam,
1232 2450 1316 2524 quae
1347 2436 1403 2505 est
1431 2452 1538 2506 amor

366 2548 579 2625 diminutus.

444 2674 475 2743 0
499 2677 608 2763 penta
636 2670 706 2744 lsta
732 2674 787 2745 cst
804 2676 935 2763 quarta
954 2690 1038 2766 pars
1054 2670 1248 2767 generalis,
1274 2671 1311 2745 in
1335 2693 1409 2766 qua
1429 2677 1537 2768 poeta

366 2788 563 2863 introducit
589 2810 705 2863 unum
732 2789 899 2885 spiritum
926 2790 1148 2865 modernum
1183 2791 1247 2886 qui
1277 2791 1398 2866 luerat
1431 2792 1537 2866 valde
1572 2830 1576 2838 ·

364 2909 566 2983 accidiosus
591 2910 627 2982 in
653 2909 745 3003 vita;
764 2915 801 2985 et
817 2910 936 3005 primo
954 2910 1141 3006 praemittit
1158 2911 1369 3009 generalem
1384 2932 1538 3007 persua-

365 3030 504 3106 sionem
532 3030 669 3127 Virgilii
694 3030 740 3103 ad
766 3030 845 3105 illos
874 3032 1021 3127 spiritus
1046 3039 1239 3108 currentes
1264 3038 1302 3108 et
1327 3034 1538 3126 clamantes,

365 3158 408 3225 ut
432 3150 559 3225 reddat
583 3169 647 3224 eos
672 3150 869 3226 benevolos
887 3172 976 3247 erga
1001 3150 1173 3227 autorem
1193 3152 1427 3227 manifestans
1452 3173 1539 3250 gra-

363 3270 452 3344 tiam
479 3269 681 3344 inauditam
708 3290 918 3345 conccssam
946 3270 995 3344 illi
1022 3272 1168 3346 viventi.
1187 3272 1278 3346 llicit
1301 3292 1392 3367 ergo
1417 3272 1538 3367 Virgi-

363 3388 453 3463 lius:
485 3393 635 3481 cyeno
661 3392 700 3462 in
728 3392 783 3463 cui
810 3394 953 3484 servom
982 3398 1097 3482 acob,
1132 3390 1234 3483 idest,
1267 3390 1400 3465 ardens
1431 3412 1538 3465 amor

365 3508 501 3583 summi
526 3509 623 3603 boni,
649 3512 828 3604 ricompie,
854 3509 956 3605 idest,
983 3512 1124 3605 supplet
1154 3516 1192 3585 et
1222 3516 1417 3606 restaurat,
1439 3516 1538 3606 surse

364 3632 503 3720 adesso,
530 3629 632 3723 idest,
658 3649 757 3704 nunc
782 3629 829 3704 de
853 3631 1036 3726 praesenti,
1061 3633 1295 3722 negtigcnzio,
1312 3631 1415 3724 idest,
1439 3631 1536 3706 acci-

364 3748 478 3845 diam,
500 3770 523 3822 0
546 3752 703 3841 indocto,
725 3749 826 3845 idest,
846 3770 1002 3843 moram,
1021 3751 1080 3825 vel
1098 3749 1305 3825 tarditatem
1330 3751 1376 3825 ad
1400 3772 1539 3846 cogno-

365 3870 554 3963 scendum,
587 3870 646 3943 vel
675 3869 940 3963 acquirendum
976 3890 1109 3945 verum
1136 3870 1294 3964 bonum;
1326 3862 1536 3945 dilatio'nem

365 3991 456 4084 dico,
483 4012 594 4065 masso
618 3993 667 4064 dc
691 3993 749 4065 voi
780 3993 817 4063 in
847 3994 910 4064 ben
932 3994 997 4085 lar
1015 4012 1083 4084 per
1113 3996 1309 4084 tepidezzo,
1327 3992 1437 4083 idest,
1470 4011 1536 4085 per

365 4110 552 4203 accidiam,
579 4130 663 4203 quae
688 4116 743 4184 est
768 4110 937 4205 quaedam
964 4110 1129 4205 tepiditas
1155 4110 1363 4207 pigerrima.
1386 4110 1429 4182 Et
1453 4109 1538 4183 lacit

366 4230 614 4305 narrationem
632 4248 718 4302 cum
737 4230 920 4324 petitione,
938 4230 1078 4305 dicens:
1096 4234 1218 4324 questi,
1235 4231 1337 4325 idest,
1355 4230 1414 4303 bic
1432 4235 1538 4323 poeta

367 4370 495 4443 novus,
522 4350 581 4421 cte
607 4351 694 4442 cive,
722 4349 868 4443 scilicet,
895 4350 931 4422 in
957 4350 1075 4443 prima
1102 4351 1186 4443 rita,
1213 4351 1249 4423 in
1283 4350 1428 4424 mortali
1454 4370 1538 4423 cor-

366 4488 474 4564 pore;
500 4473 537 4542 et
562 4468 649 4561 quia
675 4468 741 4541 ista
768 4468 912 4542 videtur
939 4487 997 4542 res
1024 4468 1202 4562 miranda,
1223 4476 1261 4543 et
1286 4490 1360 4543 nou
1379 4469 1426 4543 de
1443 4470 1537 4543 lacili
1636 4517 1640 4531 ·

366 4587 548 4683 credenda
583 4588 705 4661 statim
740 4587 945 4683 interponit,
976 4593 1013 4662 et
1046 4588 1150 4663 dicit:
1182 4611 1201 4661 e
1229 4596 1323 4662 certo
1347 4593 1383 4662 io
1407 4612 1480 4663 nou
1505 4594 1540 4665 oi

365 4709 481 4798 dupio,
496 4706 598 4799 idest,
616 4728 690 4781 non
708 4708 877 4801 mentior,
895 4710 978 4780 vuol
992 4711 1113 4781 undar
1128 4730 1224 4799 suso,
1237 4709 1283 4782 ad
1307 4730 1445 4783 norum
1464 4710 1537 4783 cir-

365 4830 505 4921 culum,
518 4849 592 4920 pur·
613 4830 710 4901 cte't
732 4830 788 4901 sol
810 4848 854 4901 nc
877 4830 1003 4919 cituco,
1025 4827 1127 4921 idest,
1145 4828 1347 4902 dummodo
1373 4829 1449 4903 dies
1476 4850 1536 4903 re-

365 4949 468 5043 deat;
487 4970 572 5023 nam
590 4949 636 5024 de
659 4955 765 5023 nocte
783 4970 855 5023 non
878 4953 994 5045 potest
1011 4948 1055 5021 iri
1074 4969 1140 5044 per
1156 4949 1426 5045 purgatorium,
1443 4950 1538 5025 sicut

361 5071 438 5166 jam
471 5070 602 5145 uniens
632 5072 789 5165 positum
824 5076 861 5145 et
891 5068 1097 5165 expositum
1122 5069 1191 5143 luit
1220 5092 1343 5166 supra.
1375 5071 1419 5144 Et
1449 5074 1537 5166 petit
