4542 6842
710 963 756 1028 76
1067 974 1271 1031 cousurusr
1295 977 1515 1032 aununroan

707 1141 793 1196 cum
818 1141 965 1194 summa
996 1121 1238 1197 delectatione
1266 1123 1377 1218 ipsius
1402 1123 1547 1219 llantis3
1582 1125 1680 1200 unde
1708 1125 1813 1202 dicit:
1842 1119 1874 1198 cl

706 1244 923 1332 doloerncnte,
936 1243 997 1314 cltc
1013 1244 1048 1315 lu
1065 1245 1233 1316 dolcezza
1249 1245 1502 1317 manoncour
1518 1247 1568 1318 nti
1581 1265 1686 1337 sonu,
1704 1246 1791 1340 quia
1809 1246 1880 1320 im-

705 1361 842 1456 pressio
864 1362 1040 1436 remansit
1065 1362 1101 1434 in
1127 1363 1263 1457 anima,
1287 1383 1373 1457 quae
1389 1363 1605 1439 mirabiliter
1621 1365 1826 1440 delectatur
1841 1359 1878 1457 (¹)

704 1481 855 1554 musica.
888 1481 989 1556 Unde
1015 1489 1133 1577 poeta,
1161 1489 1202 1556 ut
1227 1484 1394 1558 ostendat
1417 1484 1696 1560 delectationem
1728 1486 1878 1560 musicae

703 1603 925 1700 generaliter
955 1623 1088 1698 capere
1121 1624 1263 1697 ornnes,
1289 1605 1411 1678 statim
1445 1605 1601 1680 ostendit
1632 1607 1806 1681 ellectum
1836 1605 1878 1680 il-

704 1724 774 1798 lius
807 1731 948 1817 cantus,
984 1725 1129 1799 dicens:
1162 1728 1197 1798 lo
1228 1728 1297 1798 mab
1329 1734 1496 1817 monstro,
1526 1727 1661 1802 scilicet
1695 1727 1876 1824 virginus,

703 1867 723 1918 c
753 1847 867 1937 quella
897 1853 996 1936 ycnte
1025 1848 1076 1917 cb'
1090 1867 1179 1918 erun
1209 1867 1276 1919 con
1304 1850 1364 1938 lui,
1394 1847 1497 1940 idest,
1526 1853 1563 1921 et
1594 1848 1737 1942 reliqua
1767 1849 1877 1924 turba

704 1985 788 2060 quae
805 1957 956 2057 erantl²l
976 1986 1061 2040 curn
1081 1966 1142 2040 illo
1159 1966 1310 2060 Casella,
1326 1968 1429 2060 quasi
1447 1967 1560 2041 dicat:
1578 1988 1652 2041 uon
1670 1967 1789 2042 solum
1807 1968 1877 2043 viri

703 2087 852 2161 studiosi
878 2087 942 2160 sed
967 2087 1153 2182 vulgares,
1166 2107 1330 2178 pareone
1353 2079 1384 2160 si
1408 2090 1556 2160 contenti
1579 2108 1676 2160 come
1700 2109 1725 2158 a
1749 2109 1876 2160 nasson

702 2214 853 2282 toccassc
878 2212 972 2281 ultro
1005 2211 1042 2280 la
1070 2215 1193 2297 ntcnoe,
1226 2227 1340 2301 quam
1374 2207 1434 2281 ille
1464 2215 1605 2301 cantus,
1634 2209 1740 2300 quusi
1769 2208 1874 2303 dicat,

701 2329 798 2422 quod
825 2328 947 2402 nullus
964 2327 1157 2402 videbatur
1182 2348 1317 2403 curare
1342 2327 1389 2402 de
1413 2328 1556 2422 aliare,
1577 2328 1626 2401 ita
1651 2334 1732 2402 erat
1756 2335 1875 2402 astre-

616 2487 620 2494 ·
699 2456 780 2524 ctus
809 2457 919 2522 mrrtu
947 2447 1044 2542 quod
1071 2449 1263 2522 videbatur
1289 2449 1423 2523 oblitus
1448 2448 1600 2522 tendere
1623 2448 1671 2522 ad
1698 2455 1873 2542 montem,

700 2568 745 2644 de
764 2589 838 2662 quo
856 2570 967 2664 paulo
983 2575 1069 2643 aute
1088 2589 1175 2642 curn
1192 2575 1291 2643 tanta
1304 2589 1395 2642 cura
1410 2568 1609 2662 quaerebat
1624 2568 1668 2640 Et
1681 2574 1722 2640 ut
1735 2589 1873 2664 coguo-

700 2709 790 2783 scas,
811 2689 936 2782 lector,
955 2695 1090 2782 quauta
1118 2695 1173 2762 est
1198 2689 1326 2781 virtus,
1352 2687 1512 2783 potentia
1538 2695 1576 2762 et
1599 2688 1761 2763 efficacia
1788 2710 1873 2762 mu-

700 2809 796 2902 slcae,
810 2815 895 2882 nota
913 2809 1012 2903 quod
1032 2808 1170 2882 musica
1188 2830 1259 2882 uon
1278 2811 1398 2882 solum
1416 2808 1666 2903 speculationi,
1678 2808 1743 2882 sed
1760 2808 1872 2882 etiam

702 2929 895 3005 moralitati
922 2930 1116 3004 coniuncta
1142 2935 1207 3004 est.
1234 2929 1328 3002 Nibil
1353 2936 1409 3003 est
1437 2929 1534 3004 euim
1571 2936 1646 3002 tam
1678 2929 1870 3023 proprium

699 3051 915 3126 humanitati
942 3071 1053 3145 quam
1084 3050 1219 3126 remitti
1248 3050 1415 3124 dulcibus
1443 3050 1620 3124 cantibus.
1651 3051 1714 3122 list
1743 3058 1870 3126 autem

698 3172 838 3247 musica
855 3178 930 3245 tam
951 3170 1136 3265 naturalis,
1151 3171 1250 3264 quod
1267 3171 1361 3246 sicut
1375 3170 1500 3244 scribit
1517 3168 1665 3246 Boetius
1681 3170 1719 3242 in
1737 3172 1871 3264 probe-

697 3292 771 3365 min
797 3313 875 3366 suae
899 3293 1060 3384 musicae,
1085 3291 1250 3378 infantes,
1263 3292 1422 3386 juvenes
1447 3297 1485 3363 et
1510 3309 1616 3363 senes
1642 3290 1691 3364 ita
1717 3298 1870 3365 natura·

697 3412 779 3487 liter
804 3412 971 3505 cantibus
998 3412 1146 3486 musicis
1170 3411 1381 3485 alliciuntur
1408 3411 1566 3504 quadam
1593 3409 1785 3485 allectione
1803 3431 1870 3485 ro-

698 3534 865 3626 luntaria,
893 3541 934 3607 ut
966 3535 1064 3607 nulla
1090 3532 1136 3606 sit
1160 3533 1310 3606 omuino
1344 3539 1433 3606 aetas
1465 3551 1551 3625 quae
1580 3551 1602 3605 a
1627 3531 1870 3606 delectatione

694 3653 808 3727 dulcis
834 3653 1024 3728 cantilenae
1045 3659 1213 3746 separata
1235 3652 1291 3726 sit.
1313 3652 1449 3726 llusica
1475 3651 1693 3724 naturaliter
1710 3657 1765 3726 est
1789 3659 1865 3724 tam

695 3783 821 3870 potens
847 3775 946 3869 qnod
972 3781 1091 3847 mutat
1107 3765 1144 3865 (³)
1170 3781 1208 3847 et
1232 3779 1408 3868 provocat
1432 3772 1599 3852 bomiues
1626 3771 1672 3846 ad
1701 3772 1867 3846 devotio·

695 3917 792 3989 nem,
812 3901 852 3969 ut
870 3901 968 3989 patet
985 3894 1021 3968 in
1039 3895 1160 3968 choris
1181 3895 1434 3986 ecclesiarum,
1452 3893 1571 3987 placat
1582 3881 1619 3984 (⁶)
1639 3893 1744 3966 iram.
1766 3893 1867 3967 Unde

694 4019 919 4113 Pythagoras
950 4015 1128 4111 mitigavit
1152 4014 1329 4110 juvenem
1363 4013 1508 4089 ebrium
1536 4013 1865 4106 tauromiutanum‚

694 4137 758 4230 qui
771 4137 909 4211 furiose
921 4135 1067 4210 volebat
1084 4135 1306 4208 comburere
1323 4133 1489 4228 domurn,
1503 4135 1540 4207 in
1554 4155 1626 4227 qua
1641 4140 1724 4208 erat
1739 4135 1865 4208 clausa

696 4259 869 4334 meretrix
901 4279 968 4332 sua
1002 4279 1025 4332 a
1055 4256 1228 4349 quodam,
1254 4256 1318 4349 qni
1347 4256 1457 4330 etiarn
1479 4254 1735 4350 ¹cognoscebat
1768 4275 1863 4349 earn,

693 4381 786 4454 sicut
812 4379 935 4454 scribit
950 4369 1098 4451 'Tullius
1123 4376 1161 4448 iu
1192 4397 1261 4451 suo
1291 4377 1385 4451 libro
1418 4377 1464 4452 de
1493 4376 1660 4450 consiliis.
1692 4374 1865 4450 Similiter

692 4502 787 4576 idern
806 4501 1031 4596 Pythagoras
1053 4498 1206 4572 retraxit
1230 4518 1253 4573 a
1278 4498 1407 4572 furore
1423 4493 1513 4572 alios
1525 4498 1684 4592 juvenes
1700 4494 1864 4570 ebriosos

688 4623 750 4716 qui
776 4619 919 4695 accensi
944 4619 1111 4692 cantibus
1133 4618 1305 4691 tibiarum
1331 4618 1519 4691 tentabant
1537 4635 1714 4710 rumpere
1740 4619 1864 4708 portas

687 4740 849 4815 mulieris
876 4740 1046 4812 honestae.
1074 4737 1166 4812 llicit
1191 4737 1301 4811 etiam
1328 4737 1477 4812 Boetius
1497 4737 1544 4810 de
1562 4735 1782 4830 Empedocle
1798 4733 1862 4827 qui

686 4859 903 4955 temperavit
929 4857 1158 4932 iracundiam
1183 4856 1434 4948 adolescentis²
1460 4856 1524 4950 qui
1556 4855 1775 4928 furibundus
1805 4853 1860 4926 in-

688 4999 895 5009 ———--—-

751 5053 777 5111 (¹)
794 5051 819 5100 S.
836 5048 1021 5098 delectabatur.
1287 5043 1315 5106 (¹)
1332 5045 1357 5094 S.
1373 5059 1388 5094 e
1405 5045 1435 5094 E.
1452 5050 1516 5094 erat.

753 5125 779 5190 (¹)
796 5125 827 5174 E.
843 5124 934 5176 inritat
949 5130 976 5176 et
993 5129 1125 5188 provocat.
1289 5121 1317 5184 (⁶)
1333 5122 1364 5172 Ε.
1379 5127 1408 5173 st
1423 5121 1516 5184 phut.
