4542 6842
645 1005 648 1013 f
696 966 742 1034 aa
1055 975 1260 1030 cousuuuu
1285 973 1504 1028 runorronu

693 1141 811 1216 quare
824 1121 913 1196 Cato
931 1139 1005 1192 non
1022 1118 1143 1212 potius
1156 1117 1380 1213 procurabat
1395 1115 1603 1190 interlicere
1615 1117 1734 1210 primo
1748 1118 1866 1212 ipsum

694 1249 904 1338 tyrannum,
931 1238 1290 1322 sicuttecit'Brutus
1306 1257 1422 1334 gener
1443 1237 1535 1330 eius,
1559 1238 1622 1331 qui
1648 1238 1766 1312 multo
1788 1260 1869 1313 ma-

693 1359 901 1457 gnanimior
926 1359 1065 1432 Catone
1090 1358 1210 1452 primo
1235 1356 1415 1433 interfecit
1438 1356 1633 1450 Caesarem,
1659 1357 1790 1432 deiude
1813 1359 1868 1431 vi-

695 1481 810 1555 riliter
836 1478 1022 1576 pugnavit,
1049 1485 1086 1552 et
1117 1478 1269 1553 demum
1301 1499 1341 1552 se
1371 1476 1561 1569 interfecit,
1588 1497 1635 1551 ne
1661 1478 1801 1552 veniret
1830 1479 1869 1551 in

695 1622 828 1676 manus
857 1599 1062 1676 crudelium
1092 1599 1265 1693 bostium,
1298 1599 1345 1671 ita
1384 1597 1483 1691 quod
1516 1597 1645 1671 habuit
1672 1599 1866 1693 justiorem

695 1742 847 1795 causam
873 1720 1058 1795 occidendi
1083 1741 1123 1794 se
1149 1740 1260 1813 quam
1288 1720 1388 1793 Cato.
1407 1717 1529 1790 Caesar
1550 1717 1647 1791 enim
1675 1724 1865 1812 tamquam

698 1841 913 1915 naturaliter
946 1841 1118 1933 clemens
1153 1839 1264 1915 etiam
1300 1839 1336 1910 in
1369 1838 1446 1932 ipso
1477 1836 1613 1912 ardore
1637 1838 1721 1912 belli
1754 1839 1868 1912 civilis

696 1962 844 2056 optabat
870 1960 1025 2034 salutem
1045 1960 1207 2033 duorum
1228 1959 1464 2053 optimorum,
1487 1957 1623 2033 scilicet
1643 1957 1789 2032 Catonis
1809 1981 1869 2032 sa·

697 2079 919 2176 pientissimi,
942 2087 979 2152 et
1003 2078 1189 2154 Ciceronis
1205 2077 1511 2171 eloquentissimi3
1528 2084 1567 2151 et
1583 2083 1686 2152 certe
1702 2076 1870 2152 Ciceroni

696 2199 1000 2274 clementissimus
1021 2198 1099 2290 luit,
1117 2199 1177 2272 cui
1203 2203 1284 2293 post
1301 2197 1441 2270 cladem
1461 2196 1688 2270 thessalicam
1708 2198 1868 2292 scripsit:

697 2324 817 2392 Marce
847 2322 947 2409 Tulli,
973 2321 1055 2390 bene
1079 2338 1226 2410 sperare
1251 2317 1414 2407 ujuteo.
1436 2317 1552 2391 Morte
1577 2323 1701 2391 autem
1724 2317 1871 2392 Catonis

696 2439 832 2533 andiu,
864 2439 981 2532 iuquit
1010 2439 1155 2514 Caesar:
1191 2442 1281 2510 Coto
1307 2440 1431 2509 irretdtt
1458 2439 1583 2528 glorie
1612 2459 1711 2527 neec,
1745 2446 1779 2512 et
1805 2460 1870 2529 epo

696 2581 768 2634 sue
798 2564 946 2634 invideo.
979 2561 1021 2634 Et
1052 2544 1183 2633 tamen*
1203 2558 1342 2632 Tullius
1376 2578 1441 2652 per
1475 2559 1611 2631 multos
1639 2579 1754 2634 anuos
1783 2567 1871 2634 aute

696 2681 839 2755 dixerat
865 2681 1090 2754 contrarium
1117 2680 1164 2754 de
1189 2686 1309 2753 morte
1335 2678 1555 2770 voluntaria,-
1578 2679 1623 2751 vl
1652 2679 1699 2754 de
1729 2701 1773 2755 re
1801 2702 1871 2775 pu-

698 2800 801 2874 blica.
829 2800 968 2874 Seneca
994 2807 1117 2874 autem
1152 2799 1365 2873 mirabiliter
1380 2791 1416 2890 (¹)
1450 2799 1684 2873 commendat
1699 2791 1735 2892 (Ἰ)
1770 2821 1871 2877 mor-

698 2929 773 2997 tem
791 2921 950 3016 Catonis,
966 2926 1003 2995 et
1028 2921 1229 2995 inclinatio
1249 2919 1466 2994 sententiam
1489 2920 1618 2993 mortis
1635 2922 1869 2997 voluntarie:

698 3043 762 3117 scd
787 3049 888 3116 certe
915 3043 1030 3115 multa
1056 3040 1270 3115 benedicta
1296 3061 1365 3114 sua
1391 3042 1461 3114 boc
1487 3060 1561 3114 uno
1587 3040 1683 3116 male
1699 3040 1796 3118 dicto
1816 3042 1871 3116 ni·

699 3162 768 3235 mis
794 3161 994 3236 enormiter
1022 3161 1218 3235 maculavit
1234 3151 1282 3252 (³).
1310 3160 1368 3234 Sic
1399 3181 1489 3256 ergo
1518 3160 1622 3254 peius
1647 3161 1731 3235 lecit
1755 3183 1869 3254 quam

698 3281 848 3374 Tullius,
863 3282 948 3374 quia
963 3281 1186 3356 tolerabilius
1199 3287 1254 3354 est
1268 3301 1435 3364 errorem
1450 3301 1642 3374 excusare,
1657 3303 1768 3374 quam
1789 3283 1871 3355 lau-

697 3403 798 3477 dare.
825 3402 1050 3499 Augustinus
1077 3422 1166 3476 vero
1186 3401 1323 3496 justius
1354 3406 1390 3474 et
1420 3401 1544 3475 verius
1575 3407 1733 3475 mortem
1765 3402 1871 3476 istam

698 3523 849 3596 damnat
874 3530 910 3596 et
935 3529 1095 3616 accusat,
1121 3522 1242 3616 primo
1266 3521 1313 3594 de
1338 3520 1492 3596 Ciuitate
1516 3520 1592 3614 Dei,
1615 3521 1713 3596 circa
1737 3522 1872 3616 princi·

699 3643 813 3738 pium,
839 3643 1027 3737 eleganter
1053 3641 1240 3736 disputans
1265 3645 1393 3714 contra
1413 3660 1501 3714 eum
1523 3635 1648 3714 m'ultis
1665 3642 1873 3736 persuasio-

700 3761 807 3835 nibus
832 3761 948 3836 claris.
975 3760 1100 3835 Omnis
1125 3762 1224 3834 enim
1252 3761 1311 3834 lex
1339 3765 1412 3833 tam
1439 3760 1603 3835 bumana
1620 3782 1733 3854 quem
1751 3761 1871 3836 divina

701 3882 868 3976 probibet
893 3881 1129 3955 homicidium
1158 3881 1246 3954 lieri.
1269 3880 1306 3953 Si
1332 3880 1443 3975 igitur
1460 3901 1535 3955 non
1551 3879 1636 3954 licet
1652 3881 1790 3954 bomini
1807 3901 1872 3955 oc·

700 4003 822 4076 cidere
849 4003 1047 4097 bominem,
1075 4002 1340 4075 multominus
1369 4022 1444 4074 uon
1474 4000 1557 4074 licet
1585 4001 1753 4076 occidere
1767 3991 1804 4093 (⁴)
1831 4022 1873 4077 se

701 4123 912 4215 bominem3
939 4122 1021 4196 ideo
1048 4122 1179 4196 merito
1206 4121 1355 4215 quidam
1383 4120 1451 4194 viri
1476 4122 1656 4216 sapientes
1678 4122 1785 4196 amici
1803 4123 1873 4197 Ca·

701 4243 796 4317 tonis
821 4243 915 4318 istud
936 4235 972 4336 (⁵)
1001 4243 1136 4318 lactum
1171 4264 1245 4317 non
1275 4243 1530 4335 laudaverunt,
1562 4243 1738 4336 quoniam
1770 4244 1872 4318 nullo

701 4363 812 4436 modo
836 4364 926 4438 Cato
955 4371 1064 4458 turpe
1089 4362 1267 4458 judicavit
1296 4362 1422 4436 virere
1454 4362 1523 4435 sub
1548 4363 1693 4437 Caesare
1722 4362 1871 4439 victore

702 4484 776 4559 Cur
797 4483 894 4558 enim
914 4483 981 4556 luit
997 4491 1107 4558 autor
1123 4482 1226 4555 istius
1247 4481 1479 4576 turpitudinis
1497 4481 1686 4556 carissimo
1703 4480 1776 4556 lilio
1793 4503 1873 4577 suo,

702 4605 762 4678 cui
788 4603 960 4698 praecepit
985 4611 1028 4677 ut
1052 4603 1175 4678 omnia
1201 4602 1248 4675 de
1272 4601 1425 4676 Caesaris
1441 4602 1666 4698 benignitate
1684 4609 1874 4698 speraret?

704 4723 739 4798 Si
765 4723 862 4798 enim
889 4725 1097 4817 Torquatus
1116 4722 1346 4796 laudabiliter
1363 4721 1493 4795 occidit
1511 4720 1637 4816 lilium,
1657 4722 1742 4796 licet
1760 4722 1876 4798 ricto-

765 4937 793 4997 (¹l
810 4939 863 4994 ¹¹⁷2
881 4935 1024 4986 mouliter·
1354 4934 1382 4997 (¹)
1398 4936 1424 4986 S.
1441 4937 1604 4986 condemnat

766 5012 793 5074 (⁸)
810 5012 841 5061 Ε.
857 5012 997 5063 mucularit
1013 5027 1052 5064 se:
1069 5027 1142 5078 ergo.
1353 5013 1380 5076 (Ἴ
1397 5013 1423 5064 S.
1439 5014 1558 5065 occidere
1574 5026 1617 5074 se;
1633 5013 1701 5064 ideo.

766 5090 792 5152 (Ἰ
809 5093 864 5148 117,
880 5102 932 5140 non
948 5090 1016 5141 istud
1033 5091 1212 5144 lauderemnl.
