4542 6842
703 955 773 1022 392
1061 964 1267 1020 comunis
1289 965 1513 1022 annotantur

678 1123 683 1132 ’
701 1111 748 1187 de
772 1113 958 1204 Ravenna,
984 1129 1083 1184 nunc
1108 1110 1273 1184 nominat
1297 1110 1412 1206 ipsam
1430 1111 1593 1206 stirpem,
1610 1131 1696 1206 qum
1712 1111 1780 1186 luit
1795 1118 1873 1187 totu

701 1231 800 1306 clara
826 1236 863 1304 ct
887 1229 996 1304 aliam
1023 1229 1197 1304 familiam
1223 1230 1403 1306 famosam
1428 1230 1534 1306 valde
1557 1231 1605 1306 do
1628 1232 1724 1308 dicta
1747 1239 1873 1325 tarra;

702 1352 799 1426 undo
823 1351 925 1425 dicit:
952 1353 989 1423 lo
1013 1371 1100 1424 oasa
1129 1352 1434 1426 tradaturque
1457 1352 1526 1426 ista
1549 1351 1662 1428 domo
1686 1353 1754 1427 luit
1777 1353 1873 1427 alim

702 1472 805 1547 miles
830 1491 987 1568 magnus
1012 1471 1179 1566 princeps
1203 1471 1241 1545 in
1265 1472 1452 1564 Ravenna,
1470 1471 1606 1546 scilicet
1625 1472 1761 1546 Paulus
1778 1474 1897 1547 lrav

701 1591 898 1685 versarius,
918 1579 980 1684 qui
1006 1591 1115 1664 simul
1141 1611 1227 1666 cum
1254 1590 1394 1665 viribus
1411 1597 1630 1666 venetorum
1648 1593 1789 1687 expulit
1804 1592 1871 1666 Su·

700 1713 928 1808 linguerram
953 1711 1153 1808 prinoipem
1180 1711 1227 1786 de
1256 1712 1438 1805 Ferraria,
1464 1731 1483 1784 c
1511 1715 1563 1802 pti
1590 1717 1789 1803 tomum.-
1812 1713 1871 1786 isti

701 1833 852 1908 luerunt
877 1832 998 1928 magni
1027 1831 1165 1906 nobiles
1190 1839 1227 1907 et
1252 1838 1428 1927 potentes,
1454 1853 1477 1906 a
1502 1831 1638 1926 quibus
1663 1854 1736 1907 nna
1764 1841 1869 1928 porta

700 1954 738 2028 in
762 1954 937 2028 Ravenna
967 1973 1086 2046 usque
1113 1953 1219 2028 bodie
1243 1951 1503 2028 denominatur
1532 1958 1639 2048 porta
1668 1954 1869 2028 Anastasia.

700 2074 754 2148 De
778 2073 845 2146 istu
870 2073 981 2146 domo
1006 2072 1073 2146 luit
1098 2073 1227 2146 nobilis
1252 2072 1358 2146 miles
1382 2072 1553 2146 dominus
1572 2073 1691 2147 Guido
1710 2074 1758 2148 de
1772 2075 1871 2148 bua-

700 2193 827 2286 stasiis,
854 2191 916 2286 qui
943 2198 1113 2266 mortuus
1138 2198 1195 2266 est
1219 2213 1285 2287 per
1311 2192 1572 2286 impatientiam
1590 2193 1728 2266 amoris
1745 2193 1870 2266 cuius-

583 2355 591 2374 ·
689 2313 782 2415 *dum
811 2311 1071 2386 honestissiman
1096 2311 1265 2405 dominre,
1292 2332 1405 2405 quam
1432 2331 1638 2404 numquam
1664 2313 1783 2407 potnit
1805 2313 1871 2388 tle·

698 2440 799 2509 otore
823 2433 870 2508 ad
895 2433 975 2508 eins
1000 2451 1179 2506 amorem.
1206 2432 1372 2506 Fuerunt
1388 2438 1427 2506 et
1442 2432 1524 2506 alia
1544 2431 1691 2507 lamiliae
1706 2433 1817 2507 clarae
1833 2434 1870 2506 iu

698 2556 884 2648 Ravenna,
909 2553 1002 2628 sicut
1028 2552 1163 2626 lamilia
1187 2553 1447 2647 Honestorum,
1472 2553 1520 2628 de
1544 2574 1618 2646 qua
1648 2553 1715 2626 luit
1739 2553 1870 2627 nobilis

698 2675 909 2748 adolescens
933 2672 1142 2746 Anastasius
1167 2673 1214 2746 de
1237 2673 1417 2765 donastis,
1436 2673 1500 2767 qni
1525 2679 1715 2747 amoratus
1733 2673 1781 2746 de
1797 2671 1870 2746 tilia

701 2793 923 2890 pulcerrima
955 2792 1057 2866 Pnuli
1083 2792 1321 2885 Traversarii,
1346 2792 1495 2868 modom
1529 2794 1627 2868 illam
1666 2792 1795 2868 babuit
1832 2794 1870 2866 in

700 2933 870 3008 uxorem,
896 2913 990 2987 sicut
1020 2913 1173 2988 honeste
1203 2912 1327 2988 scribit
1357 2913 1586 3007 Boccaccius,
1612 2913 1781 2988 curiosus
1813 2912 1870 2987 in·

699 3034 853 3130 quisitor
878 3034 1044 3108 omnium
1069 3032 1337 3108 delectabilium
1363 3033 1610 3108 historiarum.
1632 3034 1676 3108 Et
1692 3034 1751 3108 bic
1770 3040 1869 3126 nota

699 3155 825 3247 lector,
851 3152 949 3246 quod
976 3159 1081 3247 poeta
1109 3159 1232 3228 noster
1257 3152 1341 3228 tacit
1365 3153 1424 3227 bic
1448 3153 1560 3226 istum
1576 3152 1783 3228 (luidonem
1800 3173 1870 3228 no·

700 3275 842 3350 minare
866 3274 1008 3368 aliquos
1039 3274 1138 3348 viros
1168 3275 1288 3349 claros
1319 3273 1515 3349 soecnlmes
1546 3273 1755 3367 modernos,
1781 3275 1869 3369 quia

698 3396 750 3471 sic
774 3395 1014 3470 conveniebat
1039 3393 1118 3470 viro
1146 3394 1303 3469 militari.
1329 3393 1400 3468 Sed
1424 3393 1515 3468 alios
1539 3394 1638 3468 viros
1655 3394 1870 3470 illustriores

697 3515 923 3608 antiquiores
946 3513 1074 3611 genuit
1099 3515 1178 3588 boec
1203 3513 1332 3608 patria,
1350 3513 1444 3586 siout
1463 3513 1616 3588 Petrum
1634 3513 1868 3608 Dominum,

698 3635 745 3710 de
771 3657 846 3730 quo
870 3642 978 3731 poeta
1003 3634 1126 3709 scribit
1152 3635 1311 3730 capitulo
1335 3634 1417 3707 XXI
1443 3633 1614 3727 paradisi,
1635 3641 1673 3708 et
1693 3635 1872 3709 llomual·

698 3757 789 3832 dum
830 3755 877 3832 dc
913 3754 1090 3848 Honestis,
1124 3755 1171 3829 de
1207 3775 1284 3848 quo
1320 3752 1445 3828 scribit
1478 3753 1639 3849 capitulo
1668 3755 1765 3828 Xllll
1799 3756 1871 3829 Pa·

700 3877 820 3952 radisi.
853 3877 945 3950 Nota
977 3876 1104 3969 etiam,
1138 3874 1238 3968 quod
1271 3875 1447 3950 Ravenna
1479 3880 1536 3948 est
1568 3879 1646 3948 tota
1679 3875 1869 3970 spherica,

699 3998 837 4072 babens
872 4015 999 4069 muros
1031 3993 1313 4086 antiquissimos,
1350 3993 1593 4088 amplissimos
1625 3994 1741 4090 magis
1774 3994 1869 4068 inira

700 4125 838 4192 terram
856 4135 968 4210 quam
987 4127 1112 4209 supra,¹
1124 4113 1268 4209 siguum
1284 4133 1429 4208 magum
1441 4101 1650 4206 vetustatis3
1664 4113 1728 4187 ubi
1745 4133 1868 4208 quon·

698 4237 784 4312 dum
810 4235 931 4311 Caesar
956 4235 1122 4308 tacturus
1147 4232 1253 4308 civile
1278 4233 1428 4324 bellurn,
1454 4251 1598 4306 moram
1625 4232 1748 4326 traxit,
1772 4237 1870 4306 mm·

699 4377 812 4450 quam
838 4355 876 4430 in
901 4353 1058 4430 confinio
1083 4352 1280 4447 provinciae
1311 4372 1400 4446 snae,
1432 4357 1475 4425 nt
1506 4351 1631 4426 scribit
1654 4349 1868 4446 Suetonium

699 4497 811 4570 quam
838 4476 913 4550 drro
939 4473 1090 4548 llumina
1114 4472 1398 4567 amplectuntur,
1416 4468 1505 4566 quae'
1520 4471 1569 4546 ibi
1594 4471 1870 4569 coniunguntur

699 4598 736 4672 in
762 4619 901 4691 unum3
927 4594 1055 4670 babuit
1079 4600 1228 4689 portum
1254 4593 1545 4688 capacissimum,
1571 4592 1634 4686 qui
1667 4592 1778 4666 modo
1809 4613 1871 4668 ro·

698 4720 816 4814 plotus
840 4723 906 4792 ast.
933 4717 1107 4790 Ravenna
1133 4713 1356 4808 templorum
1385 4712 1618 4787 multitudine
1636 4717 1675 4786 ct
1691 4712 1871 4806 pulcritu-

697 4839 781 4913 dine
807 4845 862 4912 est
887 4837 1070 4930 decorata,
1090 4834 1161 4909 tide
1185 4833 1363 4908 catholica
1380 4832 1572 4929 insignita3
1598 4853 1683 4907 nam
1701 4832 1748 4906 ab
1765 4832 1869 4909 initio

699 4957 792 5052 boet,
818 4957 950 5034 Petrus
977 4956 1072 5031 misit
1088 4953 1334 5050 Apollinarem
1352 4953 1571 5050 discipulum
1589 4953 1803 5028 Ravennam
1821 4955 1867 5027 ad

698 5077 951 5154 seminandam
978 5076 1110 5170 lidem3
1137 5095 1184 5148 ex
1210 5093 1286 5187 qno
1312 5079 1480 5168 tompore
1504 5073 1573 5146 luit
1590 5079 1716 5168 postea
1739 5078 1868 5167 poten·
