4542 6842
754 975 891 1031 caurus
916 975 1072 1030 cccmus
1097 973 1243 1030 scarus
1512 959 1582 1026 425

408 1126 488 1194 erat
513 1140 684 1216 grossum
711 1127 749 1196 et
773 1140 899 1217 grave,
926 1141 999 1196 non
1021 1118 1237 1216 permittens
1257 1120 1409 1192 oculum
1425 1111 1463 1210 (¹)
1481 1114 1585 1213 iungi

409 1239 531 1314 officio
555 1260 648 1336 suo;
674 1247 711 1316 et
745 1241 844 1335 quod
874 1242 955 1337 plus
987 1249 1060 1317 est:
1086 1235 1132 1314 nd
1159 1242 1198 1314 di
1226 1231 1297 1312 cosi
1321 1259 1432 1332 usuro
1451 1242 1584 1332 pclou

405 1361 533 1432 sentire
539 1385 555 1454 ;
584 1367 623 1435 et
653 1360 737 1435 dicit
769 1361 875 1456 bene,
901 1361 989 1456 quia
1019 1361 1145 1436 velum
1177 1361 1271 1434 solet
1300 1360 1438 1434 babere
1467 1359 1583 1454 pilum

408 1480 558 1554 mollem
583 1488 621 1556 et
646 1481 765 1557 levem
782 1473 831 1574 (²),
858 1489 899 1557 ut
923 1502 998 1556 non
1016 1481 1124 1556 laedat
1143 1481 1295 1554 oculum
1317 1480 1497 1573 nobilem,
1518 1478 1583 1554 sed

408 1599 534 1674 velum
559 1600 656 1675 istud
682 1601 840 1676 babebat
871 1601 986 1696 pilum
1017 1601 1156 1675 durum
1190 1605 1228 1674 et
1257 1619 1430 1695 asperum
1462 1599 1581 1693 nimis,

407 1719 459 1794 ita
479 1719 578 1814 quod
603 1720 739 1795 durum
761 1727 843 1796 erat
868 1729 906 1797 ct
931 1721 1056 1796 videre
1081 1726 1118 1795 et
1143 1720 1281 1796 sentire
1299 1719 1447 1793 fumum
1467 1719 1580 1793 istum

408 1860 521 1935 quern
548 1859 646 1916 nunc
666 1841 836 1916 intraturi
862 1848 987 1935 erant3
1010 1840 1108 1915 uude
1124 1841 1230 1915 dicit:
1247 1861 1343 1914 come
1368 1841 1448 1931 quel
1466 1845 1579 1934 mmo,

409 1961 447 2035 iu
473 1981 547 2055 quo
573 1961 777 2055 puniuntur
802 1961 979 2038 iracundi.
1001 1963 1045 2036 Et
1071 1960 1129 2036 bic
1147 1970 1234 2036 nota
1251 1961 1351 2055 quod
1367 1968 1474 2056 poeta
1492 1980 1583 2034 con·

407 2081 679 2156 venientissimc
695 2083 765 2156 boc
782 2082 896 2179 lingit,
910 2082 996 2177 quia
1015 2101 1103 2157 vere
1122 2082 1266 2155 nullum
1286 2088 1476 2176 peccatum
1495 2101 1582 2176 per-

408 2206 576 2297 petratur
602 2201 639 2275 in
664 2203 803 2277 mundo
829 2204 924 2278 inter
943 2202 1119 2295 viventes,
1136 2207 1202 2276 aut
1217 2202 1370 2297 punitur
1387 2200 1422 2275 in
1441 2201 1583 2276 iulerno

410 2322 505 2398 iuter
518 2328 698 2416 mortuos,
712 2323 811 2418 quod
832 2330 975 2398 tantum
994 2323 1162 2398 obfuscet
1177 2323 1305 2397 oculos
1325 2321 1468 2416 mentis,
1486 2321 1582 2396 sicut

408 2441 481 2536 ira3
508 2441 590 2516 ideo
616 2442 711 2516 bene
735 2443 856 2538 posuit
880 2443 918 2516 in
944 2443 1097 2536 interno,
1116 2443 1216 2536 quod
1236 2441 1402 2517 iracundi
1418 2442 1582 2516 lacerant

407 2583 448 2636 se
468 2562 625 2638 invicem
643 2563 841 2638 crudeliter
858 2570 895 2636 et
915 2563 1085 2639 denubus
1104 2563 1394 2637 detruncant-
1407 2558 1475 2636 tte*
1489 2565 1582 2635 l'cc·

408 2685 495 2757 clrin.
521 2683 587 2758 llic
612 2691 718 2779 poeta
740 2683 896 2760 ostendit
913 2703 979 2779 per
996 2683 1171 2759 ellectum
1190 2683 1461 2758 vehementiam
1479 2681 1581 2756 istius

410 2803 501 2877 iuml
519 2803 654 2898 acerbi,
673 2805 760 2898 quia
777 2811 928 2879 coactus
945 2811 1001 2878 est
1017 2803 1224 2878 necessario
1241 2803 1415 2878 claudere
1432 2805 1579 2877 oculos:

409 2923 509 2998 unde
529 2923 633 2998 dicit:
655 2919 724 2998 dne*
736 2928 760 2998 ἴ
769 2927 899 3016 occido,
918 2925 1053 3000 scilicet
1070 2923 1333 3018 intellectualis,
1350 2931 1447 2998 olore
1462 2931 1582 3017 operto

408 3064 480 3116 noo
505 3049 674 3136 sofforre:
699 3051 737 3120 et
761 3045 856 3120 bene
880 3045 978 3139 dicit,
995 3046 1082 3140 quia
1106 3045 1234 3119 fumus
1258 3045 1324 3118 irae
1349 3044 1399 3119 ila
1424 3044 1579 3119 conluu-

408 3163 460 3239 dit
484 3165 649 3239 animum
681 3164 780 3260 quod
810 3185 883 3240 uon
912 3172 1029 3262 potest
1046 3157 1083 3257 (³)
1116 3185 1341 3261 cognoscere
1372 3165 1581 3257 veritatem,

348 3321 352 3334 ·
403 3285 513 3380 juxta
539 3285 626 3360 illud
651 3285 784 3361 Ovidii:
806 3290 872 3359 iro
896 3290 1010 3360 cirum
1026 3307 1216 3360 mentorem
1231 3306 1304 3358 non
1320 3289 1403 3360 sinit
1416 3306 1490 3360 erse
1504 3288 1582 3380 rut,-

408 3404 496 3498 quia
521 3404 630 3480 nimis
651 3405 827 3481 recedita
848 3406 991 3481 ratione
1008 3406 1120 3480 bomo
1138 3405 1263 3479 iratus.
1282 3406 1326 3478 Et
1342 3404 1390 3479 ob
1407 3406 1477 3479 boc
1495 3405 1583 3479 sub-

407 3524 459 3598 dit
484 3525 646 3600 subitum
673 3532 711 3601 et
736 3546 867 3601 sanum
893 3527 1085 3601 consilium
1103 3527 1241 3623 Virgilii
1260 3527 1296 3599 in
1316 3532 1416 3601 tauto
1433 3545 1581 3601 errore:

408 3644 495 3739 quia
521 3645 619 3721 enim
646 3645 714 3720 iste
735 3667 854 3722 novus
871 3654 978 3741 poeta
997 3666 1070 3721 nou
1087 3653 1233 3742 poterat
1252 3646 1357 3742 sequi
1377 3646 1583 3744 Virgilium,

409 3784 521 3859 quem
549 3785 621 3848 non
656 3773 800 3860 poterat
830 3765 955 3840 videre
985 3773 1133 3862 propter
1158 3766 1318 3862 fumum,
1344 3766 1427 3842 ideo
1459 3767 1582 3841 statim

408 3885 580 3981 Virgilius
604 3885 705 3960 venit
729 3886 776 3960 ad
802 3907 902 3980 eum,
928 3892 971 3959 ut
995 3887 1055 3962 illc
1077 3887 1284 3962 adhaereret
1300 3887 1384 3982 sibi;
1406 3887 1505 3962 unde
1527 3887 1583 3961 di·

409 4005 477 4080 cit:
504 4007 595 4078 unde
620 4008 657 4078 lo
680 4011 800 4080 scorta
824 4009 908 4098 mio,
935 4005 1028 4081 idest
1056 4005 1241 4103 Virgilius,
1266 4006 1330 4101 qui
1355 4027 1418 4082 me
1441 4017 1582 4083 scorta·

409 4127 484 4219 bal,
509 4134 636 4218 sapato
670 4149 688 4198 e
718 4129 807 4219 fidu,
833 4126 925 4202 idest
949 4127 1093 4221 sapiens
1123 4134 1161 4202 et
1192 4127 1318 4222 tidelis,
1345 4127 1432 4222 quia
1463 4126 1584 4223 Virgi-

410 4245 481 4320 lius
512 4247 654 4341 sapiens
687 4247 783 4322 benc
816 4247 952 4322 sciebat
977 4248 1033 4322 ire
1062 4267 1129 4343 per
1160 4247 1271 4322 istum
1305 4248 1465 4342 fumum,
1496 4247 1582 4342 quia

410 4365 557 4441 videbat
581 4365 660 4440 siue
684 4366 844 4460 laesione,
860 4372 897 4440 et
923 4365 1077 4442 fideliter
1094 4368 1248 4464 gerebat
1267 4388 1397 4442 curam
1416 4367 1463 4442 de
1479 4387 1584 4442 com·

409 4486 520 4560 misso
547 4486 612 4560 sibi
639 4486 677 4560 in
702 4486 769 4561 ista
795 4487 865 4580 via,
892 4489 941 4560 mi
963 4490 992 4560 s'
1005 4481 1157 4580 arcortd,
1178 4487 1241 4562 ubi
1267 4489 1386 4584 primo
1411 4499 1493 4566 erat
1517 4509 1584 4585 pa·

408 4626 494 4679 rum
520 4611 711 4700 separatus
736 4606 784 4680 ab
809 4625 855 4680 eo
880 4607 1090 4701 precedens
1117 4627 1217 4701 eum,
1244 4631 1263 4682 e
1288 4611 1445 4682 temero
1470 4613 1583 4703 m'os-
1649 4657 1654 4667 -

403 4729 511 4821 serre,
524 4725 626 4818 idest,
645 4719 881 4801 obtulit'mibi
899 4727 1094 4822 spatulam,
1112 4729 1208 4802 sicut
1223 4728 1352 4804 videns
1368 4729 1454 4805 lacit
1471 4750 1583 4824 caeco,

406 4846 511 4940 quasi
535 4846 659 4922 dicens
695 4847 813 4941 tacite,
840 4847 938 4942 quod
964 4867 1031 4944 per
1056 4835 1164 4922 istam
1199 4849 1299 4924 viam
1333 4852 1578 4948 tenebrosam,

471 5115 498 5177 (Ι)
514 5114 545 5164 E.
561 5113 660 5166 oculu.
785 5115 812 5177 (¹)
828 5116 859 5167 ll.
875 5116 971 5167 lencm.
1096 5114 1123 5178 (¹)
1139 5116 1171 5166 lt
1187 5117 1354 5179 perurbane
1369 5129 1535 5180 cognoscere.
