4542 6842
715 925 760 992 78
1071 934 1276 992 connnron
1300 939 1519 992 runonronu

711 1085 784 1156 scio
809 1103 833 1154 α
858 1083 915 1156 coi
938 1083 1007 1154 nu
1032 1083 1234 1175 manifesto3
1258 1082 1306 1157 ad
1332 1103 1445 1178 quem
1467 1084 1542 1159 itur
1562 1105 1629 1179 per
1648 1084 1760 1158 istum
1778 1105 1887 1160 mon·

712 1207 785 1276 tem
807 1201 933 1275 altum.
952 1201 997 1274 Et
1014 1200 1071 1275 hic
1087 1201 1240 1277 adverte
1255 1203 1352 1278 bene
1368 1210 1507 1298 quanta
1523 1211 1606 1280 arte
1626 1211 1735 1300 poeta
1760 1215 1886 1282 noster

712 1321 826 1396 utitur
842 1321 912 1416 hic,
926 1321 990 1415 qui
1008 1321 1128 1417 primo
1145 1325 1266 1418 posuit
1282 1346 1388 1400 suam
1406 1325 1686 1401 delectationem
1704 1327 1884 1422 omnium,

709 1441 840 1517 deinde
867 1441 1077 1516 mordacem
1104 1443 1391 1538 increpationem
1412 1446 1568 1520 Catonis.
1590 1445 1694 1522 Unde
1716 1447 1800 1521 volo
1825 1449 1885 1521 ul-

710 1562 826 1637 terius
852 1567 888 1636 te
914 1568 1043 1638 notare
1064 1563 1164 1656 quod
1181 1585 1254 1639 non
1274 1565 1442 1640 obstante
1460 1565 1780 1641 commendatione
1798 1588 1886 1640 mn-

711 1681 795 1756 sicae
812 1681 917 1777 lacta,
932 1689 1039 1778 poeta
1056 1683 1114 1758 hic
1131 1684 1241 1780 digne
1254 1684 1533 1780 reprehenditur
1545 1706 1568 1759 a
1582 1684 1738 1780 Catone,
1751 1687 1884 1782 primo,

711 1803 799 1898 quia
824 1823 897 1877 non
922 1810 1002 1878 erat
1026 1803 1183 1899 amplius
1203 1805 1370 1900 juvenis3
1387 1805 1561 1900 secundo,
1582 1806 1670 1900 quia
1691 1807 1749 1882 hic
1773 1828 1883 1882 reno·

711 1925 822 1999 rabat
855 1931 1004 1999 cantum
1037 1924 1084 1999 de
1119 1925 1274 1998 materia
1305 1945 1495 2019 amorosa,
1528 1947 1603 2019 qua
1638 1927 1725 2000 olim
1763 1927 1886 2004 luerat

711 2044 819 2118 nimis
842 2043 1061 2140 inviscatus3
1081 2044 1200 2138 tertio,
1221 2045 1307 2138 quia
1328 2065 1428 2118 nunc
1447 2045 1618 2120 tendebat
1637 2045 1684 2120 ad
1705 2047 1885 2142 poeuiten·

712 2165 812 2261 tiam,
840 2165 937 2240 unde
963 2166 1094 2240 melius
1119 2173 1199 2240 erat
1225 2187 1325 2240 nunc
1344 2166 1520 2261 plorando
1537 2166 1584 2241 ad
1603 2168 1781 2262 gaudium
1799 2188 1884 2264 per-

711 2286 849 2380 venire,
864 2308 975 2380 quam
994 2286 1176 2360 cantando
1186 2278 1223 2377 (¹)
1236 2286 1431 2381 pervenire
1443 2286 1489 2360 ad
1507 2289 1705 2382 planctum.
1719 2288 1774 2362 hd
1786 2289 1885 2382 quod

710 2407 912 2481 notandum
941 2407 1040 2500 quod
1065 2405 1159 2480 sicut
1184 2406 1325 2480 musica
1342 2407 1438 2482 bene
1458 2414 1601 2481 morata
1622 2414 1660 2482 et
1679 2415 1883 2503 temperata

710 2527 806 2621 parit
831 2527 987 2622 optimos
1014 2527 1179 2620 ellectns,
1204 2527 1254 2600 ita
1279 2526 1308 2599 si
1334 2527 1379 2600 sit
1404 2527 1523 2600 mollis
1548 2534 1585 2600 et
1610 2528 1756 2622 lasciva,
1773 2530 1885 2624 pessi-

711 2669 805 2742 mos,
831 2647 918 2742 quia
944 2648 1087 2721 nullum
1120 2647 1316 2743 vestigium
1345 2647 1513 2741 sequitur
1543 2647 1752 2721 honestatis.
1778 2649 1884 2725 Unde

711 2769 813 2844 Plato
838 2769 901 2862 qui
928 2768 996 2841 luit
1021 2789 1180 2864 magnus
1204 2767 1368 2842 musicus
1397 2767 1630 2862 precipiebat
1654 2769 1753 2862 quod
1779 2770 1883 2864 pueri

711 2909 786 2964 non
812 2889 1049 2964 erudirentur
1073 2889 1111 2962 in
1135 2889 1308 2962 omnihus
1333 2888 1450 2962 modis
1475 2889 1723 2984 musicalibus,
1740 2909 1788 2964 ex
1808 2911 1884 2983 quo

710 3010 858 3084 volebat
883 3010 981 3103 quod
1008 3009 1149 3087 musica
1174 3015 1270 3083 esset
1294 3008 1447 3105 simplex
1473 3015 1510 3083 et
1536 3009 1711 3104 mascula,
1730 3001 1883 3102 qualip')

710 3131 798 3208 olim
816 3131 872 3204 nsi
893 3137 979 3204 sunt
1004 3128 1254 3205 lacedemonii
1271 3128 1308 3202 in
1329 3129 1483 3223 Graecia,
1500 3135 1536 3203 et
1556 3130 1699 3203 romani
1716 3129 1883 3224 initalia,

708 3252 755 3327 nd
780 3251 989 3327 alliciendos
1014 3249 1158 3324 animos
1178 3250 1361 3345 juvenum
1387 3249 1434 3324 ad
1455 3269 1624 3325 amorem
1646 3250 1830 3324 bellorum
1847 3256 1885 3325 et

709 3372 904 3466 laborum;
932 3371 1094 3447 sednon
1124 3370 1350 3445 elloeminata
1379 3391 1464 3464 quae
1493 3368 1632 3444 emollit
1663 3370 1882 3445 virilitatem.

711 3496 803 3570 Nam
836 3499 928 3570 teste
959 3491 1162 3589 Gregorio:
1193 3513 1271 3565 cum
1299 3492 1433 3564 blando
1460 3512 1535 3564 oon
1564 3494 1734 3582 marton
1763 3492 1885 3565 sobrio

710 3618 780 3690 olto
813 3617 995 3690 cescum.
1026 3613 1112 3688 Ideo
1141 3612 1360 3687 Athanasius
1390 3611 1437 3687 ad
1468 3610 1655 3685 vitandam
1684 3611 1883 3686 vanitatem

709 3755 820 3811 usum
846 3734 1000 3809 canendi
1025 3734 1063 3808 in
1087 3733 1249 3809 ecclesiis
1267 3732 1464 3807 interdixit
1482 3731 1696 3807 Ambrosius
1720 3731 1768 3805 ad
1792 3731 1885 3806 inri-

710 3856 859 3934 tandam
885 3855 1060 3951 pietatem
1085 3853 1268 3929 ordinarit
1292 3860 1336 3926 ut
1358 3859 1570 3928 caneretur.
1587 3852 1814 3949 Augustinus
1837 3852 1883 3928 de
1983 3851 1989 3857 ’

709 3984 873 4072 utruque
901 3975 1054 4068 dubitat,
1081 3982 1286 4068 utrumque
1314 3974 1542 4070 permittens,
1568 3980 1611 4046 ut
1638 3972 1763 4047 scribit
1791 3973 1883 4047 libro

709 4098 998 4174 Confessionum.
1025 4097 1068 4170 El
1094 4094 1244 4190 quidam
1271 4095 1473 4169 virbonus
1497 4100 1536 4169 et
1559 4093 1721 4189 prudens
1745 4093 1883 4168 habens

709 4239 841 4294 curam
866 4217 992 4314 magni
1011 4223 1217 4292 conventus
1240 4216 1470 4308 monialium,
1490 4215 1608 4289 vetnit
1632 4234 1680 4288 ne
1704 4212 1883 4288 cantando

709 4338 874 4414 divinum
898 4338 1063 4414 officium
1080 4337 1322 4412 celebrarent
1342 4336 1426 4428 Sed,
1443 4341 1487 4408 ut
1502 4335 1550 4410 de
1565 4334 1709 4409 caeteris
1728 4341 1883 4428 taceam,

709 4461 807 4536 Nero
832 4461 1079 4554 mollissimus,
1097 4459 1162 4552 qui
1178 4458 1247 4532 luit
1264 4458 1321 4532 rir
1337 4457 1506 4533 omnium
1527 4456 1728 4530 mulierum
1746 4461 1784 4529 et
1800 4476 1885 4528 rnu-

709 4579 776 4656 lier
800 4581 969 4658 omnium
995 4581 1176 4672 virorum,
1199 4578 1309 4653 nimis
1332 4575 1588 4652 damnabiliter
1604 4574 1805 4652 delectatus
1828 4581 1884 4650 eet

708 4701 809 4776 omni
833 4721 972 4800 genere
998 4701 1241 4794 musicorum,
1258 4699 1385 4775 omnia
1401 4698 1547 4772 theatra
1561 4695 1713 4772 Graeciae
1729 4715 1883 4791 percur-

709 4841 807 4918 rens,
833 4823 895 4898 uhi
927 4823 1016 4898 olim
1049 4821 1212 4897 studium
1245 4820 1399 4894 musica
1432 4818 1597 4892 maxime
1628 4817 1758 4914 rigmt,
1789 4817 1883 4892 adeo

771 5006 1493 5074 :incunctantem-umnam

772 5081 997 5150 &Smin
