4542 6842
791 965 932 1023 caurus
956 967 1151 1024 SECUNDUS·
1507 958 1552 1024 57

381 1109 464 1185 dicti
499 1109 658 1203 luminis,
695 1109 840 1184 diceus:
876 1113 940 1185 dcl
970 1116 1066 1205 quet,
1103 1113 1239 1189 scilicet
1270 1114 1419 1210 lumine,
1450 1115 1553 1209 idest,

381 1230 520 1326 Angelo
545 1229 739 1324 luminoso,
764 1235 851 1304 com'
864 1235 899 1306 io
922 1233 996 1306 eddi
1023 1237 1165 1308 rdratto
1193 1256 1242 1308 an
1270 1256 1360 1328 poco
1389 1238 1553 1328 torono,

383 1350 487 1445 idest,
512 1372 599 1426 cum
632 1351 669 1425 iu
702 1373 817 1446 parvo
854 1360 1042 1429 momento
1076 1356 1316 1432 removissem
1346 1356 1465 1431 visum
1504 1358 1553 1432 ab

383 1491 440 1566 eo,
472 1478 509 1546 et
546 1473 807 1548 convertissem
847 1493 977 1550 versus
1008 1473 1213 1572 Virgilium,
1246 1497 1313 1569 per
1349 1479 1553 1552 domemur

383 1597 418 1666 lo
443 1596 534 1667 duca
559 1596 642 1686 mio,
672 1593 774 1689 idest,
805 1603 847 1668 ut
878 1594 1039 1670 dicerem
1073 1596 1222 1693 Virgilio
1237 1588 1299 1688 (⁴):
1332 1617 1356 1670 o
1387 1597 1554 1691 quidest

382 1713 479 1787 istud
506 1719 580 1788 tam
612 1713 800 1789 mirabile!
826 1717 947 1788 rividil
968 1710 1032 1808 piri
1061 1717 1190 1788 lucente
1218 1738 1237 1788 e
1264 1720 1429 1808 maggior
1450 1722 1553 1812 sudo,

383 1841 563 1928 quantum
595 1833 641 1908 ad
671 1834 790 1908 visum
823 1834 903 1910 eius
932 1843 1081 1930 propter
1112 1835 1477 1931 approximationem.
1509 1837 1554 1911 Et

382 1952 419 2027 in
445 1954 514 2027 boc
539 1961 625 2028 nota
650 1954 879 2028 velocitatem
897 1954 1024 2052 Angeli
1046 1956 1109 2050 qui
1137 1956 1174 2029 iu
1193 1956 1339 2030 instanti
1362 1963 1553 2031 transcur-

381 2079 481 2148 rerat
508 2094 684 2170 magnum
710 2074 881 2168 spatium,
907 2075 955 2148 lta
982 2075 1079 2169 quod
1106 2097 1218 2172 quem
1246 2078 1346 2173 prius
1370 2076 1552 2152 videreta

380 2195 489 2290 longe
514 2194 775 2289 splendentem,
796 2195 916 2269 subito
949 2195 1036 2269 vidit
1070 2197 1187 2290 ipsum
1218 2198 1265 2273 de
1291 2219 1404 2293 prope
1429 2197 1551 2292 splen-

380 2314 633 2390 dentissimum
649 2303 698 2406 (²).
714 2353 763 2368 -
775 2317 851 2388 Poi.
870 2314 934 2388 llic
951 2322 1058 2410 poeta
1076 2316 1258 2412 descripto
1274 2317 1414 2414 Angelo
1432 2317 1468 2390 in
1485 2338 1553 2415 ge-

380 2434 508 2530 nerali,
535 2453 633 2508 nunc
658 2434 826 2509 describit
849 2435 966 2530 ipsum
993 2435 1030 2509 in
1057 2437 1201 2530 speciali
1223 2445 1404 2533 quantum
1421 2438 1467 2512 ad
1489 2458 1553 2513 or·

381 2576 478 2653 gana
510 2554 643 2648 quibus
679 2555 874 2629 utebatur:
901 2562 939 2630 et
972 2556 1057 2649 quie
1091 2556 1197 2631 litera
1232 2562 1287 2630 est
1320 2556 1484 2652 difficilis,
1515 2557 1561 2631 in.

381 2697 529 2751 summa
556 2675 633 2750 vult
659 2674 792 2767 dicere,
811 2674 909 2769 quod
930 2675 1017 2749 vidit
1033 2674 1108 2750 duo
1132 2676 1215 2750 alba
1241 2697 1325 2770 quae
1351 2677 1552 2752 moveban-

382 2802 445 2870 tur
470 2815 492 2868 a
517 2793 655 2870 dextris
680 2801 718 2870 et
742 2795 893 2870 sinistris
918 2795 1008 2890 eius,
1032 2805 1069 2871 et
1092 2796 1204 2890 paulo
1228 2801 1309 2890 post
1326 2795 1414 2871 vidit
1433 2795 1552 2889 quod·

381 2915 466 2991 dam
493 2916 644 2990 tertium
669 2916 795 2990 album
822 2914 918 3009 quod
945 2915 1055 3011 eoepit
1079 2935 1259 3010 apparere
1283 2915 1352 2990 sub
1372 2936 1428 2990 eo.
1449 2916 1552 2991 Unde

381 3035 487 3111 dicit:
510 3041 572 3130 poi
597 3058 645 3110 an
679 3059 749 3110 oon
779 3059 888 3130 sapen
918 3040 978 3110 cle
1011 3037 1148 3128 nauco,
1181 3036 1267 3131 quia
1302 3057 1375 3111 nou
1409 3045 1553 3133 poterat

380 3157 478 3231 bunc
502 3157 691 3254 percipere
716 3157 803 3251 quid
828 3164 934 3251 esset,
960 3156 1023 3231 sed
1048 3163 1174 3251 postea
1202 3156 1316 3250 scivit,
1342 3159 1387 3229 m’
1400 3153 1552 3252 apporto

380 3279 512 3368 d’opnt
535 3281 606 3352 lato
631 3279 681 3350 od
704 3298 794 3367 csso,
820 3277 868 3351 ita
892 3275 991 3371 quod
1017 3276 1143 3351 lumen
1161 3275 1248 3350 illud
1266 3276 1426 3350 rubeum
1444 3279 1551 3352 llam-

379 3403 521 3472 matum
549 3396 722 3471 rutilabat
746 3397 840 3470 inter
857 3397 931 3471 duo
948 3396 1029 3471 alba
1048 3396 1313 3490 candidissima,
1334 3419 1353 3470 e
1372 3419 1420 3472 an
1445 3401 1551 3493 ultro,

380 3517 526 3611 scilicet,
560 3517 699 3610 album,
737 3510 845 3606 ordo,
884 3515 985 3610 idest,
1024 3516 1206 3612 apparuit,
1240 3519 1278 3590 di
1313 3525 1401 3591 sotto
1437 3538 1461 3591 u
1494 3522 1554 3615 lui,

380 3637 472 3714 idest
487 3629 537 3731 (³),
564 3638 609 3712 de
635 3637 704 3711 sub
730 3637 789 3711 illo
814 3636 955 3711 lumine
971 3636 1101 3731 primo.
1120 3637 1164 3708 Et
1183 3636 1242 3711 bic
1259 3643 1346 3711 nota
1366 3636 1466 3732 quod
1486 3638 1555 3712 ali·

380 3758 442 3852 qui
460 3757 651 3832 credentes
671 3756 851 3832 subtiliter
873 3775 1058 3851 exponere
1078 3756 1186 3830 istam
1207 3756 1363 3852 literam,
1379 3756 1553 3832 dixerunt

381 3879 479 3974 quod
506 3878 571 3952 ista
597 3878 671 3953 duo
695 3877 779 3952 alba
808 3882 914 3952 erant
945 3876 1018 3951 duo
1047 3875 1175 3973 dugeli
1205 3877 1433 3952 collaterales
1467 3877 1553 3954 dicti

381 3998 526 4095 Angeli3
552 4004 590 4072 et
616 3997 764 4072 tertium
791 3997 916 4071 album
935 4003 1016 4072 erat
1032 3997 1163 4072 tertius
1186 3996 1349 4094 Angelus
1372 3998 1410 4072 in
1435 3999 1552 4074 socie-

381 4123 456 4194 tate
480 4117 560 4192 eius
585 4117 699 4191 induti
725 4116 885 4191 candidis
917 4117 1162 4211 vestimentis,
1188 4117 1252 4191 sed
1282 4117 1340 4191 isti
1368 4119 1552 4194 somniant

381 4239 503 4314 nescio
529 4238 626 4333 quid.
653 4238 738 4313 ldeo
763 4237 820 4312 dic
846 4236 944 4332 quod
969 4237 1044 4311 duo
1069 4237 1153 4312 alba
1174 4247 1280 4315 erant
1298 4237 1467 4314 duaealae
1484 4259 1551 4315 vo-

380 4358 496 4432 lantes
521 4365 558 4432 et
577 4358 790 4432 ventilantes
813 4357 908 4430 illius
925 4355 1054 4453 Angeli
1071 4355 1184 4453 igniti,
1203 4376 1288 4452 qua
1304 4357 1464 4454 figurant
1480 4380 1551 4454 pu-

381 4478 526 4553 ritatem
553 4478 632 4552 eius
657 4485 695 4553 et
720 4477 961 4582 velocitatem.
988 4477 1148 4552 Licentia
1172 4477 1270 4552 enim
1297 4487 1488 4573 poetarum
1513 4487 1551 4556 et

235 4637 237 4642 ·
381 4600 562 4696 pictorum
581 4598 746 4675 attribuit
762 4599 838 4673 alas
851 4597 1002 4695 Angelo,
1015 4605 1058 4672 ut
1076 4605 1206 4672 uotum
1223 4604 1279 4674 est
1295 4599 1393 4694 apud
1409 4620 1549 4676 omnes.

381 4721 546 4796 Tertium
573 4741 662 4795 vero
685 4721 813 4794 album
841 4725 920 4794 erat
946 4718 1115 4812 quaedam
1134 4719 1303 4794 navicula
1323 4720 1419 4816 alba,
1436 4741 1550 4815 quam
1614 4757 1640 4790 a

380 4842 532 4938 regebat
548 4840 709 4936 Angelus
729 4840 798 4914 sub
815 4859 866 4934 se,
894 4839 932 4912 iu
957 4859 1031 4934 qua
1056 4840 1251 4934 portabant
1266 4829 1301 4932 (⁴)
1327 4862 1442 4914 unum
1463 4861 1550 4937 gre-

442 5024 470 5086 l¹l
487 5025 517 5076 E.
534 5024 659 5089 Virgilio:
675 5026 735 5090 quid
751 5031 800 5076 est.
986 5025 1014 5087 (ι)
1030 5025 1056 5075 s,
1071 5025 1316 5089 ,mmmm

443 5101 471 5165 t')
488 5104 542 5162 lll,
558 5101 631 5164 idest,
647 5101 696 5152 sub
711 5099 767 5152 illo.
986 5101 1014 5166 (ι)
1030 5101 1061 5151 R
1077 5101 1204 5165 Pomm
