<?xml version="1.0" encoding="UTF-8"?>
<!DOCTYPE html PUBLIC "-//W3C//DTD XHTML 1.0 Transitional//EN"
    "http://www.w3.org/TR/xhtml1/DTD/xhtml1-transitional.dtd">
<html xmlns="http://www.w3.org/1999/xhtml" xml:lang="en" lang="en">
 <head>
  <title>
</title>
<meta http-equiv="Content-Type" content="text/html;charset=utf-8" />
  <meta name='ocr-system' content='tesseract 3.04.00' />
  <meta name='ocr-capabilities' content='ocr_page ocr_carea ocr_par ocr_line ocrx_word'/>
</head>
<body>
  <div class='ocr_page' id='page_1' title='image "./comentumsuperda01unkngoog_0359.png"; bbox 0 0 4542 6842; ppageno 0'>
   <div class='ocr_carea' id='block_1_1' title="bbox 761 909 1588 981">
    <p class='ocr_par' dir='ltr' id='par_1_1' title="bbox 761 909 1588 981">
     <span class='ocr_line' id='line_1_1' title="bbox 761 909 1588 981; baseline -0.002 -2"><span class='ocrx_word' id='word_1_1' title='bbox 761 924 899 980; x_wconf 73' lang='lat' dir='ltr'>caurus</span> <span class='ocrx_word' id='word_1_2' title='bbox 924 924 1081 981; x_wconf 76' lang='lat' dir='ltr'>orciuos</span> <span class='ocrx_word' id='word_1_3' title='bbox 1106 923 1249 979; x_wconf 74' lang='lat' dir='ltr'>narnus,</span> <span class='ocrx_word' id='word_1_4' title='bbox 1517 909 1588 977; x_wconf 81' lang='lat'>315</span> 
     </span>
    </p>
   </div>
   <div class='ocr_carea' id='block_1_2' title="bbox 411 1061 1598 1885">
    <p class='ocr_par' dir='ltr' id='par_1_2' title="bbox 411 1061 1598 1885">
     <span class='ocr_line' id='line_1_2' title="bbox 412 1061 1591 1166; baseline 0.002 -23"><span class='ocrx_word' id='word_1_5' title='bbox 412 1070 541 1165; x_wconf 89' lang='lat' dir='ltr'>pulcre</span> <span class='ocrx_word' id='word_1_6' title='bbox 565 1068 736 1145; x_wconf 87' lang='lat' dir='ltr'>describit</span> <span class='ocrx_word' id='word_1_7' title='bbox 749 1069 909 1144; x_wconf 84' lang='lat' dir='ltr'>&#39;Ovidius</span> <span class='ocrx_word' id='word_1_8' title='bbox 934 1070 971 1143; x_wconf 92' lang='lat' dir='ltr'>iu</span> <span class='ocrx_word' id='word_1_9' title='bbox 997 1070 1132 1146; x_wconf 89' lang='lat' dir='ltr'>llaiori.</span> <span class='ocrx_word' id='word_1_10' title='bbox 1161 1070 1206 1143; x_wconf 85' lang='lat' dir='ltr'>Et</span> <span class='ocrx_word' id='word_1_11' title='bbox 1230 1076 1332 1145; x_wconf 88' lang='lat' dir='ltr'>certe</span> <span class='ocrx_word' id='word_1_12' title='bbox 1354 1070 1413 1144; x_wconf 90' lang='lat' dir='ltr'>hic</span> <span class='ocrx_word' id='word_1_13' title='bbox 1428 1061 1465 1163; x_wconf 79' lang='lat'>(¹)</span> <span class='ocrx_word' id='word_1_14' title='bbox 1493 1090 1591 1166; x_wconf 81' lang='lat' dir='ltr'>prae-</span> 
     </span>
     <span class='ocr_line' id='line_1_3' title="bbox 411 1189 1593 1286; baseline -0.002 -22"><span class='ocrx_word' id='word_1_15' title='bbox 411 1189 533 1265; x_wconf 86' lang='lat' dir='ltr'>clarus</span> <span class='ocrx_word' id='word_1_16' title='bbox 568 1209 641 1263; x_wconf 92' lang='lat' dir='ltr'>non</span> <span class='ocrx_word' id='word_1_17' title='bbox 673 1190 793 1263; x_wconf 89' lang='lat' dir='ltr'>solum</span> <span class='ocrx_word' id='word_1_18' title='bbox 825 1190 963 1285; x_wconf 82' lang='lat' dir='ltr'>expulit</span> <span class='ocrx_word' id='word_1_19' title='bbox 988 1190 1075 1265; x_wconf 86' lang='lat' dir='ltr'>istos</span> <span class='ocrx_word' id='word_1_20' title='bbox 1106 1190 1154 1266; x_wconf 92' lang='lat' dir='ltr'>de</span> <span class='ocrx_word' id='word_1_21' title='bbox 1184 1190 1423 1286; x_wconf 80' lang='lat' dir='ltr'>possessione,</span> <span class='ocrx_word' id='word_1_22' title='bbox 1456 1190 1519 1266; x_wconf 86' lang='lat' dir='ltr'>sed</span> <span class='ocrx_word' id='word_1_23' title='bbox 1553 1196 1593 1265; x_wconf 92' lang='lat' dir='ltr'>et</span> 
     </span>
     <span class='ocr_line' id='line_1_4' title="bbox 412 1309 1588 1407; baseline 0.001 -23"><span class='ocrx_word' id='word_1_24' title='bbox 412 1330 540 1385; x_wconf 80' lang='lat' dir='ltr'>omnes</span> <span class='ocrx_word' id='word_1_25' title='bbox 565 1309 654 1385; x_wconf 84' lang='lat' dir='ltr'>alios</span> <span class='ocrx_word' id='word_1_26' title='bbox 670 1315 756 1385; x_wconf 89' lang='lat' dir='ltr'>ante</span> <span class='ocrx_word' id='word_1_27' title='bbox 773 1332 825 1404; x_wconf 89' lang='lat' dir='ltr'>se,</span> <span class='ocrx_word' id='word_1_28' title='bbox 846 1316 979 1407; x_wconf 88' lang='lat' dir='ltr'>etpost</span> <span class='ocrx_word' id='word_1_29' title='bbox 996 1332 1037 1387; x_wconf 89' lang='lat' dir='ltr'>se</span> <span class='ocrx_word' id='word_1_30' title='bbox 1055 1332 1174 1405; x_wconf 90' lang='lat' dir='ltr'>usqne</span> <span class='ocrx_word' id='word_1_31' title='bbox 1192 1311 1229 1385; x_wconf 89' lang='lat' dir='ltr'>in</span> <span class='ocrx_word' id='word_1_32' title='bbox 1246 1311 1460 1385; x_wconf 83' lang='lat' dir='ltr'><strong>hodiernam</strong></span> <span class='ocrx_word' id='word_1_33' title='bbox 1479 1311 1588 1387; x_wconf 88' lang='lat' dir='ltr'>diem.</span> 
     </span>
     <span class='ocr_line' id='line_1_5' title="bbox 413 1429 1592 1526; baseline 0.002 -22"><span class='ocrx_word' id='word_1_34' title='bbox 413 1429 531 1523; x_wconf 75' lang='lat' dir='ltr'>Aliqui</span> <span class='ocrx_word' id='word_1_35' title='bbox 558 1435 682 1505; x_wconf 78' lang='lat' dir='ltr'>tannen</span> <span class='ocrx_word' id='word_1_36' title='bbox 707 1432 836 1505; x_wconf 90' lang='lat' dir='ltr'>volunt</span> <span class='ocrx_word' id='word_1_37' title='bbox 862 1431 961 1525; x_wconf 86' lang='lat' dir='ltr'>quod</span> <span class='ocrx_word' id='word_1_38' title='bbox 987 1437 1093 1526; x_wconf 87' lang='lat' dir='ltr'>poeta</span> <span class='ocrx_word' id='word_1_39' title='bbox 1121 1436 1245 1505; x_wconf 89' lang='lat' dir='ltr'>noster</span> <span class='ocrx_word' id='word_1_40' title='bbox 1271 1430 1447 1525; x_wconf 88' lang='lat' dir='ltr'>loquatur</span> <span class='ocrx_word' id='word_1_41' title='bbox 1469 1431 1526 1506; x_wconf 90' lang='lat' dir='ltr'>hic</span> <span class='ocrx_word' id='word_1_42' title='bbox 1544 1431 1592 1505; x_wconf 89' lang='lat' dir='ltr'>de</span> 
     </span>
     <span class='ocr_line' id='line_1_6' title="bbox 415 1550 1593 1646; baseline 0.003 -25"><span class='ocrx_word' id='word_1_43' title='bbox 415 1550 575 1644; x_wconf 86' lang='lat' dir='ltr'>quodam</span> <span class='ocrx_word' id='word_1_44' title='bbox 602 1550 709 1625; x_wconf 92' lang='lat' dir='ltr'>tertio</span> <span class='ocrx_word' id='word_1_45' title='bbox 734 1550 912 1646; x_wconf 90' lang='lat' dir='ltr'>Gnidone,</span> <span class='ocrx_word' id='word_1_46' title='bbox 938 1550 1074 1627; x_wconf 87' lang='lat' dir='ltr'>scilicet</span> <span class='ocrx_word' id='word_1_47' title='bbox 1099 1552 1146 1625; x_wconf 92' lang='lat' dir='ltr'>de</span> <span class='ocrx_word' id='word_1_48' title='bbox 1170 1550 1319 1625; x_wconf 88' lang='lat' dir='ltr'>domino</span> <span class='ocrx_word' id='word_1_49' title='bbox 1348 1550 1516 1626; x_wconf 89' lang='lat' dir='ltr'>Gnidone</span> <span class='ocrx_word' id='word_1_50' title='bbox 1545 1550 1593 1625; x_wconf 89' lang='lat' dir='ltr'>de</span> 
     </span>
     <span class='ocr_line' id='line_1_7' title="bbox 415 1669 1592 1764; baseline 0.001 -22"><span class='ocrx_word' id='word_1_51' title='bbox 415 1669 565 1743; x_wconf 84' lang='lat' dir='ltr'>Polenta</span> <span class='ocrx_word' id='word_1_52' title='bbox 590 1670 752 1763; x_wconf 64' lang='lat' dir='ltr'>Novello</span> <span class='ocrx_word' id='word_1_53' title='bbox 779 1670 848 1743; x_wconf 92' lang='lat' dir='ltr'>sub</span> <span class='ocrx_word' id='word_1_54' title='bbox 875 1690 950 1764; x_wconf 89' lang='lat' dir='ltr'>quo</span> <span class='ocrx_word' id='word_1_55' title='bbox 975 1670 1065 1744; x_wconf 83' lang='lat' dir='ltr'>vixit</span> <span class='ocrx_word' id='word_1_56' title='bbox 1090 1677 1128 1744; x_wconf 86' lang='lat' dir='ltr'>et</span> <span class='ocrx_word' id='word_1_57' title='bbox 1154 1676 1325 1745; x_wconf 87' lang='lat' dir='ltr'>mortuus</span> <span class='ocrx_word' id='word_1_58' title='bbox 1349 1674 1422 1763; x_wconf 80' lang='lat' dir='ltr'>est3</span> <span class='ocrx_word' id='word_1_59' title='bbox 1443 1669 1508 1764; x_wconf 87' lang='lat' dir='ltr'>qui</span> <span class='ocrx_word' id='word_1_60' title='bbox 1525 1669 1592 1743; x_wconf 91' lang='lat' dir='ltr'>luit</span> 
     </span>
     <span class='ocr_line' id='line_1_8' title="bbox 417 1785 1598 1885; baseline -0.001 -23"><span class='ocrx_word' id='word_1_61' title='bbox 417 1788 473 1863; x_wconf 90' lang='lat' dir='ltr'>vir</span> <span class='ocrx_word' id='word_1_62' title='bbox 490 1788 575 1862; x_wconf 87' lang='lat' dir='ltr'>salis</span> <span class='ocrx_word' id='word_1_63' title='bbox 593 1788 796 1885; x_wconf 84' lang='lat' dir='ltr'>intelligens</span> <span class='ocrx_word' id='word_1_64' title='bbox 813 1796 850 1865; x_wconf 92' lang='lat' dir='ltr'>et</span> <span class='ocrx_word' id='word_1_65' title='bbox 867 1791 1064 1884; x_wconf 88' lang='lat' dir='ltr'>eloquens:</span> <span class='ocrx_word' id='word_1_66' title='bbox 1092 1791 1156 1865; x_wconf 86' lang='lat' dir='ltr'>sed</span> <span class='ocrx_word' id='word_1_67' title='bbox 1182 1811 1257 1864; x_wconf 89' lang='lat' dir='ltr'>non</span> <span class='ocrx_word' id='word_1_68' title='bbox 1276 1789 1551 1878; x_wconf 81' lang='lat' dir='ltr'>credo-Non·</span> <span class='ocrx_word' id='word_1_69' title='bbox 1562 1785 1598 1863; x_wconf 76' lang='grc' dir='ltr'>ε’..</span> 
     </span>
    </p>
   </div>
   <div class='ocr_carea' id='block_1_3' title="bbox 414 1909 1595 2489">
    <p class='ocr_par' dir='ltr' id='par_1_3' title="bbox 414 1909 1595 2489">
     <span class='ocr_line' id='line_1_9' title="bbox 415 1909 1594 2005; baseline -0.003 -19"><span class='ocrx_word' id='word_1_70' title='bbox 415 1912 520 1986; x_wconf 91' lang='lat' dir='ltr'>Nunc</span> <span class='ocrx_word' id='word_1_71' title='bbox 537 1916 643 2005; x_wconf 84' lang='lat' dir='ltr'>pocla</span> <span class='ocrx_word' id='word_1_72' title='bbox 669 1930 715 1986; x_wconf 84' lang='lat' dir='ltr'>ex</span> <span class='ocrx_word' id='word_1_73' title='bbox 741 1910 843 1986; x_wconf 89' lang='lat' dir='ltr'>dictis</span> <span class='ocrx_word' id='word_1_74' title='bbox 873 1911 1056 1987; x_wconf 84' lang='lat' dir='ltr'>concludit</span> <span class='ocrx_word' id='word_1_75' title='bbox 1090 1911 1289 1987; x_wconf 84' lang='lat' dir='ltr'>vanitatem</span> <span class='ocrx_word' id='word_1_76' title='bbox 1318 1910 1425 1985; x_wconf 83' lang='lat' dir='ltr'>lamae</span> <span class='ocrx_word' id='word_1_77' title='bbox 1449 1909 1594 1984; x_wconf 86' lang='lat' dir='ltr'>assimi-</span> 
     </span>
     <span class='ocr_line' id='line_1_10' title="bbox 415 2030 1594 2125; baseline -0.003 -20"><span class='ocrx_word' id='word_1_78' title='bbox 415 2032 494 2107; x_wconf 87' lang='lat' dir='ltr'>lans</span> <span class='ocrx_word' id='word_1_79' title='bbox 524 2050 607 2105; x_wconf 86' lang='lat' dir='ltr'>eam</span> <span class='ocrx_word' id='word_1_80' title='bbox 639 2036 767 2125; x_wconf 88' lang='lat' dir='ltr'>vento;</span> <span class='ocrx_word' id='word_1_81' title='bbox 793 2031 892 2106; x_wconf 89' lang='lat' dir='ltr'>unde</span> <span class='ocrx_word' id='word_1_82' title='bbox 924 2031 1032 2108; x_wconf 86' lang='lat' dir='ltr'>dicit:</span> <span class='ocrx_word' id='word_1_83' title='bbox 1063 2035 1092 2106; x_wconf 86' lang='lat' dir='ltr'>il</span> <span class='ocrx_word' id='word_1_84' title='bbox 1128 2034 1286 2110; x_wconf 81' lang='lat' dir='ltr'>mundun</span> <span class='ocrx_word' id='word_1_85' title='bbox 1315 2053 1454 2122; x_wconf 83' lang='lat' dir='ltr'>rumor,</span> <span class='ocrx_word' id='word_1_86' title='bbox 1490 2030 1594 2123; x_wconf 88' lang='lat' dir='ltr'>idest,</span> 
     </span>
     <span class='ocr_line' id='line_1_11' title="bbox 416 2146 1595 2244; baseline -0.004 -17"><span class='ocrx_word' id='word_1_87' title='bbox 416 2151 513 2227; x_wconf 85' lang='lat' dir='ltr'>lama</span> <span class='ocrx_word' id='word_1_88' title='bbox 545 2151 694 2244; x_wconf 82' lang='lat' dir='ltr'><strong>loquax,</strong></span> <span class='ocrx_word' id='word_1_89' title='bbox 719 2172 792 2223; x_wconf 84' lang='lat' dir='ltr'>non</span> <span class='ocrx_word' id='word_1_90' title='bbox 825 2146 845 2225; x_wconf 67' lang='lat' dir='ltr'>e*</span> <span class='ocrx_word' id='word_1_91' title='bbox 875 2154 969 2225; x_wconf 83' lang='lat' dir='ltr'>altro</span> <span class='ocrx_word' id='word_1_92' title='bbox 1001 2153 1111 2225; x_wconf 80' lang='lat' dir='ltr'>cl’nn</span> <span class='ocrx_word' id='word_1_93' title='bbox 1135 2154 1222 2243; x_wconf 75' lang='lat' dir='ltr'>ficto</span> <span class='ocrx_word' id='word_1_94' title='bbox 1254 2154 1293 2225; x_wconf 87' lang='lat' dir='ltr'>di</span> <span class='ocrx_word' id='word_1_95' title='bbox 1321 2158 1435 2243; x_wconf 77' lang='lat' dir='ltr'>vento,</span> <span class='ocrx_word' id='word_1_96' title='bbox 1469 2156 1507 2225; x_wconf 90' lang='lat' dir='ltr'>et</span> <span class='ocrx_word' id='word_1_97' title='bbox 1539 2155 1595 2224; x_wconf 90' lang='lat' dir='ltr'>est</span> 
     </span>
     <span class='ocr_line' id='line_1_12' title="bbox 414 2269 1593 2365; baseline -0.003 -20"><span class='ocrx_word' id='word_1_98' title='bbox 414 2270 551 2365; x_wconf 89' lang='lat' dir='ltr'>optima</span> <span class='ocrx_word' id='word_1_99' title='bbox 576 2269 786 2365; x_wconf 84' lang='lat' dir='ltr'>similitudo,</span> <span class='ocrx_word' id='word_1_100' title='bbox 813 2271 898 2364; x_wconf 88' lang='lat' dir='ltr'>quia</span> <span class='ocrx_word' id='word_1_101' title='bbox 926 2272 1023 2347; x_wconf 86' lang='lat' dir='ltr'>lama</span> <span class='ocrx_word' id='word_1_102' title='bbox 1050 2276 1105 2347; x_wconf 91' lang='lat' dir='ltr'>est</span> <span class='ocrx_word' id='word_1_103' title='bbox 1130 2271 1285 2345; x_wconf 85' lang='lat' dir='ltr'>volatilis</span> <span class='ocrx_word' id='word_1_104' title='bbox 1317 2272 1418 2345; x_wconf 93' lang='lat' dir='ltr'>velut</span> <span class='ocrx_word' id='word_1_105' title='bbox 1449 2277 1593 2365; x_wconf 82' lang='lat' dir='ltr'>ventus,</span> 
     </span>
     <span class='ocr_line' id='line_1_13' title="bbox 416 2390 1595 2489; baseline 0 -23"><span class='ocrx_word' id='word_1_106' title='bbox 416 2396 453 2466; x_wconf 89' lang='lat' dir='ltr'>et</span> <span class='ocrx_word' id='word_1_107' title='bbox 478 2390 549 2465; x_wconf 88' lang='lat' dir='ltr'>cito</span> <span class='ocrx_word' id='word_1_108' title='bbox 579 2392 775 2486; x_wconf 88' lang='lat' dir='ltr'>pertransit</span> <span class='ocrx_word' id='word_1_109' title='bbox 808 2412 941 2489; x_wconf 84' lang='lat' dir='ltr'>magna</span> <span class='ocrx_word' id='word_1_110' title='bbox 967 2394 1082 2488; x_wconf 85' lang='lat' dir='ltr'>spatia</span> <span class='ocrx_word' id='word_1_111' title='bbox 1112 2399 1300 2467; x_wconf 88' lang='lat' dir='ltr'>terrarum</span> <span class='ocrx_word' id='word_1_112' title='bbox 1336 2413 1423 2467; x_wconf 88' lang='lat' dir='ltr'>cum</span> <span class='ocrx_word' id='word_1_113' title='bbox 1457 2412 1595 2488; x_wconf 80' lang='lat' dir='ltr'>magno</span> 
     </span>
    </p>
   </div>
   <div class='ocr_carea' id='block_1_4' title="bbox 417 2511 1652 2856">
    <p class='ocr_par' dir='ltr' id='par_1_4' title="bbox 417 2511 1652 2856">
     <span class='ocr_line' id='line_1_14' title="bbox 418 2511 1652 2608; baseline 0.003 -21"><span class='ocrx_word' id='word_1_114' title='bbox 418 2532 590 2605; x_wconf 81' lang='lat' dir='ltr'>rumore3</span> <span class='ocrx_word' id='word_1_115' title='bbox 617 2511 715 2586; x_wconf 91' lang='lat' dir='ltr'>unde</span> <span class='ocrx_word' id='word_1_116' title='bbox 740 2511 928 2608; x_wconf 80' lang='lat' dir='ltr'>Virgilius:</span> <span class='ocrx_word' id='word_1_117' title='bbox 956 2518 1070 2587; x_wconf 85' lang='lat' dir='ltr'><em>Fama</em></span> <span class='ocrx_word' id='word_1_118' title='bbox 1095 2516 1239 2605; x_wconf 65' lang='lat' dir='ltr'>mamm,</span> <span class='ocrx_word' id='word_1_119' title='bbox 1258 2534 1326 2605; x_wconf 81' lang='lat' dir='ltr'>qno</span> <span class='ocrx_word' id='word_1_120' title='bbox 1346 2516 1398 2587; x_wconf 84' lang='lat' dir='ltr'>nil</span> <span class='ocrx_word' id='word_1_121' title='bbox 1415 2516 1515 2587; x_wconf 83' lang='lat' dir='ltr'>uliud</span> <span class='ocrx_word' id='word_1_122' title='bbox 1535 2535 1594 2585; x_wconf 87' lang='lat' dir='ltr'>oe·</span> <span class='ocrx_word' id='word_1_123' title='bbox 1642 2576 1652 2591; x_wconf 93' lang='lat'>.</span> 
     </span>
     <span class='ocr_line' id='line_1_15' title="bbox 417 2632 1596 2730; baseline -0.001 -24"><span class='ocrx_word' id='word_1_124' title='bbox 417 2635 525 2706; x_wconf 79' lang='lat' dir='ltr'>locius</span> <span class='ocrx_word' id='word_1_125' title='bbox 548 2635 645 2705; x_wconf 85' lang='lat' dir='ltr'>illam</span> <span class='ocrx_word' id='word_1_126' title='bbox 665 2632 852 2705; x_wconf 74' lang='lat' dir='ltr'>Mutiliae</span> <span class='ocrx_word' id='word_1_127' title='bbox 873 2636 975 2724; x_wconf 80' lang='lat' dir='ltr'>dipel,</span> <span class='ocrx_word' id='word_1_128' title='bbox 994 2636 1150 2730; x_wconf 83' lang='lat' dir='ltr'>viresqne</span> <span class='ocrx_word' id='word_1_129' title='bbox 1169 2636 1320 2727; x_wconf 72' lang='lat' dir='ltr'>acqm&#39;rit</span> <span class='ocrx_word' id='word_1_130' title='bbox 1334 2636 1447 2707; x_wconf 82' lang='lat' dir='ltr'>eundo</span> <span class='ocrx_word' id='word_1_131' title='bbox 1470 2639 1596 2707; x_wconf 82' lang='lat' dir='ltr'>Paroa</span> 
     </span>
     <span class='ocr_line' id='line_1_16' title="bbox 419 2751 1595 2856; baseline 0 -31"><span class='ocrx_word' id='word_1_132' title='bbox 419 2758 512 2825; x_wconf 85' lang='lat' dir='ltr'>mola</span> <span class='ocrx_word' id='word_1_133' title='bbox 534 2754 651 2844; x_wconf 85' lang='lat' dir='ltr'>primo</span> <span class='ocrx_word' id='word_1_134' title='bbox 677 2756 744 2825; x_wconf 87' lang='lat' dir='ltr'>etc.</span> <span class='ocrx_word' id='word_1_135' title='bbox 771 2751 865 2826; x_wconf 85' lang='lat' dir='ltr'>Talis</span> <span class='ocrx_word' id='word_1_136' title='bbox 887 2758 1062 2828; x_wconf 88' lang='lat' dir='ltr'>recteest</span> <span class='ocrx_word' id='word_1_137' title='bbox 1084 2760 1235 2856; x_wconf 87' lang='lat' dir='ltr'>ventus;</span> <span class='ocrx_word' id='word_1_138' title='bbox 1255 2754 1351 2829; x_wconf 91' lang='lat' dir='ltr'>unde</span> <span class='ocrx_word' id='word_1_139' title='bbox 1368 2754 1472 2827; x_wconf 87' lang='lat' dir='ltr'>dicit:</span> <span class='ocrx_word' id='word_1_140' title='bbox 1489 2755 1595 2826; x_wconf 80' lang='lat' dir='ltr'>ct’or</span> 
     </span>
    </p>
   </div>
   <div class='ocr_carea' id='block_1_5' title="bbox 288 2871 1600 2968">
    <p class='ocr_par' dir='ltr' id='par_1_5' title="bbox 288 2871 1600 2968">
     <span class='ocr_line' id='line_1_17' title="bbox 288 2871 1600 2968; baseline 0.002 -23"><span class='ocrx_word' id='word_1_141' title='bbox 288 2936 294 2956; x_wconf 68' lang='grc'>,</span> <span class='ocrx_word' id='word_1_142' title='bbox 419 2876 495 2945; x_wconf 85' lang='lat' dir='ltr'>vien</span> <span class='ocrx_word' id='word_1_143' title='bbox 522 2873 636 2963; x_wconf 82' lang='lat' dir='ltr'>quinci</span> <span class='ocrx_word' id='word_1_144' title='bbox 660 2878 693 2945; x_wconf 84' lang='lat' dir='ltr'>et</span> <span class='ocrx_word' id='word_1_145' title='bbox 714 2892 759 2943; x_wconf 89' lang='lat' dir='ltr'>or</span> <span class='ocrx_word' id='word_1_146' title='bbox 784 2874 861 2945; x_wconf 68' lang='lat' dir='ltr'>nen</span> <span class='ocrx_word' id='word_1_147' title='bbox 892 2876 1025 2965; x_wconf 75' lang='lat' dir='ltr'>putridi,</span> <span class='ocrx_word' id='word_1_148' title='bbox 1056 2871 1158 2965; x_wconf 87' lang='lat' dir='ltr'>idest,</span> <span class='ocrx_word' id='word_1_149' title='bbox 1185 2894 1283 2947; x_wconf 80' lang='lat' dir='ltr'>norro</span> <span class='ocrx_word' id='word_1_150' title='bbox 1307 2874 1355 2948; x_wconf 88' lang='lat' dir='ltr'>ab</span> <span class='ocrx_word' id='word_1_151' title='bbox 1387 2894 1461 2947; x_wconf 90' lang='lat' dir='ltr'>una</span> <span class='ocrx_word' id='word_1_152' title='bbox 1487 2874 1600 2968; x_wconf 80' lang='lat' dir='ltr'>plaga</span> 
     </span>
    </p>
   </div>
   <div class='ocr_carea' id='block_1_6' title="bbox 418 2989 1602 4890">
    <p class='ocr_par' dir='ltr' id='par_1_6' title="bbox 418 2989 1602 4890">
     <span class='ocr_line' id='line_1_18' title="bbox 420 2989 1594 3087; baseline 0.001 -23"><span class='ocrx_word' id='word_1_153' title='bbox 420 2990 566 3085; x_wconf 90' lang='lat' dir='ltr'>mundi,</span> <span class='ocrx_word' id='word_1_154' title='bbox 597 3010 696 3065; x_wconf 91' lang='lat' dir='ltr'>nunc</span> <span class='ocrx_word' id='word_1_155' title='bbox 725 2990 771 3065; x_wconf 89' lang='lat' dir='ltr'>ab</span> <span class='ocrx_word' id='word_1_156' title='bbox 802 2992 888 3087; x_wconf 85' lang='lat' dir='ltr'>alia,</span> <span class='ocrx_word' id='word_1_157' title='bbox 920 3014 939 3065; x_wconf 91' lang='lat' dir='ltr'>e</span> <span class='ocrx_word' id='word_1_158' title='bbox 967 2999 1062 3066; x_wconf 83' lang='lat' dir='ltr'>mala</span> <span class='ocrx_word' id='word_1_159' title='bbox 1092 3014 1194 3066; x_wconf 85' lang='lat' dir='ltr'>nome</span> <span class='ocrx_word' id='word_1_160' title='bbox 1224 2989 1352 3087; x_wconf 70' lang='lat' dir='ltr'>perdid</span> <span class='ocrx_word' id='word_1_161' title='bbox 1381 3001 1476 3067; x_wconf 74' lang='lat' dir='ltr'>raom</span> <span class='ocrx_word' id='word_1_162' title='bbox 1506 2996 1594 3083; x_wconf 85' lang='lat' dir='ltr'>luto,</span> 
     </span>
     <span class='ocr_line' id='line_1_19' title="bbox 421 3104 1590 3207; baseline 0 -23"><span class='ocrx_word' id='word_1_163' title='bbox 421 3111 507 3207; x_wconf 89' lang='lat' dir='ltr'>quia</span> <span class='ocrx_word' id='word_1_164' title='bbox 541 3132 637 3185; x_wconf 91' lang='lat' dir='ltr'>unus</span> <span class='ocrx_word' id='word_1_165' title='bbox 674 3116 711 3186; x_wconf 91' lang='lat' dir='ltr'>et</span> <span class='ocrx_word' id='word_1_166' title='bbox 749 3111 845 3185; x_wconf 90' lang='lat' dir='ltr'>idem</span> <span class='ocrx_word' id='word_1_167' title='bbox 884 3117 1017 3186; x_wconf 89' lang='lat' dir='ltr'>ventus</span> <span class='ocrx_word' id='word_1_168' title='bbox 1056 3112 1165 3187; x_wconf 88' lang='lat' dir='ltr'>habet</span> <span class='ocrx_word' id='word_1_169' title='bbox 1184 3104 1222 3205; x_wconf 73' lang='lat'>(²)</span> <span class='ocrx_word' id='word_1_170' title='bbox 1255 3113 1399 3189; x_wconf 84' lang='lat' dir='ltr'>diversa</span> <span class='ocrx_word' id='word_1_171' title='bbox 1431 3112 1590 3203; x_wconf 73' lang='lat' dir='ltr'>nomios,</span> 
     </span>
     <span class='ocr_line' id='line_1_20' title="bbox 419 3231 1598 3327; baseline 0 -20"><span class='ocrx_word' id='word_1_172' title='bbox 419 3240 457 3307; x_wconf 91' lang='lat' dir='ltr'>et</span> <span class='ocrx_word' id='word_1_173' title='bbox 481 3232 642 3307; x_wconf 89' lang='lat' dir='ltr'>diversas</span> <span class='ocrx_word' id='word_1_174' title='bbox 668 3231 765 3305; x_wconf 91' lang='lat' dir='ltr'>vires</span> <span class='ocrx_word' id='word_1_175' title='bbox 790 3232 827 3305; x_wconf 92' lang='lat' dir='ltr'>in</span> <span class='ocrx_word' id='word_1_176' title='bbox 859 3233 1023 3327; x_wconf 89' lang='lat' dir='ltr'>partibus</span> <span class='ocrx_word' id='word_1_177' title='bbox 1052 3232 1225 3307; x_wconf 83' lang='lat' dir='ltr'>divorsis:</span> <span class='ocrx_word' id='word_1_178' title='bbox 1251 3234 1302 3309; x_wconf 85' lang='lat' dir='ltr'>ita</span> <span class='ocrx_word' id='word_1_179' title='bbox 1333 3239 1388 3309; x_wconf 86' lang='lat' dir='ltr'>est</span> <span class='ocrx_word' id='word_1_180' title='bbox 1418 3239 1518 3308; x_wconf 85' lang='lat' dir='ltr'>recte</span> <span class='ocrx_word' id='word_1_181' title='bbox 1550 3232 1598 3307; x_wconf 84' lang='lat' dir='ltr'>de</span> 
     </span>
     <span class='ocr_line' id='line_1_21' title="bbox 419 3351 1596 3450; baseline -0.003 -23"><span class='ocrx_word' id='word_1_182' title='bbox 419 3353 518 3427; x_wconf 88' lang='lat' dir='ltr'>lama</span> <span class='ocrx_word' id='word_1_183' title='bbox 544 3357 582 3427; x_wconf 89' lang='lat' dir='ltr'>et</span> <span class='ocrx_word' id='word_1_184' title='bbox 606 3351 733 3447; x_wconf 81' lang='lat' dir='ltr'>gloria,</span> <span class='ocrx_word' id='word_1_185' title='bbox 759 3352 951 3446; x_wconf 88' lang='lat' dir='ltr'>quiaillud</span> <span class='ocrx_word' id='word_1_186' title='bbox 974 3352 1073 3446; x_wconf 89' lang='lat' dir='ltr'>quod</span> <span class='ocrx_word' id='word_1_187' title='bbox 1091 3358 1147 3428; x_wconf 89' lang='lat' dir='ltr'>est</span> <span class='ocrx_word' id='word_1_188' title='bbox 1168 3353 1352 3429; x_wconf 87' lang='lat' dir='ltr'>laudabile</span> <span class='ocrx_word' id='word_1_189' title='bbox 1367 3352 1465 3450; x_wconf 91' lang='lat' dir='ltr'>apud</span> <span class='ocrx_word' id='word_1_190' title='bbox 1483 3372 1596 3425; x_wconf 86' lang='lat' dir='ltr'>uuam</span> 
     </span>
     <span class='ocr_line' id='line_1_22' title="bbox 418 3470 1596 3572; baseline -0.003 -23"><span class='ocrx_word' id='word_1_191' title='bbox 418 3481 566 3572; x_wconf 86' lang='lat' dir='ltr'>gentem</span> <span class='ocrx_word' id='word_1_192' title='bbox 593 3479 648 3547; x_wconf 92' lang='lat' dir='ltr'>est</span> <span class='ocrx_word' id='word_1_193' title='bbox 674 3473 915 3569; x_wconf 78' lang='lat' dir='ltr'>vituperabile</span> <span class='ocrx_word' id='word_1_194' title='bbox 935 3472 1033 3567; x_wconf 89' lang='lat' dir='ltr'>apud</span> <span class='ocrx_word' id='word_1_195' title='bbox 1051 3473 1173 3547; x_wconf 87' lang='lat' dir='ltr'>aliam.</span> <span class='ocrx_word' id='word_1_196' title='bbox 1191 3472 1293 3547; x_wconf 89' lang='lat' dir='ltr'>Sicut</span> <span class='ocrx_word' id='word_1_197' title='bbox 1310 3472 1409 3549; x_wconf 87' lang='lat' dir='ltr'>enim</span> <span class='ocrx_word' id='word_1_198' title='bbox 1426 3473 1503 3546; x_wconf 84' lang='lat' dir='ltr'>dux</span> <span class='ocrx_word' id='word_1_199' title='bbox 1522 3470 1596 3545; x_wconf 89' lang='lat' dir='ltr'>Ve-</span> 
     </span>
     <span class='ocr_line' id='line_1_23' title="bbox 420 3590 1597 3688; baseline -0.004 -19"><span class='ocrx_word' id='word_1_200' title='bbox 420 3595 617 3687; x_wconf 88' lang='lat' dir='ltr'>netiarum,</span> <span class='ocrx_word' id='word_1_201' title='bbox 643 3592 707 3688; x_wconf 90' lang='lat' dir='ltr'>qui</span> <span class='ocrx_word' id='word_1_202' title='bbox 733 3598 788 3668; x_wconf 89' lang='lat' dir='ltr'>est</span> <span class='ocrx_word' id='word_1_203' title='bbox 813 3598 888 3667; x_wconf 88' lang='lat' dir='ltr'>tam</span> <span class='ocrx_word' id='word_1_204' title='bbox 917 3592 1135 3667; x_wconf 89' lang='lat' dir='ltr'>venerabilis</span> <span class='ocrx_word' id='word_1_205' title='bbox 1152 3592 1250 3687; x_wconf 86' lang='lat' dir='ltr'>apud</span> <span class='ocrx_word' id='word_1_206' title='bbox 1271 3613 1371 3685; x_wconf 87' lang='lat' dir='ltr'>suos,</span> <span class='ocrx_word' id='word_1_207' title='bbox 1392 3592 1422 3665; x_wconf 93' lang='lat' dir='ltr'>si</span> <span class='ocrx_word' id='word_1_208' title='bbox 1441 3590 1597 3666; x_wconf 86' lang='lat' dir='ltr'>accede-</span> 
     </span>
     <span class='ocr_line' id='line_1_24' title="bbox 421 3711 1599 3809; baseline -0.003 -20"><span class='ocrx_word' id='word_1_209' title='bbox 421 3721 478 3789; x_wconf 92' lang='lat' dir='ltr'>ret</span> <span class='ocrx_word' id='word_1_210' title='bbox 502 3715 695 3809; x_wconf 83' lang='lat' dir='ltr'>adportes</span> <span class='ocrx_word' id='word_1_211' title='bbox 722 3714 869 3806; x_wconf 87' lang='lat' dir='ltr'>vicinas,</span> <span class='ocrx_word' id='word_1_212' title='bbox 897 3733 944 3789; x_wconf 90' lang='lat' dir='ltr'>ne</span> <span class='ocrx_word' id='word_1_213' title='bbox 973 3713 1095 3789; x_wconf 90' lang='lat' dir='ltr'>dicam</span> <span class='ocrx_word' id='word_1_214' title='bbox 1120 3713 1310 3808; x_wconf 84' lang='lat' dir='ltr'>barbaras,</span> <span class='ocrx_word' id='word_1_215' title='bbox 1335 3718 1437 3789; x_wconf 90' lang='lat' dir='ltr'>certe</span> <span class='ocrx_word' id='word_1_216' title='bbox 1467 3711 1599 3786; x_wconf 89' lang='lat' dir='ltr'>irride·</span> 
     </span>
     <span class='ocr_line' id='line_1_25' title="bbox 423 3832 1599 3930; baseline -0.003 -19"><span class='ocrx_word' id='word_1_217' title='bbox 423 3842 527 3911; x_wconf 91' lang='lat' dir='ltr'>retur</span> <span class='ocrx_word' id='word_1_218' title='bbox 552 3856 638 3909; x_wconf 89' lang='lat' dir='ltr'>cum</span> <span class='ocrx_word' id='word_1_219' title='bbox 666 3855 784 3910; x_wconf 90' lang='lat' dir='ltr'>cornu</span> <span class='ocrx_word' id='word_1_220' title='bbox 810 3855 879 3909; x_wconf 91' lang='lat' dir='ltr'>suo</span> <span class='ocrx_word' id='word_1_221' title='bbox 904 3834 1003 3929; x_wconf 88' lang='lat' dir='ltr'>quod</span> <span class='ocrx_word' id='word_1_222' title='bbox 1028 3839 1151 3930; x_wconf 86' lang='lat' dir='ltr'>portat</span> <span class='ocrx_word' id='word_1_223' title='bbox 1168 3834 1205 3906; x_wconf 92' lang='lat' dir='ltr'>in</span> <span class='ocrx_word' id='word_1_224' title='bbox 1221 3834 1357 3929; x_wconf 84' lang='lat' dir='ltr'>capite3</span> <span class='ocrx_word' id='word_1_225' title='bbox 1376 3834 1470 3907; x_wconf 86' lang='lat' dir='ltr'>sient</span> <span class='ocrx_word' id='word_1_226' title='bbox 1486 3832 1599 3907; x_wconf 86' lang='lat' dir='ltr'>etiam</span> 
     </span>
     <span class='ocr_line' id='line_1_26' title="bbox 421 3951 1599 4049; baseline -0.001 -19"><span class='ocrx_word' id='word_1_227' title='bbox 421 3962 555 4030; x_wconf 88' lang='lat' dir='ltr'>ventus</span> <span class='ocrx_word' id='word_1_228' title='bbox 588 3955 686 4029; x_wconf 87' lang='lat' dir='ltr'>venit</span> <span class='ocrx_word' id='word_1_229' title='bbox 715 3955 898 4029; x_wconf 90' lang='lat' dir='ltr'>interdum</span> <span class='ocrx_word' id='word_1_230' title='bbox 933 3975 1018 4029; x_wconf 89' lang='lat' dir='ltr'>cum</span> <span class='ocrx_word' id='word_1_231' title='bbox 1052 3973 1187 4049; x_wconf 79' lang='lat' dir='ltr'>niagno</span> <span class='ocrx_word' id='word_1_232' title='bbox 1221 3953 1373 4047; x_wconf 87' lang='lat' dir='ltr'>impetn,</span> <span class='ocrx_word' id='word_1_233' title='bbox 1406 3957 1444 4027; x_wconf 91' lang='lat' dir='ltr'>et</span> <span class='ocrx_word' id='word_1_234' title='bbox 1474 3951 1599 4029; x_wconf 79' lang='lat' dir='ltr'>omnia</span> 
     </span>
     <span class='ocr_line' id='line_1_27' title="bbox 422 4070 1600 4172; baseline -0.002 -25"><span class='ocrx_word' id='word_1_235' title='bbox 422 4075 629 4172; x_wconf 83' lang='lat' dir='ltr'>prosternit,</span> <span class='ocrx_word' id='word_1_236' title='bbox 660 4075 710 4150; x_wconf 89' lang='lat' dir='ltr'>ita</span> <span class='ocrx_word' id='word_1_237' title='bbox 744 4079 781 4150; x_wconf 90' lang='lat' dir='ltr'>et</span> <span class='ocrx_word' id='word_1_238' title='bbox 811 4075 909 4149; x_wconf 83' lang='lat' dir='ltr'>lama</span> <span class='ocrx_word' id='word_1_239' title='bbox 941 4094 1038 4169; x_wconf 87' lang='lat' dir='ltr'>saepe</span> <span class='ocrx_word' id='word_1_240' title='bbox 1069 4073 1153 4147; x_wconf 84' lang='lat' dir='ltr'>iacit</span> <span class='ocrx_word' id='word_1_241' title='bbox 1182 4092 1338 4168; x_wconf 79' lang='lat' dir='ltr'>magnos</span> <span class='ocrx_word' id='word_1_242' title='bbox 1369 4077 1503 4165; x_wconf 88' lang='lat' dir='ltr'>molus,</span> <span class='ocrx_word' id='word_1_243' title='bbox 1534 4070 1600 4145; x_wconf 89' lang='lat' dir='ltr'>sed</span> 
     </span>
     <span class='ocr_line' id='line_1_28' title="bbox 422 4192 1599 4291; baseline -0.003 -21"><span class='ocrx_word' id='word_1_244' title='bbox 422 4195 498 4270; x_wconf 89' lang='lat' dir='ltr'>cito.</span> <span class='ocrx_word' id='word_1_245' title='bbox 523 4195 653 4291; x_wconf 84' lang='lat' dir='ltr'>delicit,</span> <span class='ocrx_word' id='word_1_246' title='bbox 688 4203 725 4269; x_wconf 89' lang='lat' dir='ltr'>et</span> <span class='ocrx_word' id='word_1_247' title='bbox 760 4195 921 4269; x_wconf 85' lang='lat' dir='ltr'>vanescit</span> <span class='ocrx_word' id='word_1_248' title='bbox 954 4194 1048 4267; x_wconf 89' lang='lat' dir='ltr'>sicut</span> <span class='ocrx_word' id='word_1_249' title='bbox 1082 4198 1224 4267; x_wconf 90' lang='lat' dir='ltr'>ventus.</span> <span class='ocrx_word' id='word_1_250' title='bbox 1242 4195 1374 4265; x_wconf 81' lang='lat' dir='ltr'>-Cle</span> <span class='ocrx_word' id='word_1_251' title='bbox 1395 4197 1508 4287; x_wconf 76' lang='lat' dir='ltr'>sumo.</span> <span class='ocrx_word' id='word_1_252' title='bbox 1534 4192 1599 4267; x_wconf 85' lang='lat' dir='ltr'>llic</span> 
     </span>
     <span class='ocr_line' id='line_1_29' title="bbox 423 4312 1602 4413; baseline -0.004 -23"><span class='ocrx_word' id='word_1_253' title='bbox 423 4322 542 4413; x_wconf 88' lang='lat' dir='ltr'>poeta,</span> <span class='ocrx_word' id='word_1_254' title='bbox 572 4316 649 4391; x_wconf 90' lang='lat' dir='ltr'>sive</span> <span class='ocrx_word' id='word_1_255' title='bbox 686 4315 882 4409; x_wconf 88' lang='lat' dir='ltr'>Odorisius,</span> <span class='ocrx_word' id='word_1_256' title='bbox 913 4320 1059 4389; x_wconf 83' lang='lat' dir='ltr'>ostensa</span> <span class='ocrx_word' id='word_1_257' title='bbox 1094 4312 1255 4387; x_wconf 85' lang='lat' dir='ltr'>vanitate</span> <span class='ocrx_word' id='word_1_258' title='bbox 1289 4313 1408 4405; x_wconf 86' lang='lat' dir='ltr'>lamae,</span> <span class='ocrx_word' id='word_1_259' title='bbox 1443 4312 1602 4387; x_wconf 84' lang='lat' dir='ltr'>ostendit</span> 
     </span>
     <span class='ocr_line' id='line_1_30' title="bbox 423 4432 1601 4531; baseline -0.003 -20"><span class='ocrx_word' id='word_1_260' title='bbox 423 4435 501 4511; x_wconf 86' lang='lat' dir='ltr'>eius</span> <span class='ocrx_word' id='word_1_261' title='bbox 527 4436 766 4531; x_wconf 81' lang='lat' dir='ltr'>brevitatem3</span> <span class='ocrx_word' id='word_1_262' title='bbox 792 4441 830 4509; x_wconf 88' lang='lat' dir='ltr'>et</span> <span class='ocrx_word' id='word_1_263' title='bbox 854 4440 909 4509; x_wconf 90' lang='lat' dir='ltr'>est</span> <span class='ocrx_word' id='word_1_264' title='bbox 936 4434 1039 4508; x_wconf 88' lang='lat' dir='ltr'>litera</span> <span class='ocrx_word' id='word_1_265' title='bbox 1058 4432 1171 4527; x_wconf 82' lang='lat' dir='ltr'>tortis,</span> <span class='ocrx_word' id='word_1_266' title='bbox 1188 4432 1253 4507; x_wconf 87' lang='lat' dir='ltr'>sed</span> <span class='ocrx_word' id='word_1_267' title='bbox 1275 4432 1313 4507; x_wconf 88' lang='lat' dir='ltr'>in</span> <span class='ocrx_word' id='word_1_268' title='bbox 1338 4433 1471 4507; x_wconf 87' lang='lat' dir='ltr'>ellectu</span> <span class='ocrx_word' id='word_1_269' title='bbox 1499 4433 1601 4508; x_wconf 90' lang='lat' dir='ltr'>vide-</span> 
     </span>
     <span class='ocr_line' id='line_1_31' title="bbox 422 4551 1601 4651; baseline -0.003 -18"><span class='ocrx_word' id='word_1_270' title='bbox 422 4561 485 4633; x_wconf 88' lang='lat' dir='ltr'>tur</span> <span class='ocrx_word' id='word_1_271' title='bbox 511 4556 604 4631; x_wconf 91' lang='lat' dir='ltr'>velle</span> <span class='ocrx_word' id='word_1_272' title='bbox 634 4556 768 4651; x_wconf 90' lang='lat' dir='ltr'>dicere,</span> <span class='ocrx_word' id='word_1_273' title='bbox 794 4556 893 4649; x_wconf 90' lang='lat' dir='ltr'>quod</span> <span class='ocrx_word' id='word_1_274' title='bbox 923 4554 1020 4629; x_wconf 88' lang='lat' dir='ltr'>lama</span> <span class='ocrx_word' id='word_1_275' title='bbox 1051 4551 1220 4644; x_wconf 89' lang='lat' dir='ltr'>hominis,</span> <span class='ocrx_word' id='word_1_276' title='bbox 1248 4574 1333 4647; x_wconf 74' lang='lat' dir='ltr'>quae</span> <span class='ocrx_word' id='word_1_277' title='bbox 1366 4553 1476 4628; x_wconf 86' lang='lat' dir='ltr'>durat</span> <span class='ocrx_word' id='word_1_278' title='bbox 1502 4553 1601 4629; x_wconf 86' lang='lat' dir='ltr'>mille</span> 
     </span>
     <span class='ocr_line' id='line_1_32' title="bbox 423 4672 1601 4768; baseline -0.003 -15"><span class='ocrx_word' id='word_1_279' title='bbox 423 4676 538 4768; x_wconf 85' lang='lat' dir='ltr'>annis,</span> <span class='ocrx_word' id='word_1_280' title='bbox 557 4676 632 4749; x_wconf 89' lang='lat' dir='ltr'>imo</span> <span class='ocrx_word' id='word_1_281' title='bbox 652 4676 750 4751; x_wconf 87' lang='lat' dir='ltr'>mille</span> <span class='ocrx_word' id='word_1_282' title='bbox 769 4675 926 4749; x_wconf 88' lang='lat' dir='ltr'>millibus</span> <span class='ocrx_word' id='word_1_283' title='bbox 949 4674 978 4747; x_wconf 88' lang='lat' dir='ltr'>si</span> <span class='ocrx_word' id='word_1_284' title='bbox 997 4673 1042 4747; x_wconf 91' lang='lat' dir='ltr'>sit</span> <span class='ocrx_word' id='word_1_285' title='bbox 1063 4672 1242 4767; x_wconf 86' lang='lat' dir='ltr'>possibile,</span> <span class='ocrx_word' id='word_1_286' title='bbox 1267 4693 1381 4768; x_wconf 86' lang='lat' dir='ltr'>parva</span> <span class='ocrx_word' id='word_1_287' title='bbox 1399 4673 1474 4747; x_wconf 89' lang='lat' dir='ltr'>imo</span> <span class='ocrx_word' id='word_1_288' title='bbox 1496 4674 1601 4751; x_wconf 86' lang='lat' dir='ltr'>nulla</span> 
     </span>
     <span class='ocr_line' id='line_1_33' title="bbox 423 4792 1600 4890; baseline -0.004 -20"><span class='ocrx_word' id='word_1_289' title='bbox 423 4801 478 4870; x_wconf 90' lang='lat' dir='ltr'>est</span> <span class='ocrx_word' id='word_1_290' title='bbox 502 4795 531 4868; x_wconf 90' lang='lat' dir='ltr'>si</span> <span class='ocrx_word' id='word_1_291' title='bbox 558 4801 794 4890; x_wconf 84' lang='lat' dir='ltr'>comparetur</span> <span class='ocrx_word' id='word_1_292' title='bbox 819 4794 865 4870; x_wconf 85' lang='lat' dir='ltr'>ad</span> <span class='ocrx_word' id='word_1_293' title='bbox 890 4792 1145 4887; x_wconf 80' lang='lat' dir='ltr'>eternitatem,</span> <span class='ocrx_word' id='word_1_294' title='bbox 1171 4792 1257 4885; x_wconf 86' lang='lat' dir='ltr'>quia</span> <span class='ocrx_word' id='word_1_295' title='bbox 1288 4792 1377 4866; x_wconf 87' lang='lat' dir='ltr'>liniti</span> <span class='ocrx_word' id='word_1_296' title='bbox 1407 4793 1454 4867; x_wconf 87' lang='lat' dir='ltr'>ad</span> <span class='ocrx_word' id='word_1_297' title='bbox 1480 4792 1600 4866; x_wconf 89' lang='lat' dir='ltr'>inlini-</span> 
     </span>
    </p>
   </div>
   <div class='ocr_carea' id='block_1_7' title="bbox 413 4982 1044 5123">
    <p class='ocr_par' dir='ltr' id='par_1_7' title="bbox 413 4982 1044 5123">
     <span class='ocr_line' id='line_1_34' title="bbox 488 4982 879 5047; baseline -0.003 -14"><span class='ocrx_word' id='word_1_298' title='bbox 488 4983 515 5045; x_wconf 84' lang='lat'>(&#39;)</span> <span class='ocrx_word' id='word_1_299' title='bbox 532 4982 562 5035; x_wconf 86' lang='lat' dir='ltr'>E.</span> <span class='ocrx_word' id='word_1_300' title='bbox 579 4984 622 5033; x_wconf 81' lang='lat' dir='ltr'>liic</span> <span class='ocrx_word' id='word_1_301' title='bbox 638 4989 713 5047; x_wconf 75' lang='lat' dir='ltr'>poeta</span> <span class='ocrx_word' id='word_1_302' title='bbox 731 4984 879 5047; x_wconf 74' lang='lat' dir='ltr'>praeclarus.</span> 
     </span>
     <span class='ocr_line' id='line_1_35' title="bbox 413 5056 1044 5123; baseline -0.003 -12"><span class='ocrx_word' id='word_1_303' title='bbox 413 5072 417 5078; x_wconf 88' lang='lat'>·</span> <span class='ocrx_word' id='word_1_304' title='bbox 489 5056 517 5123; x_wconf 77' lang='lat'>(¹)</span> <span class='ocrx_word' id='word_1_305' title='bbox 535 5059 565 5109; x_wconf 82' lang='lat' dir='ltr'>E.</span> <span class='ocrx_word' id='word_1_306' title='bbox 582 5060 659 5111; x_wconf 77' lang='lat' dir='ltr'>habet</span> <span class='ocrx_word' id='word_1_307' title='bbox 675 5060 757 5111; x_wconf 75' lang='lat' dir='ltr'>multu</span> <span class='ocrx_word' id='word_1_308' title='bbox 773 5062 876 5111; x_wconf 78' lang='lat' dir='ltr'>nomina</span> <span class='ocrx_word' id='word_1_309' title='bbox 892 5064 920 5110; x_wconf 83' lang='lat' dir='ltr'>et</span> <span class='ocrx_word' id='word_1_310' title='bbox 935 5058 1044 5109; x_wconf 76' lang='lat' dir='ltr'>utrem.</span> 
     </span>
    </p>
   </div>
   <div class='ocr_carea' id='block_1_8' title="bbox 0 0 2292 6836">
    <p class='ocr_par' dir='ltr' id='par_1_8' title="bbox 0 0 2292 6836">
     <span class='ocr_line' id='line_1_36' title="bbox 0 0 2292 6836; baseline 0 0"><span class='ocrx_word' id='word_1_311' title='bbox 0 0 2292 6836; x_wconf 95' lang='lat' dir='ltr'> </span> 
     </span>
    </p>
   </div>
  </div>
 </body>
</html>
