4542 6842
804 972 944 1027 cnnrus
969 972 1147 1039 ounnrus.
1493 958 1560 1027 137

389 1116 536 1192 dentem
562 1117 730 1211 pulcram
756 1116 1042 1212 speculationem
1067 1136 1175 1191 suam
1201 1114 1345 1212 iniuste,
1372 1116 1460 1211 quia
1486 1116 1563 1211 ipse

384 1238 485 1333 J'uste
509 1236 674 1311 irriserat
697 1236 880 1333 pigritiem
906 1242 1053 1331 turpem
1079 1237 1186 1311 illius.
1216 1236 1315 1312 Unde
1345 1243 1432 1311 nota
1463 1236 1562 1331 quod

389 1357 592 1434 secundum
606 1358 847 1432 Ptolomaeum
861 1359 898 1431 in
910 1358 1086 1453 principio
1099 1358 1156 1432 sui
1167 1358 1562 1453 quadripartitiastro·
1599 1434 1601 1437 ,

388 1479 485 1576 logia
509 1478 620 1554 habet
636 1478 728 1554 duas
748 1486 881 1574 partes,
899 1501 1061 1573 quarum
1084 1500 1159 1553 una
1184 1486 1239 1553 est
1263 1479 1310 1553 de
1330 1478 1488 1573 judiciis,
1506 1480 1564 1563 al-‚

390 1606 471 1675 tera
495 1598 541 1674 de
566 1598 756 1703 motibuszb
774 1599 894 1693 prima
919 1599 948 1673 si
974 1599 1020 1673 sit
1051 1620 1140 1674 vera
1171 1599 1229 1673 vel
1260 1599 1404 1693 scibilis,
1435 1604 1559 1699 tamen

391 1719 552 1795 nondum
578 1720 724 1796 videtur
748 1721 857 1814 scita;
882 1720 964 1795 ideo
990 1720 1054 1814 qui
1080 1721 1223 1793 laborat
1245 1720 1343 1794 circa
1365 1740 1461 1815 eam,
1480 1740 1560 1795 me·

390 1840 461 1915 rito
486 1840 631 1915 videtur
655 1841 861 1917 irridendus
885 1861 960 1914 non
984 1839 1179 1913 solonae
1204 1839 1470 1935 ignorantibus
1495 1839 1559 1915 sed

391 1961 500 2037 etiam
526 1982 549 2035 a
573 1962 661 2035 viris
685 1961 918 2056 sapientibus.
939 1961 1042 2034 Hanc
1065 1966 1207 2054 partem
1228 1958 1436 2055 astrologiae
1452 1965 1561 2053 poeta

390 2087 514 2155 noster
538 2080 725 2156 damnavit
750 2088 787 2157 et
815 2080 1016 2175 increpavit
1046 2079 1196 2177 egregie
1217 2080 1281 2153 XX
1317 2078 1474 2174 capitulo
1502 2080 1560 2152 ln-

389 2201 493 2296 ierni,
519 2201 604 2295 quia
632 2201 771 2276 inducit
801 2201 968 2277 homines
1000 2197 1098 2292 add)
1131 2220 1278 2275 errores
1310 2200 1456 2273 multos.
1482 2198 1560 2273 Alia

390 2342 474 2415 pars
498 2322 705 2418 astrologiae
729 2328 785 2395 est
809 2321 856 2397 de
881 2322 1054 2415 motibus,
1070 2328 1108 2395 et
1125 2320 1193 2394 ista
1210 2327 1266 2395 est
1289 2318 1394 2395 valde
1419 2318 1558 2413 nobilis,

390 2442 486 2516 utilis
511 2448 550 2517 et
573 2442 789 2517 necessaria.
812 2441 914 2518 Unde
938 2442 1037 2517 enim
1063 2441 1222 2517 Ecclesia
1248 2442 1358 2515 habet
1382 2439 1559 2515 Calenda-

391 2562 489 2636 rium
515 2569 553 2637 et
577 2584 736 2637 aureum
755 2583 966 2656 numerum,
987 2570 1025 2638 et
1041 2562 1112 2637 alia
1132 2564 1248 2635 multa
1276 2562 1341 2635 nisi
1367 2562 1415 2635 ab
1439 2566 1559 2634 astro-

249 2769 254 2779 ,
392 2683 511 2779 logis?
535 2682 621 2757 Ideo
631 2673 668 2774 (²)
687 2682 733 2756 ad
760 2683 1004 2777 propositum:
1031 2682 1098 2758 iste
1123 2682 1226 2778 piger
1251 2680 1386 2755 inutilis
1412 2679 1559 2775 indigne

389 2801 563 2875 irridebat
588 2802 742 2877 Dantem
769 2810 960 2877 vacantem
993 2823 1092 2877 nunc
1121 2801 1362 2897 speculationi.
1389 2808 1559 2875 motuum

390 2923 609 3017 coelestinm,
625 2923 718 2998 sicut
744 2944 766 2998 e
790 2930 918 2997 contra
941 2923 1112 3019 Virgilius
1138 2923 1246 3019 digne
1264 2923 1444 3016 increpuit
1470 2943 1558 2995 eum

389 3043 640 3138 deplorantem
667 3044 910 3119 infelicitatem
937 3044 1208 3139 astrologorum
1235 3042 1493 3135 divinatorum,
1519 3048 1560 3116 ut

390 3170 489 3259 patet
512 3164 685 3259 praedicto
710 3164 869 3259 capitulo
895 3164 972 3237 XX.
999 3162 1057 3237 Sic
1083 3184 1174 3259 ergo
1203 3168 1303 3257 patet
1327 3162 1426 3255 quod
1452 3168 1559 3256 poeta

391 3291 516 3359 noster
540 3286 610 3358 sub
635 3286 703 3359 ista
727 3285 873 3359 fictione
896 3284 959 3358 dat
984 3284 1088 3359 nobis
1108 3282 1310 3377 intelligere
1337 3302 1480 3357 morem
1506 3282 1560 3377 pi-

387 3405 444 3501 gri
471 3406 534 3500 qui
561 3405 734 3479 trudatur
758 3405 805 3479 de
830 3404 917 3478 viris
942 3403 1176 3498 sapientibus,
1203 3403 1265 3496 qui
1299 3403 1448 3498 fatigant
1480 3402 1560 3476 ani·

389 3546 493 3599 mum
519 3525 617 3600 circa
642 3525 887 3623 cognitionem
907 3546 1034 3598 rerum
1051 3523 1282 3597 occultarum
1301 3529 1338 3597 et
1357 3522 1558 3616 subtilium,

388 3666 475 3719 cum
500 3646 566 3740 ipsi
593 3652 782 3721 marceant
807 3645 894 3737 otio,
919 3651 957 3718 et
980 3643 1118 3717 audent
1143 3641 1283 3717 dicere:
1312 3642 1400 3715 nulli
1431 3662 1558 3737 noceo,

388 3766 476 3839 nihil
502 3765 587 3839 mali
613 3766 726 3859 lacio;
752 3765 817 3839 sed
833 3762 1053 3858 impossibile
1069 3768 1124 3837 est
1141 3762 1236 3837 bene
1256 3782 1370 3858 agere
1386 3768 1558 3857 agentem

388 3886 486 3980 nihil,
521 3893 563 3960 ut
594 3892 747 3960 testatur
781 3885 1014 3980 philosophus
1047 3883 1141 3957 libro
1166 3882 1411 3959 Politicorum.
1443 3883 1559 3957 Vadat

389 4028 480 4103 ergo
504 4007 656 4100 Bilaqua
681 4014 719 4083 et
744 4011 907 4081 marceat
933 4026 1020 4079 cum
1044 4024 1143 4097 aqua
1172 4025 1251 4077 sua.
1283 4003 1326 4077 et
1352 4012 1404 4095 tu,
1431 4003 1559 4097 tecmr,
1590 4000 1592 4005 ’

389 4150 462 4203 non
488 4129 633 4204 mireris
649 4128 678 4202 si
698 4135 807 4223 poeta
824 4126 965 4200 induxit
983 4126 1093 4199 istum
1113 4131 1187 4197 tam
1206 4125 1406 4199 obscurum
1426 4123 1461 4197 in
1481 4130 1557 4197 tam

389 4250 500 4325 nobili
526 4250 692 4342 materia,
724 4254 761 4323 et
790 4248 1001 4341 exemplum
1034 4252 1152 4340 poetae
1177 4244 1323 4319 studeas
1349 4243 1557 4317 imitari.-

389 4373 430 4443 tt
453 4375 525 4445 otti.
552 4371 618 4445 Hic
642 4375 749 4465 poeta
775 4367 931 4442 ostendit
956 4364 1143 4459 qrromodo
1172 4384 1217 4439 ex
1243 4363 1385 4438 actibus
1410 4370 1447 4437 et
1472 4384 1561 4453 ner-¹

389 4489 445 4565 bis
470 4491 574 4565 istius
598 4492 675 4586 ipse
700 4489 880 4584 receperit
905 4488 1020 4561 risum
1051 4493 1089 4560 et
1119 4484 1404 4559 consolationem
1436 4484 1557 4578 simul,

388 4608 534 4685 dicens:
560 4616 601 4685 Lt'
620 4614 683 4683 otti
698 4613 775 4683 suoi
786 4613 898 4702 pipat,
925 4607 1052 4701 quales
1076 4606 1225 4681 luerunt
1239 4594 1277 4696 (³)
1294 4604 1475 4696 audivisti,
1492 4627 1511 4677 a
1528 4608 1559 4679 le

390 4739 485 4804 corte
505 4735 645 4823 parole,
670 4730 757 4825 quia
781 4730 926 4807 dixerat
951 4735 1092 4803 tantum
1118 4726 1193 4800 duo
1219 4726 1344 4819 verba,
1366 4746 1450 4818 quae
1476 4726 1557 4801 lue-

392 4859 474 4925 rant
498 4852 573 4926 duo
598 4857 801 4926 scommata
826 4872 906 4943 sua,
924 4870 1057 4922 messer
1075 4851 1106 4922 la
1122 4848 1225 4922 labra
1251 4849 1322 4919 mia
1347 4866 1394 4917 un
1414 4868 1506 4939 poco
1532 4868 1557 4921 u

448 5037 475 5098 (¹)
490 5037 516 5087 S.
532 5052 548 5088 e
564 5038 594 5089 lt.
611 5038 637 5087 in
652 5050 766 5089 errores.
891 5034 920 5100 ς’)
936 5036 967 5085 ll.
983 5035 1063 5087 lllodo
1079 5035 1112 5085 ad
1128 5034 1301 5097 propositum:
1319 5032 1377 5082 ideo
1393 5032 1441 5082 lete
1457 5034 1539 5098 piger.

449 5112 476 5175 (⁸)
491 5113 517 5164 S.
533 5128 548 5164 e
564 5114 595 5163 lt
610 5114 717 5165 suerint.
