4542 6842
732 973 871 1030 caurus
895 973 1056 1042 ornemus
1079 975 1256 1042 ounurus.
1506 963 1577 1031 375

406 1123 529 1198 uotum
547 1115 583 1216 ι’)
610 1129 649 1208 et
672 1120 844 1217 periodus
868 1127 938 1195 ete.
965 1120 1032 1196 Atii
1057 1119 1183 1196 dieunt
1209 1121 1325 1219 magis
1350 1122 1496 1198 frivole:
1522 1121 1580 1196 iu·

406 1249 555 1339 terroga
580 1261 669 1318 euru
695 1241 746 1318 ita
766 1241 933 1335 dulciter,
960 1239 1059 1334 qnod
1079 1240 1255 1336 loquatur
1274 1243 1368 1336 eolo,
1390 1243 1483 1317 idest
1508 1241 1581 1316 titio

407 1361 569 1438 mensio
594 1369 735 1438 vocato.
763 1361 833 1436 Sed
859 1361 1032 1456 quioquid
1057 1361 1201 1437 dicatur
1231 1363 1343 1438 eredo
1375 1363 1474 1458 quod
1495 1361 1583 1437 velit

406 1483 541 1576 didere,
558 1490 592 1556 et
611 1478 745 1573 noto,
758 1481 861 1576 idest,
874 1483 1055 1574 nooopttim
1073 1485 1319 1575 moenaio,
1336 1483 1441 1577 quasi
1458 1481 1554 1558 dieat
1566 1475 1582 1553 τ’

408 1603 531 1700 recipe
556 1623 645 1678 enm
676 1603 907 1700 gratulanter
938 1609 975 1678 et
1000 1601 1153 1698 placide,
1177 1601 1228 1676 ita
1258 1603 1357 1696 quod
1383 1605 1578 1698 loquatnr3

409 1722 506 1798 uude
530 1743 642 1818 supra
667 1721 827 1817 capitulo
852 1721 912 1794 Vll
936 1720 1043 1795 dixit:
1078 1724 1205 1794 Posoio
1237 1724 1297 1794 oto
1326 1725 1583 1814 tuoeopltenze

408 1849 523 1918 oeeste
546 1864 567 1917 e
590 1845 674 1917 tete.
701 1841 746 1916 Et
770 1841 924 1916 ostendit
943 1840 1100 1915 formem
1122 1841 1296 1936 loquendi
1320 1841 1580 1937 praedictorum

408 1963 504 2040 inter
529 1983 580 2058 se,
606 1969 645 2038 ot
671 1961 973 2057 preparationem
1001 1981 1133 2036 eorum
1159 1960 1206 2037 ad
1238 1961 1464 2055 loquendum
1495 1961 1582 2055 sibi3

408 2082 506 2157 uude
529 2081 631 2158 dicit:
656 2073 740 2174 cosi,
766 2079 860 2156 deut
884 2080 1021 2155 dictum
1049 2087 1115 2174 eet,
1141 2083 1212 2153 duo
1235 2083 1351 2174 spirti,
1367 2081 1581 2177 prescripti,

406 2202 542 2278 seilicet
565 2201 683 2276 Guido
708 2207 747 2278 et
770 2201 986 2298 Raynerius,
1015 2203 1118 2294 onor,
1148 2200 1241 2278 idest
1266 2201 1425 2276 inclinati
1452 2209 1490 2277 et
1514 2223 1582 2297 ap·

407 2323 553 2421 podiati,
580 2325 686 2396 tuito
711 2325 770 2396 ott
783 2325 878 2396 altro
901 2325 1129 2414 ruptonaoun
1145 2325 1183 2396 dt
1199 2343 1253 2395 ote
1276 2341 1302 2394 u
1326 2344 1409 2396 mon
1434 2325 1581 2416 dtrtttu5

408 2443 556 2539 seilicet,
582 2465 629 2520 er
656 2449 760 2540 parte
786 2444 929 2520 montis.
955 2444 998 2516 Et
1023 2442 1124 2518 dicit:
1148 2447 1212 2536 poi
1231 2448 1291 2540 ser
1314 2446 1340 2518 o·
1363 2447 1429 2520 uisi
1451 2447 1580 2538 mpird,

408 2565 510 2660 idest,
536 2570 739 2640 erexerunt
763 2583 912 2638 sursum
938 2563 1059 2656 iacies,
1081 2583 1150 2656 per
1173 2566 1294 2655 dumi,
1319 2564 1422 2658 idest,
1449 2571 1491 2638 nt
1524 2565 1580 2639 io·

409 2691 615 2780 querentur
640 2685 740 2759 mihi.
753 2689 848 2758 -E
874 2685 975 2758 disse.
1001 2683 1067 2759 Hie
1095 2691 1204 2780 poeta
1232 2685 1390 2760 ostendit
1417 2687 1582 2792 ,qualiter

410 2808 504 2882 aiter
522 2807 675 2881 istorum
695 2811 826 2902 rogatu
844 2803 931 2880 socii
953 2804 1063 2879 inerit
1078 2803 1261 2879 allocutus
1280 2826 1389 2901 enm3
1408 2817 1446 2883 et
1462 2806 1583 2902 primo

410 2925 512 3022 punit
535 2925 729 3002 exordium
756 2924 836 3000 eius
860 2923 1003 3000 dioens:
1027 2945 1048 2996 a
1071 2926 1192 3016 tuno,
1224 2923 1359 3000 scilieet
1378 2925 1498 3001 Gnido
1523 2925 1581 3000 det

409 3046 523 3141 Duce,
548 3049 653 3137 disse
683 3045 791 3119 mihi:
826 3065 850 3117 o
883 3047 1004 3118 undoso
1035 3045 1096 3118 coe
1120 3046 1199 3138 pitto
1228 3066 1342 3119 oooor
1369 3049 1428 3120 net
1457 3067 1580 3140 corpo,

410 3166 514 3260 idest,
540 3165 667 3242 vivens
692 3164 899 3239 inmortali
935 3183 1102 3260 corpore,
1131 3160 1232 3238 inudr
1259 3169 1296 3240 to
1325 3168 1392 3240 ciet
1421 3173 1477 3240 ten
1509 3168 1580 3258 voi,

410 3306 476 3382 per
510 3286 620 3360 istum
653 3289 816 3360 montem
850 3285 980 3378 eitum,
1012 3305 1078 3376 por
1109 3273 1237 3376 oontd,
1269 3305 1343 3359 non
1372 3305 1420 3360 ex
1448 3284 1581 3359 invidia

409 3412 583 3502 querunt
607 3404 654 3480 de
678 3403 848 3480 felicitate
874 3403 964 3497 eius,
984 3402 1050 3478 sed
1068 3423 1113 3478 ex
1139 3402 1292 3478 caritate
1315 3405 1501 3480 oontraria
1526 3404 1584 3479 in·

410 3525 516 3604 ridiae
549 3525 694 3600 adiurat
724 3545 825 3618 euru,
849 3523 991 3599 dicens:
1018 3545 1061 3598 ne
1084 3527 1242 3615 consola,
1272 3523 1364 3600 idest
1392 3527 1584 3602 consolare

407 3665 490 3740 nos,
509 3645 573 3740 qui
598 3644 784 3738 quendem
804 3643 1043 3718 tristabamur
1060 3643 1302 3739 prosperitate
1316 3645 1488 3739 otiorum,
1505 3667 1525 3718 e
1540 3667 1585 3719 oo

410 3767 511 3857 dittu,
541 3764 644 3858 idest,
675 3773 713 3841 et
744 3762 802 3838 dio
833 3762 936 3837 nobis
965 3783 1031 3858 per
1064 3763 1268 3858 caritatem,
1303 3786 1388 3859 quae
1422 3765 1584 3840 manime

410 3885 512 3962 ducit
536 3903 635 3960 nune
661 3891 698 3959 te
721 3882 768 3959 ad
797 3883 947 3976 ooelum,
980 3883 1044 3978 qui
1069 3882 1166 3958 suisti
1198 3905 1332 3978 parum
1367 3885 1521 3980 invidus,
1547 3892 1585 3961 et

413 4003 549 4101 quaeris
573 4023 735 4100 purgare
759 4002 883 4078 omnia
909 4001 1016 4094 ritia3
1041 4005 1133 4076 oudo
1151 4006 1243 4078 orere
1264 4025 1284 4078 e
1303 4007 1359 4080 oti
1372 4008 1445 4101 κῇ·
1461 4015 1499 4081 et
1522 4027 1584 4080 as·

413 4125 532 4222 signat
556 4144 706 4200 oausam
732 4142 810 4197 suae
836 4121 1028 4217 petitionis,
1045 4121 1192 4217 scilieet,
1209 4145 1395 4199 summam
1420 4125 1583 4202 admira·

414 4245 551 4320 tionem
576 4242 719 4318 dicens:
745 4238 807 4316 cue*
828 4249 865 4316 tn
889 4262 932 4314 oe
954 4245 1009 4335 sui
1032 4248 1128 4316 tuoto
1153 4245 1383 4334 merooiptinr
1407 4249 1499 4320 detto
1523 4254 1584 4322 tuo

412 4367 557 4459 pezio,
575 4353 907 4460 singularissima(²)
927 4381 1098 4436 concessa
1123 4360 1205 4456 tibi3
1226 4361 1309 4437 ideo
1328 4363 1433 4439 dicit:
1454 4374 1585 4457 quanto

416 4487 497 4558 maol
519 4505 603 4558 eoru
626 4485 687 4558 ote
711 4503 783 4556 noo
804 4485 845 4576 su
859 4475 924 4574 pso
944 4484 1026 4554 mni
1044 4479 1146 4554 Multi
1167 4481 1230 4556 atii
1248 4482 1395 4557 iverunt
1421 4485 1585 4562 virentes

414 4605 461 4682 ad
486 4604 741 4701 purgatorium
771 4600 960 4676 moraliter
983 4600 1178 4696 loquendo,
1196 4603 1260 4677 sed
1277 4623 1388 4678 nemo
1404 4627 1583 4701 nmquam

415 4723 481 4800 ivit
505 4745 550 4800 eo
577 4723 686 4799 modo
711 4742 787 4817 qno
812 4721 959 4814 Dantee,
984 4720 1131 4816 seilicet,
1157 4722 1407 4816 speculatione
1429 4727 1585 4822 poetica.

417 4845 463 4920 iit
485 4844 537 4920 sio
562 4843 645 4920 vide
674 4841 832 4938 qualiter
865 4841 933 4916 iste
964 4839 1110 4935 spiritus
1142 4843 1237 4918 bene
1265 4846 1485 4940 gratulatur,
1511 4847 1588 4923 imo

478 5098 507 5162 (¹)
523 5099 554 5148 li.
571 5098 656 5148 uoton.
906 5091 934 5158 (¹)
951 5093 982 5144 li.
998 5082 1200 5158 oinpuimissir‘ne
1215 5107 1336 5147 coneum
1352 5095 1408 5146 une
