4542 6842
789 985 927 1042 caurus
952 985 1147 1040 secunnus.
1505 975 1550 1041 51

379 1130 663 1226 interrumpitur
687 1151 709 1205 a
736 1130 875 1206 Catone
900 1130 1016 1226 rigide
1040 1129 1252 1226 increpante
1272 1150 1336 1205 eos
1351 1121 1401 1223 (¹),
1420 1129 1490 1204 ihi:
1511 1135 1558 1204 Et

379 1253 431 1323 io:
448 1273 484 1324 se
500 1271 619 1324 nuova
635 1253 743 1342 eppe.
761 1250 815 1324 Ad
830 1251 988 1346 primam
1007 1257 1149 1346 partem
1170 1250 1320 1326 veniens
1339 1250 1432 1346 dico,
1454 1250 1554 1345 quod

378 1377 486 1464 poeta
511 1369 682 1444 describit
707 1377 853 1465 tempus
879 1376 916 1446 et
941 1371 1080 1465 locum,
1103 1377 1142 1445 et
1158 1371 1244 1470 quia
1271 1370 1307 1444 in
1332 1371 1553 1466 precedenti

379 1490 539 1585 capitulo
564 1490 805 1586 descripserat
829 1491 971 1566 stellam
998 1492 1152 1566 Dianam
1177 1512 1261 1585 qnae
1285 1493 1555 1586 prenuntiabat

381 1610 477 1685 diem
495 1611 635 1705 venire,
659 1611 742 1686 ideo
768 1631 876 1686 nunc*
889 1610 1060 1686 describit
1077 1610 1192 1705 ipsam
1211 1610 1330 1705 diem,
1348 1618 1385 1684 et
1403 1613 1480 1686 vult
1500 1612 1556 1687 di-

379 1749 467 1806 cere
492 1731 528 1804 in
553 1751 701 1806 summa
727 1730 826 1826 quod
851 1731 889 1804 in
918 1730 991 1828 illo,
1011 1729 1230 1824 hemisperio
1260 1729 1450 1805 oriebatur
1479 1731 1556 1806 dies
1632 1797 1635 1799 a

381 1849 419 1924 in
443 1850 597 1926 arietem
613 1842 671 1946 (²),
697 1851 734 1924 in
761 1856 884 1925 nostro
909 1870 1000 1925 vero
1021 1849 1203 1944 superiori
1220 1849 1409 1924 oriebatur
1426 1871 1500 1924 nox
1517 1850 1555 1924 in

381 1970 499 2046 Libra.
519 1971 621 2048 Unde
637 1972 684 2046 ad
700 1970 970 2069 intelligendam
995 1970 1140 2046 literam
1155 1961 1193 2062 (³)
1212 1971 1324 2065 clare,
1342 1991 1427 2066 quae
1452 1969 1554 2048 vide·

382 2098 445 2166 tur
469 2092 638 2187 obscura,
656 2092 768 2168 debes
789 2100 957 2188 repetere
982 2113 1100 2166 unum
1123 2091 1222 2188 quod
1245 2092 1369 2166 notavi
1395 2093 1431 2166 in
1457 2092 1557 2188 capi·

381 2213 458 2286 tulo
484 2213 715 2308 praecedenti,
741 2213 887 2307 scilicet,
905 2212 1003 2307 quod
1029 2218 1149 2287 totum
1169 2212 1305 2288 coelnm
1324 2218 1379 2288 est
1398 2213 1555 2288 divisum

380 2332 417 2406 in
442 2333 533 2407 duas
558 2338 682 2428 partes
707 2334 880 2426 equales,
907 2354 1067 2428 quarum
1093 2354 1166 2407 una
1190 2340 1346 2408 vocatur
1373 2333 1556 2429 hemispe-

381 2453 480 2527 rium
515 2452 698 2547 superius,
735 2453 851 2528 altera
890 2453 1066 2528 medietas
1096 2461 1252 2527 vocatur
1292 2453 1555 2548 hemisperium

382 2572 544 2666 interius,
570 2579 608 2647 et
632 2593 725 2647 zona
756 2572 918 2648 dividens
949 2594 1062 2646 unam
1095 2573 1329 2647 medietatem
1359 2574 1406 2647 ab
1440 2575 1556 2649 altera

385 2699 539 2768 vocatur
564 2693 726 2768 horizon.
753 2693 857 2768 blodo
882 2692 973 2795 dicit
992 2700 1109 2790 poeta,
1128 2693 1228 2787 qnod
1244 2696 1298 2768 sol
1319 2695 1397 2790 jam
1424 2714 1558 2790 perve-

385 2818 493 2888 nerat
518 2811 564 2887 ad
589 2812 816 2888 horizontem
844 2812 880 2886 in
898 2819 1022 2886 nostro
1039 2812 1237 2908 occidente,
1256 2814 1318 2908 qui
1339 2821 1421 2890 erat
1437 2815 1560 2890 oriens

385 2935 466 3030 sibi,
501 2933 563 3029 qui
596 2940 677 3021 erat
708 2933 744 3006 in
776 2932 993 3028 hemisperio
1023 2933 1200 3029 interiori,
1230 2933 1312 3010 ideo
1343 2935 1490 3030 quando
1515 2929 1560 3008 ht

388 3055 491 3130 nobis
522 3074 608 3148 nox,
635 3053 702 3127 illis
733 3052 772 3126 lit
797 3052 884 3146 dies,
911 3060 949 3127 et
977 3072 999 3126 e
1024 3073 1213 3128 converso.
1240 3055 1284 3128 Et
1312 3054 1473 3129 declarat
1498 3053 1561 3147 sic,

385 3175 476 3270 quie
502 3175 530 3249 si
557 3176 611 3250 sol
637 3179 716 3249 erat
741 3172 777 3246 in
804 3172 1004 3265 horizonte,
1031 3173 1208 3268 sequitur,
1230 3173 1329 3267 quod
1354 3174 1415 3250 ille
1440 3174 1562 3249 circu-

389 3298 446 3371 lus
472 3317 584 3390 quem
612 3294 697 3370 lacit
721 3294 775 3368 sol
801 3293 838 3366 in
863 3292 1016 3368 meridie
1037 3293 1127 3390 tegit
1143 3294 1384 3390 Hierusalem,
1405 3315 1489 3389 qnae
1507 3303 1563 3369 est

388 3417 425 3490 in
452 3416 572 3490 medio
598 3414 715 3508 orbis3
741 3435 813 3488 nox
840 3433 942 3510 ergo,
969 3434 1053 3507 quae
1075 3420 1130 3488 est
1146 3414 1285 3490 directe
1304 3415 1466 3510 opposita
1483 3416 1561 3511 soli,

387 3536 556 3612 veniebat
585 3555 696 3630 super
728 3555 844 3608 nosa
879 3540 1005 3608 nostro
1039 3535 1192 3629 oriente,
1219 3542 1256 3609 et
1284 3534 1361 3612 dies
1392 3536 1564 3611 veniebat

386 3679 498 3754 super
530 3657 609 3731 illos
639 3657 688 3731 ab
720 3675 851 3731 eorum
887 3654 1038 3730 oriente.
1078 3655 1183 3728 Nunc
1216 3654 1261 3728 ad
1299 3655 1443 3732 literam
1469 3655 1562 3749 dico,

387 3777 489 3872 quod
514 3785 621 3874 poeta
646 3776 819 3852 describit
843 3782 967 3850 ortum
994 3775 1079 3850 solis
1110 3774 1270 3870 sugentis
1295 3797 1482 3872 auroram,
1507 3777 1563 3852 di-

386 3919 498 3974 cens:
524 3901 658 3991 dsole,
685 3898 819 3972 scilicet
845 3896 967 3972 oriens
992 3895 1054 3990 ibi,
1078 3885 1139 3988 pld
1163 3917 1228 3970 era
1251 3901 1371 3987 pune
1392 3901 1452 3972 alt'
1465 3901 1563 3971 oriz·

389 4025 503 4110 zonte,
530 4018 615 4112 quia
643 4018 837 4093 recedebat
865 4037 889 4090 a
920 4021 1115 4110 conspectu
1145 4021 1269 4091 nostro
1300 4024 1339 4092 et
1367 4017 1564 4094 accedebat

389 4137 437 4212 ad
462 4158 543 4232 eos;
569 4138 668 4213 unde
693 4137 800 4213 dicit:
827 4139 862 4210 lo
886 4140 954 4228 cui,
980 4135 1115 4210 scilicet
1136 4136 1242 4210 cuius
1267 4136 1474 4232 horizontis,
1492 4159 1565 4210 me-

389 4261 510 4332 rt'diun
535 4261 682 4350 certio,
704 4258 741 4331 in
764 4263 888 4332 nostro
905 4257 1136 4351 hemisperio,
1153 4259 1337 4348 coperclriu
1356 4247 1564 4348 terrentem,

391 4377 590 4452 accusativi
614 4397 720 4452 casus
747 4377 832 4471 quia
853 4375 1080 4452 Hierusalem
1107 4382 1162 4450 est
1178 4376 1342 4451 subiecta
1362 4376 1566 4451 meridiano
1626 4417 1629 4420 ·

391 4496 488 4590 solis,
515 4495 577 4590 qui
591 4485 627 4588 (⁴)
655 4503 712 4572 est
736 4497 772 4568 in
799 4495 920 4571 medio
946 4495 1085 4590 mundi,
1111 4499 1167 4568 col
1189 4516 1253 4568 suo
1273 4489 1336 4587 pini
1353 4499 1425 4569 olto
1441 4503 1565 4588 pune,

391 4616 457 4712 qui
482 4617 687 4716 appellatur
711 4617 844 4711 zenith,
871 4615 1066 4711 respiciens
1091 4615 1228 4691 directe
1252 4623 1363 4711 caput
1385 4623 1566 4710 nostrum,

391 4758 411 4812 e
444 4739 482 4809 lu
515 4741 606 4809 nette
637 4737 698 4810 che
732 4738 938 4829 oppositae
971 4737 1032 4826 lei,
1058 4735 1194 4810 scilicet
1223 4735 1271 4808 illi
1306 4737 1384 4830 soli,
1416 4739 1565 4828 cerne,

392 4856 495 4951 idest,
514 4856 654 4952 circuit,
673 4857 759 4951 quia
782 4878 852 4932 nox
877 4878 950 4931 non
967 4862 1022 4930 est
1039 4855 1136 4932 aliud
1159 4878 1272 4950 quam
1293 4858 1426 4934 umbra
1446 4866 1565 4954 terre,

457 5043 483 5105 (¹)
502 5023 563 5102 tlt,¹
574 5057 673 5105 omnes,
690 5044 733 5095 ihl.
983 5041 1011 5106 (²)
1028 5043 1059 5094 E.
1076 5044 1102 5094 in
1119 5045 1224 5094 ariete.'

459 5117 486 5182 (⁸)
503 5119 534 5170 lt
551 5118 654 5171 literam
671 5135 737 5186 qne.
983 5121 1010 5184 (⁸)
1026 5121 1057 5172 Ε.
1074 5134 1089 5172 a
1105 5121 1131 5173 S.
1148 5135 1207 5186 qne
1222 5129 1270 5175 est.
