<?xml version="1.0" encoding="UTF-8"?>
<!DOCTYPE html PUBLIC "-//W3C//DTD XHTML 1.0 Transitional//EN"
    "http://www.w3.org/TR/xhtml1/DTD/xhtml1-transitional.dtd">
<html xmlns="http://www.w3.org/1999/xhtml" xml:lang="en" lang="en">
 <head>
  <title>
</title>
<meta http-equiv="Content-Type" content="text/html;charset=utf-8" />
  <meta name='ocr-system' content='tesseract 3.04.00' />
  <meta name='ocr-capabilities' content='ocr_page ocr_carea ocr_par ocr_line ocrx_word'/>
</head>
<body>
  <div class='ocr_page' id='page_1' title='image "./comentumsuperda01unkngoog_0166.png"; bbox 0 0 4542 6842; ppageno 0'>
   <div class='ocr_carea' id='block_1_1' title="bbox 719 955 1532 1023">
    <p class='ocr_par' dir='ltr' id='par_1_1' title="bbox 719 955 1532 1023">
     <span class='ocr_line' id='line_1_1' title="bbox 719 955 1532 1023; baseline -0.007 0"><span class='ocrx_word' id='word_1_1' title='bbox 719 955 788 1023; x_wconf 73' lang='lat' dir='ltr'><strong>lto</strong></span> <span class='ocrx_word' id='word_1_2' title='bbox 1084 965 1288 1020; x_wconf 80' lang='lat' dir='ltr'><strong>coumuruu</strong></span> <span class='ocrx_word' id='word_1_3' title='bbox 1312 966 1532 1019; x_wconf 80' lang='lat' dir='ltr'><strong>ruuorrouu</strong></span> 
     </span>
    </p>
   </div>
   <div class='ocr_carea' id='block_1_2' title="bbox 714 1110 1895 1450">
    <p class='ocr_par' dir='ltr' id='par_1_2' title="bbox 714 1110 1895 1450">
     <span class='ocr_line' id='line_1_2' title="bbox 715 1110 1895 1207; baseline 0.003 -20"><span class='ocrx_word' id='word_1_4' title='bbox 715 1114 760 1187; x_wconf 80' lang='lat' dir='ltr'><strong>lit</strong></span> <span class='ocrx_word' id='word_1_5' title='bbox 783 1112 867 1187; x_wconf 84' lang='lat' dir='ltr'><strong>ride</strong></span> <span class='ocrx_word' id='word_1_6' title='bbox 891 1111 1080 1207; x_wconf 85' lang='lat' dir='ltr'><strong>quomodo</strong></span> <span class='ocrx_word' id='word_1_7' title='bbox 1105 1112 1163 1185; x_wconf 89' lang='lat' dir='ltr'><strong>isti</strong></span> <span class='ocrx_word' id='word_1_8' title='bbox 1189 1112 1284 1185; x_wconf 91' lang='lat' dir='ltr'><strong>bene</strong></span> <span class='ocrx_word' id='word_1_9' title='bbox 1309 1110 1532 1205; x_wconf 78' lang='lat' dir='ltr'>persuadent</span> <span class='ocrx_word' id='word_1_10' title='bbox 1553 1116 1691 1205; x_wconf 85' lang='lat' dir='ltr'><strong>poetae:</strong></span> <span class='ocrx_word' id='word_1_11' title='bbox 1717 1114 1895 1190; x_wconf 86' lang='lat' dir='ltr'><strong>ridentur</strong></span> 
     </span>
     <span class='ocr_line' id='line_1_3' title="bbox 714 1224 1891 1328; baseline 0.001 -19"><span class='ocrx_word' id='word_1_12' title='bbox 714 1232 812 1309; x_wconf 88' lang='lat' dir='ltr'><strong>euim</strong></span> <span class='ocrx_word' id='word_1_13' title='bbox 839 1233 962 1309; x_wconf 87' lang='lat' dir='ltr'><strong>dicere</strong></span> <span class='ocrx_word' id='word_1_14' title='bbox 986 1232 1114 1307; x_wconf 86' lang='lat' dir='ltr'><strong>tacite:</strong></span> <span class='ocrx_word' id='word_1_15' title='bbox 1141 1232 1240 1306; x_wconf 86' lang='lat' dir='ltr'><strong>Deus</strong></span> <span class='ocrx_word' id='word_1_16' title='bbox 1265 1253 1339 1306; x_wconf 92' lang='lat' dir='ltr'><strong>nou</strong></span> <span class='ocrx_word' id='word_1_17' title='bbox 1362 1232 1487 1306; x_wconf 88' lang='lat' dir='ltr'><strong>reiecit</strong></span> <span class='ocrx_word' id='word_1_18' title='bbox 1500 1224 1537 1325; x_wconf 81' lang='lat'><strong>(⁴)</strong></span> <span class='ocrx_word' id='word_1_19' title='bbox 1558 1252 1624 1307; x_wconf 91' lang='lat' dir='ltr'><strong>uos</strong></span> <span class='ocrx_word' id='word_1_20' title='bbox 1643 1242 1836 1328; x_wconf 83' lang='lat' dir='ltr'><strong>precautes</strong></span> <span class='ocrx_word' id='word_1_21' title='bbox 1852 1236 1891 1310; x_wconf 90' lang='lat' dir='ltr'><strong>iu</strong></span> 
     </span>
     <span class='ocr_line' id='line_1_4' title="bbox 714 1344 1891 1450; baseline 0.002 -20"><span class='ocrx_word' id='word_1_22' title='bbox 714 1363 894 1449; x_wconf 77' lang='lat' dir='ltr'><strong>extremo,</strong></span> <span class='ocrx_word' id='word_1_23' title='bbox 920 1360 958 1429; x_wconf 92' lang='lat' dir='ltr'><strong>et</strong></span> <span class='ocrx_word' id='word_1_24' title='bbox 989 1361 1030 1428; x_wconf 88' lang='lat' dir='ltr'><strong>tu</strong></span> <span class='ocrx_word' id='word_1_25' title='bbox 1061 1373 1135 1428; x_wconf 89' lang='lat' dir='ltr'><strong>uon</strong></span> <span class='ocrx_word' id='word_1_26' title='bbox 1149 1345 1187 1446; x_wconf 82' lang='lat'><strong>(²)</strong></span> <span class='ocrx_word' id='word_1_27' title='bbox 1213 1352 1347 1428; x_wconf 87' lang='lat' dir='ltr'><strong>videris</strong></span> <span class='ocrx_word' id='word_1_28' title='bbox 1376 1344 1518 1450; x_wconf 85' lang='lat' dir='ltr'><strong>dignari</strong></span> <span class='ocrx_word' id='word_1_29' title='bbox 1548 1354 1644 1429; x_wconf 85' lang='lat' dir='ltr'><strong>velle</strong></span> <span class='ocrx_word' id='word_1_30' title='bbox 1674 1355 1801 1431; x_wconf 84' lang='lat' dir='ltr'><strong>uidere</strong></span> <span class='ocrx_word' id='word_1_31' title='bbox 1831 1358 1891 1432; x_wconf 84' lang='lat' dir='ltr'><strong>rel</strong></span> 
     </span>
    </p>
   </div>
   <div class='ocr_carea' id='block_1_3' title="bbox 699 1474 1893 4096">
    <p class='ocr_par' dir='ltr' id='par_1_3' title="bbox 699 1474 1893 4096">
     <span class='ocr_line' id='line_1_5' title="bbox 713 1474 1893 1569; baseline 0.001 -18"><span class='ocrx_word' id='word_1_32' title='bbox 713 1475 844 1551; x_wconf 82' lang='lat' dir='ltr'><strong>audire</strong></span> <span class='ocrx_word' id='word_1_33' title='bbox 869 1495 947 1549; x_wconf 88' lang='lat' dir='ltr'><strong>uos.</strong></span> <span class='ocrx_word' id='word_1_34' title='bbox 973 1474 1017 1547; x_wconf 83' lang='lat' dir='ltr'><strong>lit</strong></span> <span class='ocrx_word' id='word_1_35' title='bbox 1042 1479 1169 1549; x_wconf 91' lang='lat' dir='ltr'><strong>tameu</strong></span> <span class='ocrx_word' id='word_1_36' title='bbox 1193 1479 1302 1569; x_wconf 88' lang='lat' dir='ltr'><strong>poeta</strong></span> <span class='ocrx_word' id='word_1_37' title='bbox 1327 1493 1401 1547; x_wconf 91' lang='lat' dir='ltr'><strong>nou</strong></span> <span class='ocrx_word' id='word_1_38' title='bbox 1429 1474 1585 1549; x_wconf 84' lang='lat' dir='ltr'><strong>iaciebat</strong></span> <span class='ocrx_word' id='word_1_39' title='bbox 1614 1476 1683 1550; x_wconf 92' lang='lat' dir='ltr'><strong>boc</strong></span> <span class='ocrx_word' id='word_1_40' title='bbox 1708 1496 1754 1551; x_wconf 86' lang='lat' dir='ltr'><strong>er</strong></span> <span class='ocrx_word' id='word_1_41' title='bbox 1781 1496 1893 1552; x_wconf 86' lang='lat' dir='ltr'><strong>arro-</strong></span> 
     </span>
     <span class='ocr_line' id='line_1_6' title="bbox 712 1592 1890 1693; baseline 0.001 -23"><span class='ocrx_word' id='word_1_42' title='bbox 712 1596 848 1693; x_wconf 80' lang='lat' dir='ltr'><strong>gantia,</strong></span> <span class='ocrx_word' id='word_1_43' title='bbox 869 1594 933 1669; x_wconf 92' lang='lat' dir='ltr'><strong>sed</strong></span> <span class='ocrx_word' id='word_1_44' title='bbox 958 1614 1005 1669; x_wconf 83' lang='lat' dir='ltr'><strong>ex</strong></span> <span class='ocrx_word' id='word_1_45' title='bbox 1031 1592 1254 1688; x_wconf 83' lang='lat' dir='ltr'><strong>obedieutia3</strong></span> <span class='ocrx_word' id='word_1_46' title='bbox 1282 1593 1363 1668; x_wconf 91' lang='lat' dir='ltr'><strong>ideo</strong></span> <span class='ocrx_word' id='word_1_47' title='bbox 1389 1594 1508 1668; x_wconf 93' lang='lat' dir='ltr'><strong>solum</strong></span> <span class='ocrx_word' id='word_1_48' title='bbox 1532 1594 1756 1671; x_wconf 88' lang='lat' dir='ltr'><strong>ambulando</strong></span> <span class='ocrx_word' id='word_1_49' title='bbox 1780 1596 1890 1671; x_wconf 84' lang='lat' dir='ltr'><strong>audl-</strong></span> 
     </span>
     <span class='ocr_line' id='line_1_7' title="bbox 713 1707 1890 1811; baseline 0.001 -21"><span class='ocrx_word' id='word_1_50' title='bbox 713 1716 765 1790; x_wconf 87' lang='lat' dir='ltr'><strong>rit</strong></span> <span class='ocrx_word' id='word_1_51' title='bbox 779 1707 816 1811; x_wconf 75' lang='lat'><strong>(³)</strong></span> <span class='ocrx_word' id='word_1_52' title='bbox 844 1716 958 1790; x_wconf 86' lang='lat' dir='ltr'><strong>verba</strong></span> <span class='ocrx_word' id='word_1_53' title='bbox 978 1735 1196 1810; x_wconf 87' lang='lat' dir='ltr'><strong>paucorum.</strong></span> <span class='ocrx_word' id='word_1_54' title='bbox 1218 1714 1263 1787; x_wconf 82' lang='lat' dir='ltr'><strong>llt</strong></span> <span class='ocrx_word' id='word_1_55' title='bbox 1280 1734 1367 1789; x_wconf 89' lang='lat' dir='ltr'><strong>ecce</strong></span> <span class='ocrx_word' id='word_1_56' title='bbox 1384 1714 1571 1808; x_wconf 87' lang='lat' dir='ltr'><strong>quomodo</strong></span> <span class='ocrx_word' id='word_1_57' title='bbox 1588 1715 1780 1790; x_wconf 90' lang='lat' dir='ltr'><strong>illuminati</strong></span> <span class='ocrx_word' id='word_1_58' title='bbox 1800 1722 1890 1791; x_wconf 85' lang='lat' dir='ltr'><strong>suut</strong></span> 
     </span>
     <span class='ocr_line' id='line_1_8' title="bbox 712 1827 1890 1929; baseline 0 -20"><span class='ocrx_word' id='word_1_59' title='bbox 712 1836 748 1909; x_wconf 91' lang='lat' dir='ltr'><strong>iu</strong></span> <span class='ocrx_word' id='word_1_60' title='bbox 774 1842 915 1909; x_wconf 89' lang='lat' dir='ltr'><strong>morte:</strong></span> <span class='ocrx_word' id='word_1_61' title='bbox 932 1827 963 1907; x_wconf 82' lang='lat' dir='ltr'><strong>si</strong></span> <span class='ocrx_word' id='word_1_62' title='bbox 978 1838 1039 1907; x_wconf 81' lang='lat' dir='ltr'><strong>ele</strong></span> <span class='ocrx_word' id='word_1_63' title='bbox 1059 1836 1245 1927; x_wconf 65' lang='lat' dir='ltr'><strong>pentem,</strong></span> <span class='ocrx_word' id='word_1_64' title='bbox 1262 1838 1498 1929; x_wconf 79' lang='lat' dir='ltr'><strong>peccatorum</strong></span> <span class='ocrx_word' id='word_1_65' title='bbox 1518 1842 1742 1929; x_wconf 88' lang='lat' dir='ltr'><strong>nostrorum,</strong></span> <span class='ocrx_word' id='word_1_66' title='bbox 1769 1858 1788 1909; x_wconf 82' lang='lat' dir='ltr'><strong>e</strong></span> <span class='ocrx_word' id='word_1_67' title='bbox 1798 1858 1890 1929; x_wconf 84' lang='lat' dir='ltr'><strong>pcr-</strong></span> 
     </span>
     <span class='ocr_line' id='line_1_9' title="bbox 711 1954 1887 2053; baseline 0.003 -24"><span class='ocrx_word' id='word_1_68' title='bbox 711 1958 893 2047; x_wconf 78' lang='lat' dir='ltr'><em>donando,</em></span> <span class='ocrx_word' id='word_1_69' title='bbox 910 1955 1134 2030; x_wconf 85' lang='lat' dir='ltr'><strong>occisoribus</strong></span> <span class='ocrx_word' id='word_1_70' title='bbox 1155 1954 1297 2049; x_wconf 84' lang='lat' dir='ltr'><strong>uostris,</strong></span> <span class='ocrx_word' id='word_1_71' title='bbox 1315 1958 1479 2028; x_wconf 85' lang='lat' dir='ltr'><strong>osoimmo</strong></span> <span class='ocrx_word' id='word_1_72' title='bbox 1497 1959 1607 2049; x_wconf 82' lang='lat' dir='ltr'><strong>suoru</strong></span> <span class='ocrx_word' id='word_1_73' title='bbox 1623 1960 1661 2030; x_wconf 83' lang='lat' dir='ltr'><strong>di</strong></span> <span class='ocrx_word' id='word_1_74' title='bbox 1677 1960 1761 2048; x_wconf 80' lang='lat' dir='ltr'><strong>otto,</strong></span> <span class='ocrx_word' id='word_1_75' title='bbox 1781 1956 1887 2053; x_wconf 88' lang='lat' dir='ltr'><strong>idest,</strong></span> 
     </span>
     <span class='ocr_line' id='line_1_10' title="bbox 712 2075 1889 2171; baseline 0.003 -23"><span class='ocrx_word' id='word_1_76' title='bbox 712 2075 848 2151; x_wconf 94' lang='lat' dir='ltr'><strong>mortui</strong></span> <span class='ocrx_word' id='word_1_77' title='bbox 874 2096 1005 2148; x_wconf 91' lang='lat' dir='ltr'><strong>sumus</strong></span> <span class='ocrx_word' id='word_1_78' title='bbox 1030 2075 1195 2169; x_wconf 78' lang='lat' dir='ltr'><strong>feliciter,</strong></span> <span class='ocrx_word' id='word_1_79' title='bbox 1220 2094 1245 2146; x_wconf 90' lang='lat' dir='ltr'><strong>o</strong></span> <span class='ocrx_word' id='word_1_80' title='bbox 1269 2078 1339 2147; x_wconf 85' lang='lat' dir='ltr'><strong>Dio</strong></span> <span class='ocrx_word' id='word_1_81' title='bbox 1365 2078 1554 2167; x_wconf 79' lang='lat' dir='ltr'><strong>parificati,</strong></span> <span class='ocrx_word' id='word_1_82' title='bbox 1585 2076 1687 2171; x_wconf 88' lang='lat' dir='ltr'><strong>idest,</strong></span> <span class='ocrx_word' id='word_1_83' title='bbox 1719 2079 1889 2153; x_wconf 85' lang='lat' dir='ltr'><strong>reconci-</strong></span> 
     </span>
     <span class='ocr_line' id='line_1_11' title="bbox 709 2194 1886 2291; baseline 0.001 -21"><span class='ocrx_word' id='word_1_84' title='bbox 709 2196 797 2290; x_wconf 89' lang='lat' dir='ltr'><strong>liati,</strong></span> <span class='ocrx_word' id='word_1_85' title='bbox 814 2195 875 2270; x_wconf 87' lang='lat' dir='ltr'><strong>cui</strong></span> <span class='ocrx_word' id='word_1_86' title='bbox 893 2216 1043 2270; x_wconf 89' lang='lat' dir='ltr'><strong>eramus</strong></span> <span class='ocrx_word' id='word_1_87' title='bbox 1062 2196 1227 2289; x_wconf 82' lang='lat' dir='ltr'>rebelles,</span> <span class='ocrx_word' id='word_1_88' title='bbox 1246 2198 1319 2287; x_wconf 74' lang='lat' dir='ltr'><strong>elce,</strong></span> <span class='ocrx_word' id='word_1_89' title='bbox 1339 2195 1443 2289; x_wconf 89' lang='lat' dir='ltr'><strong>idest,</strong></span> <span class='ocrx_word' id='word_1_90' title='bbox 1461 2194 1525 2289; x_wconf 90' lang='lat' dir='ltr'><strong>qui</strong></span> <span class='ocrx_word' id='word_1_91' title='bbox 1541 2195 1651 2291; x_wconf 83' lang='lat' dir='ltr'><strong>Deus,</strong></span> <span class='ocrx_word' id='word_1_92' title='bbox 1673 2200 1886 2291; x_wconf 84' lang='lat' dir='ltr'><strong>u&#39;ocouoro,</strong></span> 
     </span>
     <span class='ocr_line' id='line_1_12' title="bbox 709 2312 1885 2411; baseline 0.003 -23"><span class='ocrx_word' id='word_1_93' title='bbox 709 2314 811 2409; x_wconf 82' lang='lat' dir='ltr'><strong>idest,</strong></span> <span class='ocrx_word' id='word_1_94' title='bbox 837 2314 988 2409; x_wconf 90' lang='lat' dir='ltr'><strong>animat,</strong></span> <span class='ocrx_word' id='word_1_95' title='bbox 1012 2318 1071 2388; x_wconf 77' lang='lat' dir='ltr'><strong>del</strong></span> <span class='ocrx_word' id='word_1_96' title='bbox 1093 2318 1196 2406; x_wconf 79' lang='lat' dir='ltr'><strong>disto,</strong></span> <span class='ocrx_word' id='word_1_97' title='bbox 1224 2314 1326 2409; x_wconf 85' lang='lat' dir='ltr'><strong>idest,</strong></span> <span class='ocrx_word' id='word_1_98' title='bbox 1353 2314 1542 2409; x_wconf 88' lang='lat' dir='ltr'><strong>desiderio,</strong></span> <span class='ocrx_word' id='word_1_99' title='bbox 1570 2318 1607 2389; x_wconf 81' lang='lat' dir='ltr'><strong>di</strong></span> <span class='ocrx_word' id='word_1_100' title='bbox 1630 2312 1670 2390; x_wconf 71' lang='lat' dir='ltr'><strong>se*</strong></span> <span class='ocrx_word' id='word_1_101' title='bbox 1698 2320 1816 2411; x_wconf 79' lang='lat' dir='ltr'><strong>order,</strong></span> <span class='ocrx_word' id='word_1_102' title='bbox 1847 2318 1885 2393; x_wconf 90' lang='lat' dir='ltr'><strong>iu</strong></span> 
     </span>
     <span class='ocr_line' id='line_1_13' title="bbox 708 2434 1888 2531; baseline 0.003 -21"><span class='ocrx_word' id='word_1_103' title='bbox 708 2456 784 2529; x_wconf 81' lang='lat' dir='ltr'><strong>quo</strong></span> <span class='ocrx_word' id='word_1_104' title='bbox 809 2436 889 2509; x_wconf 93' lang='lat' dir='ltr'><strong>solo</strong></span> <span class='ocrx_word' id='word_1_105' title='bbox 913 2441 968 2509; x_wconf 94' lang='lat' dir='ltr'><strong>est</strong></span> <span class='ocrx_word' id='word_1_106' title='bbox 989 2434 1150 2529; x_wconf 79' lang='lat' dir='ltr'><strong>felicitas,</strong></span> <span class='ocrx_word' id='word_1_107' title='bbox 1172 2434 1235 2509; x_wconf 91' lang='lat' dir='ltr'><strong>sed</strong></span> <span class='ocrx_word' id='word_1_108' title='bbox 1257 2455 1329 2509; x_wconf 89' lang='lat' dir='ltr'><strong>nou</strong></span> <span class='ocrx_word' id='word_1_109' title='bbox 1350 2454 1546 2529; x_wconf 91' lang='lat' dir='ltr'><strong>possumus</strong></span> <span class='ocrx_word' id='word_1_110' title='bbox 1565 2434 1685 2510; x_wconf 90' lang='lat' dir='ltr'><strong>adbuc</strong></span> <span class='ocrx_word' id='word_1_111' title='bbox 1703 2436 1770 2531; x_wconf 90' lang='lat' dir='ltr'><strong>ire,</strong></span> <span class='ocrx_word' id='word_1_112' title='bbox 1791 2438 1888 2513; x_wconf 86' lang='lat' dir='ltr'><strong>sicut</strong></span> 
     </span>
     <span class='ocr_line' id='line_1_14' title="bbox 708 2556 1881 2651; baseline 0.003 -21"><span class='ocrx_word' id='word_1_113' title='bbox 708 2563 750 2630; x_wconf 91' lang='lat' dir='ltr'><strong>tu</strong></span> <span class='ocrx_word' id='word_1_114' title='bbox 779 2556 891 2631; x_wconf 86' lang='lat' dir='ltr'><strong>vadis.</strong></span> <span class='ocrx_word' id='word_1_115' title='bbox 906 2561 1013 2628; x_wconf 81' lang='lat' dir='ltr'><strong>-Et</strong></span> <span class='ocrx_word' id='word_1_116' title='bbox 1038 2559 1085 2628; x_wconf 82' lang='lat' dir='ltr'><strong>to.</strong></span> <span class='ocrx_word' id='word_1_117' title='bbox 1117 2556 1182 2629; x_wconf 89' lang='lat' dir='ltr'><strong>llic</strong></span> <span class='ocrx_word' id='word_1_118' title='bbox 1215 2562 1321 2651; x_wconf 90' lang='lat' dir='ltr'><strong>poeta</strong></span> <span class='ocrx_word' id='word_1_119' title='bbox 1354 2556 1511 2631; x_wconf 89' lang='lat' dir='ltr'><strong>ostendit</strong></span> <span class='ocrx_word' id='word_1_120' title='bbox 1543 2556 1701 2650; x_wconf 78' lang='lat' dir='ltr'><strong>qualiter</strong></span> <span class='ocrx_word' id='word_1_121' title='bbox 1734 2558 1881 2633; x_wconf 89' lang='lat' dir='ltr'><strong>taudem</strong></span> 
     </span>
     <span class='ocr_line' id='line_1_15' title="bbox 708 2676 1884 2773; baseline 0.001 -21"><span class='ocrx_word' id='word_1_122' title='bbox 708 2678 929 2753; x_wconf 87' lang='lat' dir='ltr'><strong>violentatus</strong></span> <span class='ocrx_word' id='word_1_123' title='bbox 947 2676 1116 2771; x_wconf 90' lang='lat' dir='ltr'><strong>precibus</strong></span> <span class='ocrx_word' id='word_1_124' title='bbox 1132 2676 1287 2752; x_wconf 90' lang='lat' dir='ltr'><strong>istorum</strong></span> <span class='ocrx_word' id='word_1_125' title='bbox 1303 2677 1482 2751; x_wconf 85' lang='lat' dir='ltr'><strong>violenter</strong></span> <span class='ocrx_word' id='word_1_126' title='bbox 1495 2676 1783 2773; x_wconf 81' lang='lat' dir='ltr'><strong>interfectorum,</strong></span> <span class='ocrx_word' id='word_1_127' title='bbox 1798 2679 1884 2753; x_wconf 90' lang='lat' dir='ltr'><strong>red·</strong></span> 
     </span>
     <span class='ocr_line' id='line_1_16' title="bbox 707 2796 1886 2893; baseline -0.001 -20"><span class='ocrx_word' id='word_1_128' title='bbox 707 2798 840 2873; x_wconf 89' lang='lat' dir='ltr'><strong>diderit</strong></span> <span class='ocrx_word' id='word_1_129' title='bbox 864 2818 904 2873; x_wconf 93' lang='lat' dir='ltr'><strong>se</strong></span> <span class='ocrx_word' id='word_1_130' title='bbox 927 2796 1143 2893; x_wconf 81' lang='lat' dir='ltr'><strong>placabilem</strong></span> <span class='ocrx_word' id='word_1_131' title='bbox 1171 2804 1207 2872; x_wconf 89' lang='lat' dir='ltr'><strong>et</strong></span> <span class='ocrx_word' id='word_1_132' title='bbox 1233 2797 1469 2872; x_wconf 76' lang='lat' dir='ltr'><strong>favorabilem</strong></span> <span class='ocrx_word' id='word_1_133' title='bbox 1493 2798 1558 2871; x_wconf 91' lang='lat' dir='ltr'><strong>bis.</strong></span> <span class='ocrx_word' id='word_1_134' title='bbox 1576 2798 1679 2873; x_wconf 91' lang='lat' dir='ltr'>Unde</span> <span class='ocrx_word' id='word_1_135' title='bbox 1704 2798 1789 2873; x_wconf 88' lang='lat' dir='ltr'><strong>dicit</strong></span> <span class='ocrx_word' id='word_1_136' title='bbox 1814 2820 1886 2874; x_wconf 82' lang='lat' dir='ltr'><strong>er·</strong></span> 
     </span>
     <span class='ocr_line' id='line_1_17' title="bbox 705 2914 1881 3013; baseline 0 -20"><span class='ocrx_word' id='word_1_137' title='bbox 705 2939 838 2994; x_wconf 87' lang='lat' dir='ltr'><strong>eusaus</strong></span> <span class='ocrx_word' id='word_1_138' title='bbox 871 2938 933 2992; x_wconf 92' lang='lat' dir='ltr'><strong>se:</strong></span> <span class='ocrx_word' id='word_1_139' title='bbox 959 2923 1005 2991; x_wconf 81' lang='lat' dir='ltr'><strong>m</strong></span> <span class='ocrx_word' id='word_1_140' title='bbox 1034 2921 1094 2991; x_wconf 84' lang='lat' dir='ltr'><strong>to:</strong></span> <span class='ocrx_word' id='word_1_141' title='bbox 1126 2918 1276 3013; x_wconf 88' lang='lat' dir='ltr'><strong>seilicet,</strong></span> <span class='ocrx_word' id='word_1_142' title='bbox 1306 2917 1403 2992; x_wconf 84' lang='lat' dir='ltr'><strong>dixi:</strong></span> <span class='ocrx_word' id='word_1_143' title='bbox 1425 2914 1556 3011; x_wconf 71' lang='lat' dir='ltr'><strong>percle*</strong></span> <span class='ocrx_word' id='word_1_144' title='bbox 1586 2923 1643 2993; x_wconf 82' lang='lat' dir='ltr'><strong>uei</strong></span> <span class='ocrx_word' id='word_1_145' title='bbox 1672 2923 1782 2993; x_wconf 77' lang='lat' dir='ltr'><strong>oostn&#39;</strong></span> <span class='ocrx_word' id='word_1_146' title='bbox 1815 2923 1881 2994; x_wconf 68' lang='lat' dir='ltr'><strong>ortt</strong></span> 
     </span>
     <span class='ocr_line' id='line_1_18' title="bbox 704 3036 1885 3133; baseline 0.002 -22"><span class='ocrx_word' id='word_1_147' title='bbox 704 3041 815 3130; x_wconf 82' lang='lat' dir='ltr'><strong>puali,</strong></span> <span class='ocrx_word' id='word_1_148' title='bbox 840 3038 944 3131; x_wconf 88' lang='lat' dir='ltr'><strong>idest,</strong></span> <span class='ocrx_word' id='word_1_149' title='bbox 970 3036 1140 3131; x_wconf 86' lang='lat' dir='ltr'><strong>quamvis</strong></span> <span class='ocrx_word' id='word_1_150' title='bbox 1165 3038 1355 3133; x_wconf 87' lang='lat' dir='ltr'><strong>respiciam</strong></span> <span class='ocrx_word' id='word_1_151' title='bbox 1377 3038 1414 3110; x_wconf 91' lang='lat' dir='ltr'><strong>iu</strong></span> <span class='ocrx_word' id='word_1_152' title='bbox 1439 3038 1547 3112; x_wconf 82' lang='lat' dir='ltr'><strong>iacies</strong></span> <span class='ocrx_word' id='word_1_153' title='bbox 1566 3044 1720 3132; x_wconf 86' lang='lat' dir='ltr'><strong>vestras,</strong></span> <span class='ocrx_word' id='word_1_154' title='bbox 1737 3060 1810 3115; x_wconf 81' lang='lat' dir='ltr'><strong>nou</strong></span> <span class='ocrx_word' id='word_1_155' title='bbox 1829 3043 1885 3113; x_wconf 69' lang='lat' dir='ltr'><strong>ra?-</strong></span> 
     </span>
     <span class='ocr_line' id='line_1_19' title="bbox 704 3158 1878 3254; baseline 0 -22"><span class='ocrx_word' id='word_1_156' title='bbox 704 3180 853 3233; x_wconf 85' lang='lat' dir='ltr'><strong>conosco</strong></span> <span class='ocrx_word' id='word_1_157' title='bbox 882 3160 1136 3252; x_wconf 65' lang='lat' dir='ltr'><strong>utrumquem</strong></span> <span class='ocrx_word' id='word_1_158' title='bbox 1169 3158 1321 3232; x_wconf 86' lang='lat' dir='ltr'><strong>viderim</strong></span> <span class='ocrx_word' id='word_1_159' title='bbox 1348 3158 1384 3229; x_wconf 90' lang='lat' dir='ltr'><strong>iu</strong></span> <span class='ocrx_word' id='word_1_160' title='bbox 1409 3158 1496 3251; x_wconf 85' lang='lat' dir='ltr'><strong>vita,</strong></span> <span class='ocrx_word' id='word_1_161' title='bbox 1522 3158 1693 3254; x_wconf 84' lang='lat' dir='ltr'><strong>intellige,</strong></span> <span class='ocrx_word' id='word_1_162' title='bbox 1726 3158 1878 3254; x_wconf 84' lang='lat' dir='ltr'><strong>dignum</strong></span> 
     </span>
     <span class='ocr_line' id='line_1_20' title="bbox 705 3278 1885 3374; baseline 0 -21"><span class='ocrx_word' id='word_1_163' title='bbox 705 3285 805 3374; x_wconf 85' lang='lat' dir='ltr'><strong>uota,</strong></span> <span class='ocrx_word' id='word_1_164' title='bbox 830 3278 877 3353; x_wconf 87' lang='lat' dir='ltr'><strong>de</strong></span> <span class='ocrx_word' id='word_1_165' title='bbox 902 3300 978 3373; x_wconf 91' lang='lat' dir='ltr'><strong>quo</strong></span> <span class='ocrx_word' id='word_1_166' title='bbox 1002 3278 1112 3353; x_wconf 82' lang='lat' dir='ltr'><strong>uelim</strong></span> <span class='ocrx_word' id='word_1_167' title='bbox 1140 3278 1261 3353; x_wconf 87' lang='lat' dir='ltr'><strong>lacere</strong></span> <span class='ocrx_word' id='word_1_168' title='bbox 1286 3278 1530 3373; x_wconf 84' lang='lat' dir='ltr'><strong>memoriam3</strong></span> <span class='ocrx_word' id='word_1_169' title='bbox 1557 3285 1595 3353; x_wconf 93' lang='lat' dir='ltr'><strong>et</strong></span> <span class='ocrx_word' id='word_1_170' title='bbox 1620 3285 1744 3353; x_wconf 90' lang='lat' dir='ltr'><strong>tamen</strong></span> <span class='ocrx_word' id='word_1_171' title='bbox 1769 3278 1885 3353; x_wconf 89' lang='lat' dir='ltr'><strong>ollert</strong></span> 
     </span>
     <span class='ocr_line' id='line_1_21' title="bbox 702 3398 1877 3493; baseline -0.003 -17"><span class='ocrx_word' id='word_1_172' title='bbox 702 3420 743 3475; x_wconf 87' lang='lat' dir='ltr'><strong>se</strong></span> <span class='ocrx_word' id='word_1_173' title='bbox 768 3407 886 3476; x_wconf 93' lang='lat' dir='ltr'><strong>totum</strong></span> <span class='ocrx_word' id='word_1_174' title='bbox 913 3399 959 3474; x_wconf 92' lang='lat' dir='ltr'><strong>ad</strong></span> <span class='ocrx_word' id='word_1_175' title='bbox 985 3406 1071 3474; x_wconf 87' lang='lat' dir='ltr'><strong>vota</strong></span> <span class='ocrx_word' id='word_1_176' title='bbox 1100 3420 1232 3474; x_wconf 91' lang='lat' dir='ltr'><strong>eorum</strong></span> <span class='ocrx_word' id='word_1_177' title='bbox 1267 3418 1313 3473; x_wconf 88' lang='lat' dir='ltr'><strong>err</strong></span> <span class='ocrx_word' id='word_1_178' title='bbox 1339 3398 1503 3493; x_wconf 88' lang='lat' dir='ltr'><strong>caritate,</strong></span> <span class='ocrx_word' id='word_1_179' title='bbox 1529 3398 1674 3474; x_wconf 90' lang='lat' dir='ltr'><strong>diceus:</strong></span> <span class='ocrx_word' id='word_1_180' title='bbox 1706 3420 1765 3472; x_wconf 87' lang='lat' dir='ltr'><strong>mo</strong></span> <span class='ocrx_word' id='word_1_181' title='bbox 1790 3420 1827 3473; x_wconf 83' lang='lat' dir='ltr'><strong>se</strong></span> <span class='ocrx_word' id='word_1_182' title='bbox 1853 3422 1877 3473; x_wconf 92' lang='lat' dir='ltr'><strong>o</strong></span> 
     </span>
     <span class='ocr_line' id='line_1_22' title="bbox 703 3520 1883 3615; baseline 0 -21"><span class='ocrx_word' id='word_1_183' title='bbox 703 3524 761 3594; x_wconf 82' lang='lat' dir='ltr'><strong>uoi</strong></span> <span class='ocrx_word' id='word_1_184' title='bbox 778 3524 882 3613; x_wconf 75' lang='lat' dir='ltr'><strong>piace</strong></span> <span class='ocrx_word' id='word_1_185' title='bbox 901 3541 985 3593; x_wconf 87' lang='lat' dir='ltr'><strong>ooso</strong></span> <span class='ocrx_word' id='word_1_186' title='bbox 1001 3522 1052 3592; x_wconf 82' lang='lat' dir='ltr'><strong>cb·</strong></span> <span class='ocrx_word' id='word_1_187' title='bbox 1064 3523 1099 3593; x_wconf 85' lang='lat' dir='ltr'><strong>io</strong></span> <span class='ocrx_word' id='word_1_188' title='bbox 1110 3540 1236 3612; x_wconf 85' lang='lat' dir='ltr'><strong>possa,</strong></span> <span class='ocrx_word' id='word_1_189' title='bbox 1253 3522 1368 3613; x_wconf 81' lang='lat' dir='ltr'><strong>spiriti</strong></span> <span class='ocrx_word' id='word_1_190' title='bbox 1386 3521 1449 3591; x_wconf 78' lang='lat' dir='ltr'><strong>beo</strong></span> <span class='ocrx_word' id='word_1_191' title='bbox 1470 3522 1557 3610; x_wconf 81' lang='lat' dir='ltr'><strong>noti,</strong></span> <span class='ocrx_word' id='word_1_192' title='bbox 1578 3525 1772 3615; x_wconf 86' lang='lat' dir='ltr'><strong>postquam</strong></span> <span class='ocrx_word' id='word_1_193' title='bbox 1791 3520 1883 3595; x_wconf 81' lang='lat' dir='ltr'><strong>estis</strong></span> 
     </span>
     <span class='ocr_line' id='line_1_23' title="bbox 701 3632 1882 3736; baseline -0.002 -19"><span class='ocrx_word' id='word_1_194' title='bbox 701 3641 842 3736; x_wconf 84' lang='lat' dir='ltr'><strong>salvati,</strong></span> <span class='ocrx_word' id='word_1_195' title='bbox 869 3644 927 3715; x_wconf 82' lang='lat' dir='ltr'><strong>vot</strong></span> <span class='ocrx_word' id='word_1_196' title='bbox 950 3644 1031 3733; x_wconf 80' lang='lat' dir='ltr'><strong>dite,</strong></span> <span class='ocrx_word' id='word_1_197' title='bbox 1049 3644 1094 3714; x_wconf 84' lang='lat' dir='ltr'><strong>ed</strong></span> <span class='ocrx_word' id='word_1_198' title='bbox 1115 3645 1152 3714; x_wconf 85' lang='lat' dir='ltr'><strong>to</strong></span> <span class='ocrx_word' id='word_1_199' title='bbox 1174 3632 1273 3736; x_wconf 78' lang='lat' dir='ltr'><strong>surb,</strong></span> <span class='ocrx_word' id='word_1_200' title='bbox 1299 3639 1385 3734; x_wconf 89' lang='lat' dir='ltr'><strong>quia</strong></span> <span class='ocrx_word' id='word_1_201' title='bbox 1402 3638 1573 3714; x_wconf 87' lang='lat' dir='ltr'><strong>videmini</strong></span> <span class='ocrx_word' id='word_1_202' title='bbox 1602 3639 1689 3712; x_wconf 90' lang='lat' dir='ltr'><strong>mihi</strong></span> <span class='ocrx_word' id='word_1_203' title='bbox 1716 3640 1784 3713; x_wconf 85' lang='lat' dir='ltr'><strong>viri</strong></span> <span class='ocrx_word' id='word_1_204' title='bbox 1810 3641 1882 3715; x_wconf 89' lang='lat' dir='ltr'><strong>bo·</strong></span> 
     </span>
     <span class='ocr_line' id='line_1_24' title="bbox 702 3758 1876 3857; baseline -0.005 -19"><span class='ocrx_word' id='word_1_205' title='bbox 702 3760 898 3855; x_wconf 88' lang='lat' dir='ltr'><strong>norabiles,</strong></span> <span class='ocrx_word' id='word_1_206' title='bbox 924 3768 961 3836; x_wconf 96' lang='lat' dir='ltr'><strong>et</strong></span> <span class='ocrx_word' id='word_1_207' title='bbox 988 3762 1102 3857; x_wconf 86' lang='lat' dir='ltr'><strong>jurat,</strong></span> <span class='ocrx_word' id='word_1_208' title='bbox 1136 3782 1203 3853; x_wconf 84' lang='lat' dir='ltr'><strong>per</strong></span> <span class='ocrx_word' id='word_1_209' title='bbox 1233 3762 1346 3851; x_wconf 83' lang='lat' dir='ltr'><strong>puello</strong></span> <span class='ocrx_word' id='word_1_210' title='bbox 1372 3780 1473 3853; x_wconf 79' lang='lat' dir='ltr'><strong>pore,</strong></span> <span class='ocrx_word' id='word_1_211' title='bbox 1512 3758 1658 3854; x_wconf 88' lang='lat' dir='ltr'><strong>scilicet,</strong></span> <span class='ocrx_word' id='word_1_212' title='bbox 1684 3765 1876 3853; x_wconf 70' lang='lat' dir='ltr'><strong>aeternam,</strong></span> 
     </span>
     <span class='ocr_line' id='line_1_25' title="bbox 700 3879 1876 3976; baseline -0.004 -20"><span class='ocrx_word' id='word_1_213' title='bbox 700 3886 761 3956; x_wconf 79' lang='lat' dir='ltr'><strong>clu</strong></span> <span class='ocrx_word' id='word_1_214' title='bbox 785 3885 834 3956; x_wconf 82' lang='lat' dir='ltr'><strong>mi</strong></span> <span class='ocrx_word' id='word_1_215' title='bbox 856 3885 889 3954; x_wconf 81' lang='lat' dir='ltr'><strong>si</strong></span> <span class='ocrx_word' id='word_1_216' title='bbox 915 3885 995 3976; x_wconf 86' lang='lat' dir='ltr'><strong>soce</strong></span> <span class='ocrx_word' id='word_1_217' title='bbox 1018 3902 1156 3970; x_wconf 84' lang='lat' dir='ltr'><strong>cereor,</strong></span> <span class='ocrx_word' id='word_1_218' title='bbox 1182 3900 1268 3955; x_wconf 91' lang='lat' dir='ltr'><strong>cum</strong></span> <span class='ocrx_word' id='word_1_219' title='bbox 1303 3886 1357 3955; x_wconf 91' lang='lat' dir='ltr'><strong>tot</strong></span> <span class='ocrx_word' id='word_1_220' title='bbox 1385 3879 1584 3973; x_wconf 88' lang='lat' dir='ltr'><strong>laboribus,</strong></span> <span class='ocrx_word' id='word_1_221' title='bbox 1615 3882 1653 3953; x_wconf 85' lang='lat' dir='ltr'><strong>di</strong></span> <span class='ocrx_word' id='word_1_222' title='bbox 1683 3882 1812 3952; x_wconf 79' lang='lat' dir='ltr'><strong>mondo</strong></span> <span class='ocrx_word' id='word_1_223' title='bbox 1837 3881 1876 3951; x_wconf 81' lang='lat' dir='ltr'><strong>iu</strong></span> 
     </span>
     <span class='ocr_line' id='line_1_26' title="bbox 699 3999 1877 4096; baseline -0.004 -19"><span class='ocrx_word' id='word_1_224' title='bbox 699 4006 841 4094; x_wconf 79' lang='lat' dir='ltr'><strong>mondo,</strong></span> <span class='ocrx_word' id='word_1_225' title='bbox 854 4000 941 4096; x_wconf 90' lang='lat' dir='ltr'><strong>quia</strong></span> <span class='ocrx_word' id='word_1_226' title='bbox 959 4000 1078 4096; x_wconf 92' lang='lat' dir='ltr'><strong>primo</strong></span> <span class='ocrx_word' id='word_1_227' title='bbox 1094 3999 1311 4096; x_wconf 88' lang='lat' dir='ltr'><strong>percucurri</strong></span> <span class='ocrx_word' id='word_1_228' title='bbox 1331 4020 1488 4095; x_wconf 85' lang='lat' dir='ltr'><strong>reguum</strong></span> <span class='ocrx_word' id='word_1_229' title='bbox 1509 4007 1759 4095; x_wconf 89' lang='lat' dir='ltr'><strong>peccatorum,</strong></span> <span class='ocrx_word' id='word_1_230' title='bbox 1775 4018 1877 4073; x_wconf 81' lang='lat' dir='ltr'><strong>nuuc</strong></span> 
     </span>
    </p>
   </div>
   <div class='ocr_carea' id='block_1_4' title="bbox 698 4120 1995 4221">
    <p class='ocr_par' dir='ltr' id='par_1_4' title="bbox 698 4120 1995 4221">
     <span class='ocr_line' id='line_1_27' title="bbox 698 4120 1995 4221; baseline -0.003 -24"><span class='ocrx_word' id='word_1_231' title='bbox 698 4144 879 4221; x_wconf 88' lang='lat' dir='ltr'><strong>percurro</strong></span> <span class='ocrx_word' id='word_1_232' title='bbox 913 4142 1070 4217; x_wconf 84' lang='lat' dir='ltr'><strong>reguum</strong></span> <span class='ocrx_word' id='word_1_233' title='bbox 1102 4120 1369 4216; x_wconf 87' lang='lat' dir='ltr'><strong>poeniteutium,</strong></span> <span class='ocrx_word' id='word_1_234' title='bbox 1403 4127 1446 4193; x_wconf 90' lang='lat' dir='ltr'><strong>ut</strong></span> <span class='ocrx_word' id='word_1_235' title='bbox 1479 4121 1531 4194; x_wconf 89' lang='lat' dir='ltr'><strong>sic</strong></span> <span class='ocrx_word' id='word_1_236' title='bbox 1564 4120 1711 4195; x_wconf 89' lang='lat' dir='ltr'><strong>taudem</strong></span> <span class='ocrx_word' id='word_1_237' title='bbox 1741 4138 1879 4215; x_wconf 86' lang='lat' dir='ltr'><strong>perve-</strong></span> <span class='ocrx_word' id='word_1_238' title='bbox 1987 4202 1995 4217; x_wconf 52' lang='grc'><strong>,</strong></span> 
     </span>
    </p>
   </div>
   <div class='ocr_carea' id='block_1_5' title="bbox 695 4240 1942 4823">
    <p class='ocr_par' dir='ltr' id='par_1_5' title="bbox 697 4240 1880 4461">
     <span class='ocr_line' id='line_1_28' title="bbox 698 4240 1880 4340; baseline -0.002 -21"><span class='ocrx_word' id='word_1_239' title='bbox 698 4245 796 4320; x_wconf 89' lang='lat' dir='ltr'><strong>uiam</strong></span> <span class='ocrx_word' id='word_1_240' title='bbox 823 4243 870 4318; x_wconf 88' lang='lat' dir='ltr'><strong>ad</strong></span> <span class='ocrx_word' id='word_1_241' title='bbox 902 4262 1059 4340; x_wconf 83' lang='lat' dir='ltr'><strong>regnum</strong></span> <span class='ocrx_word' id='word_1_242' title='bbox 1089 4243 1297 4335; x_wconf 88' lang='lat' dir='ltr'><strong>beatorum,</strong></span> <span class='ocrx_word' id='word_1_243' title='bbox 1332 4244 1443 4316; x_wconf 79' lang='lat' dir='ltr'><strong>dietro</strong></span> <span class='ocrx_word' id='word_1_244' title='bbox 1478 4244 1512 4313; x_wconf 82' lang='grc' dir='ltr'><strong>α’</strong></span> <span class='ocrx_word' id='word_1_245' title='bbox 1526 4244 1633 4334; x_wconf 79' lang='lat' dir='ltr'><strong>pierii,</strong></span> <span class='ocrx_word' id='word_1_246' title='bbox 1659 4240 1761 4334; x_wconf 82' lang='lat' dir='ltr'><strong>idest,</strong></span> <span class='ocrx_word' id='word_1_247' title='bbox 1794 4246 1880 4335; x_wconf 86' lang='lat' dir='ltr'><strong>post.</strong></span> 
     </span>
     <span class='ocr_line' id='line_1_29' title="bbox 697 4357 1875 4461; baseline -0.01 -18"><span class='ocrx_word' id='word_1_248' title='bbox 697 4364 861 4461; x_wconf 83' lang='lat' dir='ltr'><strong>vestigia,</strong></span> <span class='ocrx_word' id='word_1_249' title='bbox 887 4368 925 4439; x_wconf 81' lang='lat' dir='ltr'><strong>di</strong></span> <span class='ocrx_word' id='word_1_250' title='bbox 948 4357 978 4438; x_wconf 82' lang='lat' dir='ltr'><strong>si</strong></span> <span class='ocrx_word' id='word_1_251' title='bbox 999 4358 1091 4459; x_wconf 67' lang='lat' dir='ltr'><strong>sotto</strong></span> <span class='ocrx_word' id='word_1_252' title='bbox 1114 4364 1238 4455; x_wconf 77' lang='lat' dir='ltr'><strong>paldo,</strong></span> <span class='ocrx_word' id='word_1_253' title='bbox 1263 4362 1366 4457; x_wconf 87' lang='lat' dir='ltr'><strong>idest,</strong></span> <span class='ocrx_word' id='word_1_254' title='bbox 1394 4369 1469 4437; x_wconf 93' lang='lat' dir='ltr'><strong>tam</strong></span> <span class='ocrx_word' id='word_1_255' title='bbox 1500 4362 1710 4437; x_wconf 87' lang='lat' dir='ltr'><strong>excellentis</strong></span> <span class='ocrx_word' id='word_1_256' title='bbox 1740 4368 1875 4457; x_wconf 84' lang='lat' dir='ltr'><strong>poetae..</strong></span> 
     </span>
    </p>

    <p class='ocr_par' dir='ltr' id='par_1_6' title="bbox 695 4476 1942 4823">
     <span class='ocr_line' id='line_1_30' title="bbox 770 4476 1870 4580; baseline -0.006 -19"><span class='ocrx_word' id='word_1_257' title='bbox 770 4492 814 4561; x_wconf 80' lang='lat' dir='ltr'><strong>Et</strong></span> <span class='ocrx_word' id='word_1_258' title='bbox 837 4507 907 4560; x_wconf 84' lang='lat' dir='ltr'><strong>ooo</strong></span> <span class='ocrx_word' id='word_1_259' title='bbox 931 4476 1147 4558; x_wconf 68' lang='lat' dir='ltr'><strong>incomincia).</strong></span> <span class='ocrx_word' id='word_1_260' title='bbox 1179 4484 1250 4557; x_wconf 93' lang='lat' dir='ltr'><strong>lsta</strong></span> <span class='ocrx_word' id='word_1_261' title='bbox 1281 4489 1336 4559; x_wconf 90' lang='lat' dir='ltr'><strong>est</strong></span> <span class='ocrx_word' id='word_1_262' title='bbox 1370 4484 1476 4558; x_wconf 90' lang='lat' dir='ltr'><strong>tertia</strong></span> <span class='ocrx_word' id='word_1_263' title='bbox 1509 4504 1594 4580; x_wconf 92' lang='lat' dir='ltr'><strong>pars</strong></span> <span class='ocrx_word' id='word_1_264' title='bbox 1624 4482 1805 4580; x_wconf 82' lang='lat' dir='ltr'><strong>generalis</strong></span> <span class='ocrx_word' id='word_1_265' title='bbox 1833 4481 1870 4554; x_wconf 92' lang='lat' dir='ltr'><strong>iu</strong></span> 
     </span>
     <span class='ocr_line' id='line_1_31' title="bbox 698 4603 1942 4703; baseline -0.002 -20"><span class='ocrx_word' id='word_1_266' title='bbox 698 4627 773 4703; x_wconf 81' lang='lat' dir='ltr'><strong>qua</strong></span> <span class='ocrx_word' id='word_1_267' title='bbox 798 4614 906 4703; x_wconf 92' lang='lat' dir='ltr'><strong>poeta</strong></span> <span class='ocrx_word' id='word_1_268' title='bbox 925 4607 1001 4702; x_wconf 85' lang='lat' dir='ltr'><strong>agit</strong></span> <span class='ocrx_word' id='word_1_269' title='bbox 1027 4612 1064 4681; x_wconf 93' lang='lat' dir='ltr'><strong>et</strong></span> <span class='ocrx_word' id='word_1_270' title='bbox 1088 4611 1221 4680; x_wconf 86' lang='lat' dir='ltr'><strong>tractat</strong></span> <span class='ocrx_word' id='word_1_271' title='bbox 1236 4605 1283 4680; x_wconf 91' lang='lat' dir='ltr'><strong>de</strong></span> <span class='ocrx_word' id='word_1_272' title='bbox 1302 4626 1376 4679; x_wconf 91' lang='lat' dir='ltr'><strong>uuo</strong></span> <span class='ocrx_word' id='word_1_273' title='bbox 1394 4605 1521 4700; x_wconf 88' lang='lat' dir='ltr'><strong>spiritu</strong></span> <span class='ocrx_word' id='word_1_274' title='bbox 1540 4604 1719 4679; x_wconf 87' lang='lat' dir='ltr'><strong>moderno</strong></span> <span class='ocrx_word' id='word_1_275' title='bbox 1734 4603 1772 4675; x_wconf 91' lang='lat' dir='ltr'><strong>iu</strong></span> <span class='ocrx_word' id='word_1_276' title='bbox 1789 4622 1875 4697; x_wconf 91' lang='lat' dir='ltr'><strong>spe·</strong></span> <span class='ocrx_word' id='word_1_277' title='bbox 1938 4672 1942 4681; x_wconf 89' lang='lat'><em>.</em></span> 
     </span>
     <span class='ocr_line' id='line_1_32' title="bbox 695 4724 1872 4823; baseline -0.006 -20"><span class='ocrx_word' id='word_1_278' title='bbox 695 4728 789 4823; x_wconf 83' lang='lat' dir='ltr'><strong>ciali,</strong></span> <span class='ocrx_word' id='word_1_279' title='bbox 816 4728 880 4823; x_wconf 85' lang='lat' dir='ltr'><strong>qui</strong></span> <span class='ocrx_word' id='word_1_280' title='bbox 907 4726 1118 4821; x_wconf 84' lang='lat' dir='ltr'><strong>procurarit</strong></span> <span class='ocrx_word' id='word_1_281' title='bbox 1143 4726 1208 4801; x_wconf 90' lang='lat' dir='ltr'><strong>sibi</strong></span> <span class='ocrx_word' id='word_1_282' title='bbox 1231 4733 1389 4801; x_wconf 90' lang='lat' dir='ltr'><strong>mortem</strong></span> <span class='ocrx_word' id='word_1_283' title='bbox 1417 4746 1483 4800; x_wconf 93' lang='lat' dir='ltr'><strong>sua</strong></span> <span class='ocrx_word' id='word_1_284' title='bbox 1511 4725 1728 4801; x_wconf 90' lang='lat' dir='ltr'><strong>temeritate.</strong></span> <span class='ocrx_word' id='word_1_285' title='bbox 1755 4726 1799 4798; x_wconf 88' lang='lat' dir='ltr'><strong>Et</strong></span> <span class='ocrx_word' id='word_1_286' title='bbox 1824 4724 1872 4797; x_wconf 86' lang='lat' dir='ltr'><strong>ad</strong></span> 
     </span>
    </p>
   </div>
   <div class='ocr_carea' id='block_1_6' title="bbox 755 4958 1613 5100">
    <p class='ocr_par' dir='ltr' id='par_1_7' title="bbox 755 4958 1613 5100">
     <span class='ocr_line' id='line_1_33' title="bbox 765 4958 888 4985; baseline 0 -12"><span class='ocrx_word' id='word_1_287' title='bbox 765 4958 773 4985; x_wconf 79' lang='lat'><em>‚</em></span> <span class='ocrx_word' id='word_1_288' title='bbox 882 4961 888 4973; x_wconf 90' lang='lat'><strong>.</strong></span> 
     </span>
     <span class='ocr_line' id='line_1_34' title="bbox 755 4960 1613 5100; baseline 0 -16"><span class='ocrx_word' id='word_1_289' title='bbox 755 4962 783 5096; x_wconf 53' lang='lat'><strong>{¹}</strong></span> <span class='ocrx_word' id='word_1_290' title='bbox 799 4960 830 5085; x_wconf 56' lang='grc' dir='ltr'>ξ</span> <span class='ocrx_word' id='word_1_291' title='bbox 847 4961 1030 5100; x_wconf 49' lang='grc' dir='ltr'><strong>ἑξείὲίςηιήι</strong></span> <span class='ocrx_word' id='word_1_292' title='bbox 1045 5036 1127 5085; x_wconf 84' lang='lat' dir='ltr'><strong>rideri</strong></span> <span class='ocrx_word' id='word_1_293' title='bbox 1144 5035 1211 5085; x_wconf 89' lang='lat' dir='ltr'><strong>rellc</strong></span> <span class='ocrx_word' id='word_1_294' title='bbox 1227 5048 1275 5085; x_wconf 85' lang='lat' dir='ltr'><strong>uos</strong></span> <span class='ocrx_word' id='word_1_295' title='bbox 1292 5035 1379 5085; x_wconf 83' lang='lat' dir='ltr'><strong>ridere</strong></span> <span class='ocrx_word' id='word_1_296' title='bbox 1395 5034 1437 5085; x_wconf 82' lang='lat' dir='ltr'><strong>rel</strong></span> <span class='ocrx_word' id='word_1_297' title='bbox 1454 5035 1552 5087; x_wconf 78' lang='lat' dir='ltr'><strong>audire.</strong></span> <span class='ocrx_word' id='word_1_298' title='bbox 1571 5034 1613 5084; x_wconf 82' lang='lat' dir='ltr'><strong>lit.</strong></span> 
     </span>
    </p>
   </div>
   <div class='ocr_carea' id='block_1_7' title="bbox 755 5111 1390 5175">
    <p class='ocr_par' dir='ltr' id='par_1_8' title="bbox 755 5111 1390 5175">
     <span class='ocr_line' id='line_1_35' title="bbox 755 5111 1390 5175; baseline 0.003 -15"><span class='ocrx_word' id='word_1_299' title='bbox 755 5112 781 5175; x_wconf 74' lang='lat'><strong>(’)</strong></span> <span class='ocrx_word' id='word_1_300' title='bbox 798 5111 828 5162; x_wconf 84' lang='grc' dir='ltr'><strong>Ε.</strong></span> <span class='ocrx_word' id='word_1_301' title='bbox 845 5112 943 5163; x_wconf 81' lang='lat' dir='ltr'><strong>audivit</strong></span> <span class='ocrx_word' id='word_1_302' title='bbox 958 5117 1126 5175; x_wconf 83' lang='lat' dir='ltr'><strong>peccatorum</strong></span> <span class='ocrx_word' id='word_1_303' title='bbox 1142 5113 1221 5165; x_wconf 81' lang='lat' dir='ltr'><strong>rerba</strong></span> <span class='ocrx_word' id='word_1_304' title='bbox 1239 5124 1390 5175; x_wconf 84' lang='lat' dir='ltr'><strong>paucorum.</strong></span> 
     </span>
    </p>
   </div>
   <div class='ocr_carea' id='block_1_8' title="bbox 0 0 2276 6842">
    <p class='ocr_par' dir='ltr' id='par_1_9' title="bbox 0 0 2276 6842">
     <span class='ocr_line' id='line_1_36' title="bbox 0 0 2276 6842; baseline 0 4"><span class='ocrx_word' id='word_1_305' title='bbox 0 0 2276 6842; x_wconf 95' lang='lat' dir='ltr'><strong> </strong></span> 
     </span>
    </p>
   </div>
  </div>
 </body>
</html>
