4542 6842
806 958 946 1015 CANTUS
969 960 1114 1016 surum
1480 949 1546 1016 171

325 1142 334 1157 ι
373 1100 462 1176 bant
487 1122 528 1179 se
551 1102 589 1177 in
614 1103 774 1199 castello,
791 1104 891 1200 quod
907 1104 1040 1181 dicitur
1065 1105 1231 1182 llondine
1255 1106 1292 1181 in
1320 1106 1420 1183 Valle
1444 1106 1547 1203 Arni,

373 1222 550 1317 equitavit
574 1230 704 1299 contra
728 1224 832 1321 illos3
858 1233 1007 1301 etcum
1034 1234 1323 1323 persequeretur
1354 1229 1546 1325 quosdam,

373 1361 493 1438 equus
518 1344 622 1419 tortis
646 1347 906 1442 transportavit
931 1348 1050 1443 ipsum
1077 1348 1114 1421 in
1144 1350 1300 1445 Arnum,
1325 1355 1363 1425 et
1388 1350 1547 1427 suffoca·

373 1470 433 1537 tus
457 1471 514 1540 est
537 1465 575 1539 in
600 1466 761 1561 quodam
781 1467 920 1564 pelago.
939 1468 1053 1543 Cuius
1073 1489 1208 1565 corpus
1221 1470 1312 1545 ‘inde
1337 1476 1545 1558 extractum

360 1584 505 1664 ⁴Bostoli
530 1583 728 1661 ludibriose
747 1586 946 1684 sagiptasse
965 1587 1161 1682 dicuntur3
1188 1597 1412 1685 quapropter
1437 1612 1543 1667 acer-

371 1703 463 1777 bum
487 1704 614 1778 odium
639 1711 769 1781 natum
795 1682 970 1782 est⁸inter
995 1714 1128 1803 partes.
1150 1706 1242 1783 Dicit
1267 1727 1358 1805 ergo
1383 1710 1498 1785 benc:
1524 1732 1543 1784 e

371 1826 395 1898 t
407 1827 514 1917 duo,
539 1826 687 1921 scilicet,
712 1827 887 1922 aretinus,
904 1830 965 1901 cbo
989 1821 1141 1918 aunepd,
1163 1826 1309 1921 scilicet,
1330 1826 1368 1901 in
1393 1829 1545 1905 flumine

370 1943 473 2039 Arni,
498 1950 674 2020 comendo
698 1950 736 2021 iu
760 1951 891 2040 coeno,
908 1948 997 2022 dum
1023 1953 1311 2043 persequeretur
1333 1948 1466 2043 hostes,
1486 1948 1543 2023 vel

370 2064 421 2139 illi
452 2085 553 2143 eum.
575 2106 625 2121 —
645 2071 756 2156 (lutet.
788 2068 854 2143 llio
877 2068 991 2163 'poeta
1024 2068 1189 2143 nominat
1220 2068 1334 2142 alium
1363 2069 1541 2163 juvenem

359 2184 532 2260 nobilem
558 2194 598 2261 et
621 2193 827 2261 strenuum.
852 2188 935 2283 lste,
953 2196 995 2263 ut
1019 2188 1092 2263 cito
1116 2187 1249 2284 dicam,
1266 2188 1334 2262 luit
1360 2188 1456 2263 lilius
1476 2188 1542 2263 do·

372 2304 462 2379 mini
485 2305 661 2383 Guidonis
684 2308 825 2384 Novelli
849 2309 896 2385 de
920 2308 1115 2385 comitibus
1140 2307 1366 2384 Gnidonibus
1397 2309 1443 2384 de
1473 2308 1543 2385 Ca·

371 2424 525 2519 sentino,
551 2448 664 2521 quem
690 2427 821 2503 occidit
845 2427 994 2523 quidam
1018 2428 1244 2523 Fumaiolus,
1275 2428 1332 2504 vel
1365 2429 1542 2504 Fornaio-

368 2544 430 2619 lus
453 2545 549 2621 lilius
568 2548 707 2621 domini
719 2547 857 2630 Alberti
870 2548 917 2623 de
938 2548 1091 2623 Bostolis
1107 2548 1298 2644 praedictis.
1317 2550 1410 2625 Dicit
1429 2570 1536 2647 ergo:

369 2670 541 2760 Feden'po
565 2672 710 2742 Novello
728 2690 894 2763 propono
924 2673 1031 2762 quint,
1057 2670 1152 2745 inter
1165 2663 1203 2763 (¹)
1235 2672 1324 2745 alios
1355 2677 1539 2766 rogantem,

368 2808 435 2861 con
460 2791 491 2860 te
515 2792 614 2861 mani
645 2797 774 2882 oporte,
807 2790 910 2885 idest,
940 2790 1120 2885 expansis,
1149 2798 1190 2864 ut
1221 2810 1393 2887 rogarem
1427 2792 1537 2865 etiam

369 2930 437 3005 pro
474 2930 531 2984 eo.
565 2910 609 2983 Et
629 2924 718 2985 ‘non
752 2910 892 3005 credas,
926 2910 1026 3005 quod
1058 2918 1169 2986 autor
1202 2911 1446 3007 nominaverit
1480 2910 1537 2987 bic

368 3029 479 3103 istum
506 3030 684 3125 juvenem
710 3032 777 3106 nisi
811 3033 910 3126 quia,
935 3032 1029 3106 sicut
1060 3039 1099 3107 et
1135 3032 1196 3107 ille
1228 3031 1275 3107 de
1312 3034 1420 3107 Petra
1446 3033 1537 3108 Mala

368 3150 436 3224 luit
450 3151 611 3225 multum
637 3152 785 3248 probus.
802 3153 848 3225 Et
873 3151 987 3249 tangit
1008 3134 1125 3226 alium
1143 3152 1342 3248 quemdam
1370 3152 1537 3247 spiritum

367 3270 546 3366 pisanum,
566 3292 639 3347 non
666 3279 810 3346 tantum
837 3282 879 3347 ut
903 3272 1011 3347 iaciat
1029 3271 1254 3347 mentionem
1276 3273 1322 3347 de
1342 3294 1399 3367 e0‚
1418 3294 1539 3369 quan-

367 3397 445 3464 tum
480 3398 522 3465 ut
558 3392 665 3467 iaciat
696 3393 1050 3468 commendationem
1077 3393 1123 3467 de
1153 3398 1258 3487 patre
1292 3392 1381 3469 eins.
1410 3394 1452 3466 Et
1479 3394 1537 3467 bic

365 3511 450 3586 volo
487 3518 525 3585 te
558 3521 698 3607 notare,
730 3514 830 3607 quod
859 3512 1005 3587 invenio
1033 3514 1280 3588 communiter
1312 3514 1447 3587 multos
1478 3514 1534 3587 di-

364 3637 503 3726 centes,
534 3634 633 3726 quod
667 3634 734 3709 iste
767 3634 834 3707 luit
865 3635 958 3708 alter
991 3633 1187 3709 Federicus
1220 3634 1385 3728 pisanus,
1419 3654 1530 3729 quern

365 3751 595 3826 llarciucbus
628 3759 730 3849 pater
755 3753 892 3828 domini
918 3754 1090 3853 lobannis
1120 3753 1347 3851 Scornigiani
1381 3754 1533 3829 terribili

364 3871 439 3947 ictu
468 3872 659 3966 interiecit,
694 3874 780 3967 quia
812 3874 872 3949 ille
900 3874 1048 3969 pisanus
1080 3874 1263 3949 occiderat
1292 3874 1407 3949 lilium
1444 3875 1534 3949 eins.

363 3992 440 4089 ligo
466 4000 589 4068 tamen
614 3994 736 4069 audiri
754 4016 777 4069 a
798 3994 895 4069 bono
911 3994 1080 4070 Boccatio
1099 3994 1147 4069 de
1167 3995 1347 4088 Certald0‚
1368 3995 1428 4069 cui
1451 3995 1532 4090 plus

362 4112 484 4207 credo,
511 4113 610 4209 quod
634 4115 864 4190 Marciucbus
896 4114 964 4188 tuit
994 4114 1143 4208 quidam
1179 4115 1297 4189 bonus
1322 4114 1379 4189 vir
1413 4115 1449 4189 in
1481 4116 1534 4191 ci·

362 4232 473 4308 ritate
489 4234 655 4307 Pisarum
670 4226 721 4327 (¹),
738 4233 937 4309 iraticellus
952 4234 999 4309 de
1015 4234 1126 4309 domo
1140 4225 1190 4329 (³),
1209 4234 1268 4342 cui
1290 4254 1415 4309 comes
1433 4237 1532 4331 ugo-

361 4351 457 4426 linus
482 4360 659 4449 tyrannus
684 4354 768 4428 iecit
789 4354 951 4429 truncari
964 4342 1001 4446 (⁴)
1021 4360 1144 4449 caput,
1162 4360 1200 4429 et
1218 4354 1413 4449 mandavit,
1433 4356 1531 4449 quod

360 4492 496 4568 eorpus
521 4474 793 4568 relinqueretur
817 4474 1051 4569 insepultum.
1070 4473 1141 4548 Sed
1163 4473 1231 4548 iste
1256 4475 1466 4573 paterculus
1485 4476 1532 4552 de

360 4612 445 4668 sero
478 4594 665 4669 humiliter
696 4594 849 4669 accessit
881 4594 928 4669 ad
959 4594 1145 4687 comitem,
1180 4600 1218 4667 et
1253 4594 1353 4667 velut
1382 4594 1531 4688 quidam

359 4706 621 4809 extraneusd),
654 4736 768 4809 quem
801 4715 989 4811 negotium
1020 4734 1094 4789 non
1126 4720 1307 4811 tangeret,
1332 4714 1422 4789 dixit
1454 4717 1536 4793 sine'

359 4833 542 4931 lacrymis,
568 4835 646 4910 sine
675 4836 799 4930 aliquo
824 4834 929 4931 siguo
956 4834 1111 4911 doloris:
1139 4834 1258 4929 Certe,
1289 4834 1446 4929 domine,
1474 4857 1533 4911 ae·

1426 4973 1532 4985 ᾖ

421 5022 449 5083 (¹)
465 5024 497 5073 E.
512 5022 610 5074 acilioet
626 5024 703 5074 iuter.
988 5025 1016 5085 Ρ)
1031 5024 1057 5074 S.
1076 5025 1174 5089 pisana.

421 5098 449 5163 (⁰)
465 5100 496 5150 ll.
513 5099 545 5151 de
560 5100 647 5161 domo,
664 5102 739 5151 culus
753 5100 808 5153 dlio
823 5114 920 5153 comen
987 5101 1014 5163 (⁸)
1031 5101 1057 5152 S.
1073 5106 1207 5153 truncare.
1270 5100 1344 5165 (⁸)B.
1360 5105 1492 5151 externus.
