4542 6842
861 928 1000 988 etms
1024 931 1155 987 Ntlltlls.
1520 924 1590 990 251

421 1072 463 1147 ln
476 1092 575 1167 ares,
597 1074 743 1171 Progne
757 1066 793 1166 (⁴)
813 1074 850 1149 in
870 1074 1115 1171 hirundinem,
1133 1062 1333 1153 Philomela
1350 1077 1387 1152 in
1402 1099 1511 1155 avem
1533 1079 1593 1153 sni

422 1192 597 1287 nominis,
616 1194 679 1269 sed
697 1194 836 1269 Tereus
852 1216 1053 1273 conversus
1073 1204 1128 1271 est
1154 1196 1192 1271 in
1216 1218 1324 1273 avem
1343 1199 1591 1295 turpissimam

418 1331 504 1407 pare
527 1312 663 1387 dicitnr
687 1334 928 1417 opopanace
952 1316 1124 1391 discurrit
1142 1337 1208 1411 per
1227 1319 1395 1414 sepulcra
1421 1327 1590 1394 mortuo-

419 1453 523 1527 rnm3
540 1434 614 1530 llys
630 1454 720 1509 vern
740 1453 834 1528 puer
850 1455 1050 1511 mnversus
1067 1444 1123 1511 est
1142 1438 1178 1511 iu
1196 1438 1424 1532 phasianum.
1441 1438 1513 1514 Sed
1529 1424 1589 1514 nl-

419 1552 509 1629 timo
534 1561 632 1648 nota,
659 1553 785 1647 lector,
812 1554 910 1650 quod
937 1576 997 1630 res
1021 1562 1183 1651 narrata,
1208 1558 1292 1635 licet
1315 1558 1458 1633 dicatur
1483 1559 1589 1634 sabu-

419 1676 507 1769 losa,
534 1681 609 1748 tota
634 1672 702 1746 luit
727 1673 874 1748 historia
901 1694 1001 1769 vera,
1028 1676 1120 1751 sicul
1146 1676 1270 1752 scribit
1294 1677 1519 1774 Augustinus
1541 1676 1589 1754 de
1673 1727 1676 1736 ι

418 1794 569 1881 Ciuitate
586 1794 663 1888 Dei,
680 1800 717 1868 et
734 1795 921 1889 HorosiuS,
941 1799 1075 1889 praeler
1092 1795 1203 1871 finem
1222 1796 1285 1871 ubi
1303 1795 1452 1893 lingitur
1470 1805 1590 1874 trans-

417 1915 586 1990 brunello
614 1915 787 2009 istorum3
804 1914 911 1990 cuius
928 1916 1080 1991 fictionis
1097 1916 1312 2014 allegoriam
1329 1938 1464 2013 ponam
1482 1918 1587 2012 inira,

416 2036 576 2131 capitulo
592 2034 682 2109 xvi.
710 2036 762 2109 Ex
788 2036 890 2110 dictis
915 2056 1007 2132 ergo
1031 2038 1130 2112 clare
1156 2043 1265 2133 patet,
1287 2058 1405 2131 quare
1429 2036 1588 2111 hirundo
1722 2126 1726 2132 .

414 2154 548 2230 dicitur
563 2176 676 2251 prope
694 2175 804 2230 mane
820 2162 971 2230 cantare
989 2155 1108 2231 tristes
1125 2156 1414 2232 lamentationes.
1434 2158 1479 2229 Et
1497 2156 1587 2231 sub-

414 2274 465 2349 dit
490 2280 597 2370 poeta
623 2276 722 2369 quod
754 2275 816 2349 tali
849 2277 940 2351 hora
969 2274 1062 2349 liunt
1093 2275 1277 2349 interdum
1309 2276 1451 2350 somnia
1482 2296 1584 2370 vera,

413 2394 555 2471 dicem:
582 2416 602 2468 e
625 2398 686 2468 cle
710 2398 746 2469 lu'
770 2402 880 2468 mente
904 2402 1027 2468 nostru
1043 2391 1105 2489 piri
1119 2400 1324 2489 peregrina,
1341 2396 1444 2490 idest,
1467 2394 1583 2493 magis

413 2524 556 2591 remota
587 2524 625 2591 et
654 2515 850 2608 abstracta,
875 2516 973 2589 dallo
1006 2536 1127 2607 corne,
1158 2515 1261 2609 idest,
1292 2536 1315 2589 a
1351 2517 1515 2591 sensibus
1546 2522 1584 2590 el

413 2636 649 2733 passionibus,
681 2636 767 2730 qnia
800 2642 890 2710 tunc
921 2635 1081 2730 perlecta
1112 2635 1313 2733 digestione
1344 2644 1383 2712 et
1411 2637 1583 2711 resolutis

414 2756 523 2831 lumis
549 2777 653 2833 mens
678 2764 732 2831 est
757 2756 874 2853 magis
899 2755 1031 2849 sobria,
1065 2777 1084 2829 e
1112 2778 1191 2830 mm
1215 2759 1278 2830 dul
1298 2760 1438 2851 permar
1457 2777 1582 2849 presa,

413 2875 515 2971 idest,
551 2876 672 2951 minus
702 2881 880 2973 occupata
905 2896 927 2951 a
957 2876 1056 2950 curis
1089 2896 1215 2951 rerum
1248 2878 1489 2970 exteriorum,
1514 2880 1584 2952 alte

412 3018 472 3071 sue
503 3002 614 3072 vision
648 3002 749 3090 quusi
780 2994 800 3071 e*
827 3000 960 3089 dimon,
991 2996 1082 3071 idest
1117 3018 1294 3095 praesaga,
1326 2999 1412 3093 quia
1445 2989 1582 3075 scilicet

413 3119 587 3213 praevidet
612 3138 701 3193 vere
725 3119 850 3193 lutura
876 3136 942 3213 per
972 3117 1169 3191 somnium.
1195 3118 1239 3190 Et
1269 3118 1328 3191 bic
1356 3126 1454 3213 nota,
1481 3120 1581 3214 quod

412 3238 580 3333 mundam
595 3246 682 3312 sunt
697 3238 838 3312 somnia
856 3237 1049 3329 naturalia,
1062 3236 1158 3311 sicut
1174 3237 1342 3311 videmus
1356 3238 1455 3331 quod
1467 3240 1580 3335 aliqui

410 3376 509 3453 saepe
533 3378 556 3431 a
581 3365 712 3433 notura
731 3358 868 3432 iaciunt
889 3356 1031 3431 somnia
1053 3376 1153 3451 vera,
1173 3356 1286 3452 aliqui
1307 3378 1453 3454 semper
1473 3360 1579 3454 falsa,

410 3464 578 3573 quedam
607 3484 693 3551 sunt
718 3476 891 3570 bestialia,
917 3475 1010 3550 sicin
1032 3476 1091 3551 illa
1107 3496 1193 3571 qnae
1217 3478 1439 3571 proveniunt
1458 3499 1480 3552 a
1497 3500 1581 3554 cra·

409 3599 497 3695 pule
524 3599 582 3673 vel
607 3598 808 3693 ebrietate,
834 3596 1003 3693 quaednm
1030 3618 1120 3672 vero
1146 3604 1232 3672 sunt
1256 3597 1469 3693 spiritualia,
1494 3620 1580 3693 qnae

411 3720 503 3794 liunt
529 3718 752 3794 revelatione
776 3716 908 3793 divina.
923 3724 1030 3793 -Ει
1052 3740 1157 3791 esser.
1183 3717 1248 3792 llic
1278 3725 1385 3813 poeta
1409 3719 1580 3793 describit

409 3842 532 3917 locum
559 3847 596 3915 et
622 3839 773 3913 modum
800 3839 855 3912 sui
884 3844 1009 3933 raptus
1035 3858 1100 3934 per
1127 3859 1241 3913 unam
1266 3839 1580 3934 comparationem

409 3961 580 4036 nobilem.
606 3960 659 4033 nd
686 3958 791 4034 cuius
821 3958 1093 4054 intelligentiam
1120 3958 1231 4033 deboe
1255 3959 1361 4052 scire,
1393 3958 1504 4052 qnod,
1536 3965 1579 4031 ut

407 4080 551 4178 fingunt
575 4088 692 4177 poeta
718 4087 755 4155 et
778 4078 892 4177 graeci
917 4089 955 4155 et
978 4078 1089 4173 latini,
1106 4078 1336 4175 Ganymedes
1361 4077 1456 4151 lilius
1481 4079 1579 4174 regis

407 4203 635 4277 troianorum
662 4220 748 4275 cnm
776 4200 899 4274 ivisset
924 4219 1011 4273 cnm
1035 4200 1142 4275 sociis
1158 4200 1196 4273 in
1212 4198 1444 4273 venationem
1471 4204 1578 4273 extra

407 4323 564 4417 Troiam,
589 4341 676 4397 ecce
700 4319 835 4416 aquila,
853 4338 938 4414 quae
953 4318 1085 4393 dieitur
1104 4318 1183 4394 aris
1199 4318 1309 4412 lovis,
1327 4317 1447 4391 subito
1471 4318 1576 4393 illum

407 4448 553 4538 raptum
579 4442 737 4537 portavit
761 4440 798 4513 in
824 4440 973 4533 coelum,
999 4438 1062 4512 ubi
1094 4438 1212 4513 iactus
1239 4436 1373 4512 dicitur
1403 4438 1578 4533 pincerna

405 4562 513 4637 lovis.
543 4561 659 4635 liuius
691 4558 844 4637 fictionis
879 4558 1014 4635 veritas
1048 4563 1113 4652 est,
1146 4564 1326 4651 quantum
1361 4564 1500 4651 spectat
1528 4555 1577 4631 art

406 4691 571 4758 nostrum
597 4681 835 4779 propositum,
858 4680 957 4775 qnod
982 4678 1149 4773 luppiter
1167 4684 1296 4772 potens
1316 4696 1382 4751 rex
1403 4667 1572 4768 Cretaei')

404 4804 488 4879 lelix
500 4795 537 4896 (³)
555 4824 640 4878 cnm
660 4802 818 4877 venisset
834 4801 871 4876 in
889 4799 1005 4876 aciem
1024 4804 1153 4873 contra
1165 4797 1298 4871 Troem
1317 4816 1443 4891 regem
1459 4796 1591 4892 Ρίπγ-Ι

466 5072 492 5135 (¹)
510 5070 540 5121 tt.
557 5070 655 5120 scilieet
671 5068 780 5133 Progne.
855 5066 882 5129 (⁸)
898 5066 929 5119 lt.
945 5066 1078 5119 cretensis.
1151 5062 1248 5125 0¹¹⁷·
1264 5062 1327 5113 tells
1342 5063 1369 5112 ln
1385 5061 1486 5125 proelln,
1502 5076 1572 5112 cnm.
