4542 6842
708 932 755 998 80
1067 938 1273 993 commun
1297 939 1518 994 runcuronu

703 1087 767 1164 cdd
782 1089 917 1162 ussmitt'
940 1107 1006 1160 son
1031 1089 1080 1158 do
1105 1089 1270 1176 ruoppior
1294 1107 1396 1177 curu,
1416 1085 1563 1179 scilicet,
1583 1083 1745 1182 fugiendi
1766 1105 1883 1160 nocu-

710 1216 897 1302 mentum,¹
918 1227 1003 1302 quae
1028 1213 1084 1281 est
1107 1206 1228 1280 maior
1257 1227 1347 1281 cura
1378 1226 1490 1300 quam
1524 1205 1571 1278 sit
1595 1227 1688 1280 cura
1719 1206 1884 1302 capiendi
1932 1213 1937 1224 '

708 1331 844 1405 cibum.
866 1329 966 1403 Unde
982 1327 1085 1401 dicit:
1110 1348 1149 1400 se
1168 1348 1253 1400 cusu
1269 1349 1407 1420 appare
1422 1329 1506 1400 ond'
1515 1329 1584 1417 epti
1602 1328 1730 1400 adimo
1748 1349 1883 1420 paura,

706 1451 811 1546 quasi
837 1449 951 1524 dicat:
975 1449 1004 1522 si
1026 1449 1157 1522 timent
1181 1447 1228 1522 de
1253 1447 1372 1522 salute
1397 1468 1475 1522 sua.
1502 1448 1546 1520 Et
1570 1447 1629 1522 hic
1654 1454 1740 1522 nota
1761 1469 1881 1544 quan-

705 1576 786 1644 tum
814 1567 1040 1664 comparatio
1065 1568 1239 1663 predicta
1269 1568 1315 1642 sit
1344 1569 1473 1664 pulcra
1503 1574 1540 1642 et
1571 1569 1730 1664 propria.
1757 1570 1882 1643 Primo

705 1691 854 1786 quidem
881 1689 1043 1764 columbi
1068 1696 1154 1763 sunt
1183 1689 1311 1785 pulcri,
1338 1689 1450 1784 politi,
1481 1689 1654 1782 amorosi,
1687 1691 1881 1784 mansueti,

706 1819 744 1886 et
769 1812 859 1884 tales
885 1817 971 1884 sunt
991 1809 1240 1884 communiter
1265 1809 1322 1883 isti
1348 1816 1518 1883 cantores
1543 1817 1581 1884 et
1605 1810 1822 1905 pulsatores,
1839 1816 1883 1883 ut

705 1931 845 2005 dictum
871 1940 926 2006 est
948 1931 1058 2026 paulo
1075 1951 1188 2025 supra
1204 1931 1251 2005 de
1267 1930 1425 2024 Casella3
1443 1938 1481 2005 et
1498 1930 1592 2005 sicut
1610 1930 1772 2004 columbi
1792 1952 1882 2004 con-

704 2052 847 2149 gregati
873 2051 910 2125 iu
935 2072 1066 2146 campo
1096 2051 1224 2126 intenti
1256 2058 1458 2146 pascuntur
1485 2049 1584 2124 dulci
1613 2051 1707 2146 cibo,
1739 2052 1789 2126 ita
1823 2051 1881 2126 isti

705 2171 852 2267 spiritus
878 2171 1088 2267 congregati
1115 2171 1153 2244 in
1173 2171 1242 2245 isto
1268 2173 1376 2267 plano
1400 2171 1646 2265 pascebantur
1668 2172 1797 2245 attenti
1817 2170 1883 2247 de·

705 2292 861 2366 lectabili
886 2299 1014 2386 cantu3
1033 2298 1071 2365 et
1091 2290 1186 2366 sicut
1210 2291 1372 2366 columbi
1390 2291 1454 2385 qui
1479 2291 1526 2365 de
1550 2311 1591 2365 se
1616 2298 1702 2364 sunt
1728 2298 1882 2365 natura·

703 2409 787 2485 liter
812 2411 963 2506 inquieti
990 2410 1205 2504 quietantur
1229 2412 1276 2485 ad
1300 2411 1439 2504 cibum,
1459 2411 1509 2484 ita
1529 2410 1588 2484 isti
1608 2410 1756 2505 spiritus
1781 2411 1883 2484 simi-

704 2531 788 2606 liter
812 2532 859 2606 de
890 2552 930 2606 se
962 2532 1113 2625 inquieti
1149 2533 1411 2624 quietahantur
1441 2532 1487 2605 ad
1518 2538 1690 2626 cantum3
1720 2539 1758 2606 et
1787 2532 1882 2607 sicut

704 2651 865 2726 columbi
892 2651 1056 2726 exterriti
1082 2652 1246 2726 clamore
1271 2651 1422 2725 alterius
1454 2651 1600 2747 fugium
1624 2651 1773 2726 dimisso
1798 2653 1881 2727 cibo

703 2773 839 2846 timore
863 2772 1082 2867 impellente,
1109 2771 1159 2846 ita
1184 2771 1242 2844 isti
1267 2772 1415 2867 spiritus
1444 2772 1560 2845 territi
1581 2774 1746 2848 clamore
1771 2775 1882 2848 Cato-

706 2891 761 2964 nis
787 2891 974 2987 lugierunt
998 2890 1207 2986 impellente
1224 2891 1377 2987 pudore,
1398 2893 1462 2985 quii
1483 2900 1539 2967 est
1563 2894 1701 2988 species
1728 2894 1878 2970 timoris.

706 3011 749 3085 lit
774 3012 957 3087 concludit
977 3020 1084 3107 poeta
1105 3013 1225 3088 istum·
1238 3019 1436 3088 tractatum
1454 3020 1492 3088 et
1510 3015 1646 3089 claudit
1662 3015 1877 3109 capitulum,

705 3131 851 3207 dicens:
890 3129 936 3206 nd
969 3127 1008 3206 lu
1044 3140 1170 3206 nostru
1197 3137 1345 3227 partito,
1383 3134 1518 3208 scilicet
1548 3134 1685 3230 Virgilii
1719 3142 1757 3210 et
1794 3135 1879 3229 mei,

701 3255 743 3345 su
773 3273 852 3325 men
885 3260 986 3343 motu,
1021 3259 1059 3326 et
1090 3253 1175 3328 lacit
1206 3253 1498 3348 diminutionem,
1529 3256 1634 3349 quasi
1668 3256 1774 3350 dicat,
1804 3257 1880 3331 imo

705 3372 823 3446 multo
848 3372 1009 3446 velocior
1036 3380 1136 3447 tanto
1163 3381 1301 3467 quanto
1331 3376 1399 3448 viri
1430 3376 1581 3450 studiosi
1607 3377 1724 3473 magis
1751 3377 1880 3452 timent

705 3491 977 3587 verecundiam,
1004 3500 1041 3568 et
1075 3494 1193 3591 magis
1228 3496 1527 3571 verecundantur
1557 3497 1604 3570 de
1633 3497 1735 3571 omui
1764 3519 1878 3592 parvo

705 3613 800 3708 fallo,
824 3619 865 3688 ut
881 3613 958 3709 ipse
984 3621 1090 3710 poeta
1109 3617 1208 3691 clare
1225 3616 1310 3692 dicit
1330 3617 1452 3692 statim
1469 3618 1507 3690 in
1524 3617 1699 3712 principio
1718 3638 1878 3711 sequen

704 3735 751 3810 tis
776 3735 934 3830 capituli.
