4542 6842
676 968 746 1036 180
1033 978 1238 1033 counrrruu
1261 980 1481 1035 runcanonn

672 1145 759 1219 quae
784 1123 926 1199 solebas
950 1142 1031 1197 esse
1045 1114 1081 1216 (¹)
1099 1122 1299 1217 liberrima,
1318 1129 1354 1199 et
1371 1123 1511 1199 donare
1529 1123 1736 1200 libertatem
1754 1144 1846 1220 gen·

674 1244 782 1338 libne,
801 1249 842 1317 nt
867 1243 940 1317 dixi
966 1242 1124 1337 capitulo
1143 1242 1262 1337 primo
1281 1244 1503 1339 huiuslibri,
1520 1247 1559 1319 di
1573 1247 1698 1329 dolore
1713 1247 1846 1336 oslctto,

673 1363 775 1457 idest,
808 1361 1005 1457 hospitium
1047 1368 1083 1437 et
1115 1362 1354 1458 domicilium,
1384 1365 1493 1459 juxta
1527 1364 1636 1439 illud:
1663 1361 1849 1439 Nessuod

673 1486 838 1575 mappior
858 1485 976 1573 dolor,
994 1488 1063 1557 etc.
1074 1522 1134 1577 -,
1151 1504 1243 1557 nave
1257 1504 1367 1557 senza
1384 1486 1579 1577 oocclltero,
1596 1484 1699 1580 idest,
1715 1489 1846 1561 carens

672 1603 835 1699 principe
860 1605 1122 1701 gubernatore,
1156 1608 1195 1677 io
1218 1625 1314 1696 pron
1346 1611 1521 1698 tempesta,
1553 1626 1627 1679 noa
1654 1610 1783 1681 donno
1807 1608 1845 1680 ot·

667 1726 861 1817 provincie,
888 1745 972 1817 quae
997 1724 1140 1799 solebas
1165 1744 1245 1799 esse
1271 1724 1398 1821 regina
1428 1745 1644 1821 regnorum,
1669 1748 1729 1799 mu
1758 1728 1843 1799 bor·

673 1846 774 1919 delto.
800 1844 845 1918 ut
869 1852 955 1919 nota
981 1845 1234 1940 metaphoram
1258 1846 1445 1940 pulcram;
1471 1844 1564 1920 sicut
1594 1846 1756 1921 enimin
1783 1846 1843 1919 ln-

672 1964 801 2058 panari
834 1963 1004 2039 venditur
1036 1984 1124 2039 caro
1158 1966 1321 2039 humana
1353 1965 1471 2059 pretio
1500 1965 1579 2041 sine
1606 1966 1761 2063 pudore,
1794 1966 1843 2041 ita
1976 1954 1980 1963 ’

672 2084 849 2161 meretrix
874 2105 1009 2179 magna
1023 2075 1074 2178 (²),
1102 2083 1193 2183 idest
1217 2084 1321 2159 curia
1348 2105 1513 2180 romana,
1535 2093 1571 2163 et
1596 2087 1701 2163 curia
1726 2087 1843 2183 impe·

673 2205 770 2281 rialis
802 2203 966 2279 vendunt
991 2203 1199 2279 libertatem
1226 2205 1397 2280 italicam.
1425 2205 1526 2281 Sicut
1556 2208 1667 2283 etiam
1700 2208 1747 2282 ad
1775 2227 1842 2301 po-
1908 2265 1911 2275 .

671 2325 867 2401 stribulum
894 2322 1033 2398 vadunt
1058 2322 1308 2400 indifferenter
1324 2346 1454 2402 omnes
1477 2322 1641 2411 volentes
1665 2349 1753 2404 cum
1778 2327 1844 2403 de·

671 2444 876 2537 lectatione,
910 2442 960 2517 ita
994 2441 1041 2517 ad
1074 2443 1214 2518 ltaliam
1248 2454 1476 2521 concurrunt
1509 2468 1639 2523 omues
1675 2448 1844 2524 barbare
1963 2511 1968 2520 .

671 2565 836 2641 nationes
847 2583 939 2661 cum
958 2562 1131 2639 aviditate
1146 2564 1193 2639 ad
1211 2564 1326 2660 ipsam
1344 2567 1632 2643 conculcandam
1650 2574 1840 2662 tamqnam

670 2684 904 2763 meretricem
930 2683 1174 2779 prostitutam.
1200 2684 1245 2757 Et
1269 2686 1430 2783 assignat
1454 2693 1561 2782 poeta
1586 2708 1736 2762 causam
1764 2708 1841 2763 suae

671 2803 947 2881 exclamationis
972 2804 1163 2898 dolorosae,
1180 2803 1320 2880 dicens:
1343 2809 1449 2895 Qucd’
1462 2810 1584 2881 aalma
1599 2810 1718 2900 penti,
1737 2807 1841 2901 idest,

655 2926 869 3019 'Sordellus,
895 2944 984 2999 vere
1009 2924 1138 3000 nobilis
1164 2924 1300 2999 virtute
1324 2926 1448 3021 animi,
1474 2935 1516 3002 nt
1540 2928 1684 3025 audisti,
1707 2934 1749 3023 su
1769 2923 1841 3003 cosi
1954 2920 1957 2923 ’

667 3054 789 3141 prosto
811 3048 947 3138 disere
971 3048 1010 3117 ot
1033 3048 1175 3119 cittudto
1199 3066 1262 3119 suo
1288 3050 1382 3139 quim
1398 3049 1502 3139 festa,
1522 3048 1657 3126 scilicet
1678 3049 1839 3146 Virgilio,

669 3169 726 3240 sol
743 3188 811 3259 por
841 3170 875 3239 to
899 3168 996 3239 dolce
1020 3186 1109 3239 saon
1138 3167 1181 3238 de
1210 3167 1246 3238 lo
1275 3186 1342 3238 cuo
1370 3172 1483 3258 terra,
1506 3167 1641 3243 scilicet
1656 3169 1838 3263 Mantua,

670 3293 706 3363 et
733 3294 856 3361 lamen
883 3294 1040 3380 uterque
1066 3292 1147 3361 erat
1173 3293 1354 3380 mortuus,
1372 3294 1409 3361 el
1431 3308 1530 3361 nnus
1546 3310 1753 3383 numquam
1771 3310 1838 3364 no-

670 3414 774 3483 verat
798 3408 970 3500 alterurn,
996 3426 1082 3489 cum
1109 3404 1280 3502 Virgilius
1301 3404 1412 3483 inerit
1436 3428 1503 3501 per
1527 3412 1581 3482 tot
1604 3411 1729 3485 secula
1752 3418 1839 3485 ante

577 3625 579 3633 Ι
669 3526 899 3621 Sordellum3
926 3534 959 3600 ct
981 3548 1049 3599 oro
1072 3528 1109 3600 io
1133 3532 1166 3600 te
1190 3546 1262 3599 non
1286 3532 1414 3599 amnuo
1435 3548 1545 3600 senza
1560 3532 1839 3619 pometum

668 3652 752 3740 tuot,
778 3646 924 3741 scilicet,
950 3647 1136 3723 moderno
1155 3652 1333 3742 tempore,
1359 3646 1422 3741 qni
1448 3668 1547 3722 nunc
1572 3648 1701 3723 vivunt
1725 3651 1762 3725 in
1790 3660 1836 3747 te,

667 3769 786 3863 ltalia3
813 3775 850 3844 et
875 3767 974 3863 quod
999 3767 1103 3863 peius
1128 3773 1195 3862 est,
1221 3788 1294 3842 non
1324 3767 1403 3843 sine
1431 3768 1526 3843 civili
1555 3770 1651 3845 bello
1676 3777 1713 3847 et
1736 3774 1838 3867 plus-

668 3912 781 3986 quam
807 3888 912 3963 civili.
939 3888 1042 3963 Unde
1066 3887 1171 3962 dicit:
1190 3891 1247 3961 el'
1259 3909 1308 3962 tat
1329 3891 1458 3963 t’oluo
1476 3893 1623 3983 strode,
1644 3902 1835 3987 tamquam

667 4031 789 4104 canes,
815 4012 853 4084 dt
877 4011 955 4101 pact
978 4010 1029 4081 clr'
1042 4028 1088 4081 aa
1115 4028 1218 4081 maro
1237 4016 1272 4082 et
1295 4028 1368 4081 aaa
1385 4014 1485 4103 fossa
1509 4031 1627 4103 saro,
1649 4011 1751 4106 idest,
1772 4014 1836 4108 qui

665 4131 828 4206 habimnt
853 4130 890 4203 in
916 4128 1045 4205 eadem
1072 4128 1218 4204 civitate
1243 4130 1302 4204 vel
1327 4135 1437 4224 terra,
1455 4136 1492 4206 et
1515 4132 1645 4206 eadem
1672 4132 1782 4207 domo
1798 4141 1836 4209 et

666 4253 795 4329 eadem
820 4272 926 4347 arca3
952 4250 1039 4345 quia
1063 4250 1169 4326 multi
1195 4249 1259 4344 qui
1278 4249 1316 4325 iu
1333 4256 1454 4325 morte
1470 4251 1696 4348 sepeliuntur
1713 4252 1834 4349 simul,

666 4396 739 4450 non
771 4380 923 4469 possunt
956 4379 1053 4447 stare
1082 4372 1192 4445 simul
1223 4370 1262 4444 in
1291 4371 1376 4446 vita.
1394 4412 1444 4425 -
1459 4374 1581 4464 dccc,
1607 4377 1744 4447 misero.
1769 4374 1836 4448 Hic
1893 4455 1895 4460 ,

666 4502 778 4592 poeta.
797 4492 993 4569 revertitur
1011 4492 1056 4567 ad
1075 4490 1356 4567 exclamandum
1375 4499 1502 4567 contra
1519 4491 1671 4588 ltaliam,
1688 4498 1726 4567 et
1745 4492 1831 4569 cou'-

667 4617 816 4691 firmans
841 4614 940 4709 quod
965 4612 1064 4708 dixit,
1091 4611 1194 4688 dicit:
1221 4633 1244 4684 o
1268 4615 1412 4703 mismo,
1430 4612 1578 4707 scilicet,
1595 4612 1706 4708 ltalia,
1727 4613 1833 4688 cuius

666 4737 788 4813 nullus
806 4734 1014 4829 miseretur,
1026 4756 1128 4809 cerco
1142 4736 1288 4823 ,euno
1305 4735 1398 4807 dalle
1411 4736 1537 4826 prode,
1557 4732 1660 4828 idest,
1679 4734 1785 4831 ripas,
1804 4739 1835 4808 le

727 5026 755 5087 (¹)
770 5024 801 5075 Ε.
817 5036 872 5075 csso
888 5023 969 5075 libera
985 5028 1012 5075 el
1027 5024 1169 5075 llberrlma.

728 5102 754 5166 (⁸)
772 5105 825 5163 11⁷,
842 5116 934 5165 magna
950 5102 976 5152 in
993 5102 1064 5153 curia
1080 5114 1188 5153 romana
1201 5105 1230 5152 cl
1244 5100 1318 5151 curia
1333 5100 1462 5164 lmperlali
1476 5099 1563 5153 rendit
1578 5099 1731 5151 litorum,
