4542 6842
761 957 834 1025 ddi
1121 972 1326 1029 consonum
1351 976 1572 1031 eunusromr

761 1118 856 1193 illius
881 1117 1081 1194 blanditias.
1109 1117 1199 1193 nteit
1225 1138 1315 1217 ergo
1340 1120 1608 1199 continuative:
1630 1128 1750 1197 dacor
1774 1146 1848 1199 oon
1868 1145 1937 1198 cre

760 1260 826 1313 sua
850 1239 956 1313 bucco
980 1241 1145 1331 nolimu,
1162 1239 1250 1334 quia
1269 1240 1390 1316 adbuc
1410 1240 1625 1337 persistebat
1650 1244 1687 1317 iu
1712 1252 1823 1320 cantu
1850 1266 1934 1339 sno,

761 1364 1000 1454 quandonam
1025 1364 1159 1450 donna,
1185 1360 1280 1436 bene
1304 1370 1412 1437 vocat
1437 1362 1542 1437 istam
1567 1364 1766 1460 dominnm,
1792 1365 1857 1441 ubi
1887 1364 1935 1439 n-

760 1482 834 1557 lam
860 1487 1057 1557 vocaverat
1083 1480 1274 1576 famulam,
1299 1482 1387 1575 quia
1419 1484 1513 1557 ratio
1542 1484 1651 1559 debet
1676 1484 1868 1579 dominari,
1893 1491 1933 1559 et

759 1602 878 1699 passio
904 1601 1095 1697 famulari3
1121 1622 1293 1696 appares,
1318 1601 1464 1697 scilicet,
1481 1602 1822 1699 insomniorum,
1843 1604 1933 1699 (puls

759 1722 871 1798 efficit
896 1722 1062 1797 homiues
1088 1728 1244 1815 sanctos,
1260 1721 1337 1796 imo
1360 1720 1461 1815 deos,
1483 1722 1542 1797 vel
1561 1732 1679 1816 suom,
1696 1724 1788 1799 idest
1811 1723 1932 1817 drma,

760 1842 824 1917 ubi
849 1844 909 1919 illa
934 1850 1014 1918 erat
1041 1841 1183 1917 mobilis
1206 1848 1244 1917 et
1270 1842 1465 1936 mutabilis,
1494 1852 1668 1935 cprestu,
1694 1845 1781 1938 quia
1807 1844 1930 1919 statim

759 1964 943 2039 succurrit
961 1962 1097 2037 bomini
1114 1968 1243 2037 contra
1259 1962 1459 2058 appetitum
1480 1963 1735 2058 sensualitatis,
1748 1967 1932 2056 lunptmsu

760 2104 874 2176 uoce,
901 2083 992 2159 idest
1018 2102 1131 2178 prope
1157 2102 1230 2177 me,
1258 2082 1294 2156 iu
1320 2082 1485 2157 savorem
1512 2104 1650 2178 meum,
1669 2105 1736 2177 per
1757 2089 1822 2179 sor
1846 2088 1933 2159 colet

758 2209 918 2299 confusa,
944 2224 1028 2298 quae
1053 2202 1156 2299 prius
1180 2202 1408 2299 gloriabatur
1431 2202 1478 2276 de
1503 2204 1664 2297 potentia
1688 2210 1726 2278 et
1758 2204 1932 2299 placibili-

759 2332 833 2401 tate
858 2346 937 2401 sua.
963 2326 1008 2399 llt
1032 2324 1187 2399 ostendit
1204 2323 1390 2417 quomodo
1413 2322 1572 2397 recurrit
1587 2322 1634 2397 ad
1651 2323 1857 2420 Virgilium,
1874 2324 1932 2398 di-

757 2468 869 2523 cens:
895 2450 1007 2537 dicen,
1033 2444 1179 2537 scilicet,
1205 2464 1276 2540 ego
1302 2442 1447 2534 barim,
1471 2445 1686 2535 ficrumcotc,
1715 2464 1738 2517 o
1772 2446 1929 2535 Virgilio,

765 2570 921 2660 Virgilio,
947 2564 1164 2641 admirative
1188 2562 1362 2657 loquitur,
1388 2564 1443 2637 cli
1466 2556 1488 2635 e*
1515 2570 1666 2655 questui
1689 2564 1836 2658 scilicet,
1860 2562 1930 2637 do-

757 2688 869 2782 mina,
896 2694 970 2760 tam
998 2684 1204 2779 imperiosae
1228 2683 1454 2757 autoritatis:
1471 2690 1506 2756 ct
1518 2686 1562 2774 ct,
1579 2684 1726 2778 scilicet,
1744 2680 1930 2780 Virgilius,

757 2800 859 2883 venio
884 2828 950 2881 cuo
974 2809 1024 2898 pli
1048 2807 1144 2879 oculi
1164 2806 1231 2898 put
1250 2825 1324 2897 pur
1342 2807 1380 2877 in
1404 2808 1519 2895 puello
1542 2812 1688 2899 oneum
1710 2805 1818 2879 etsie
1843 2804 1928 2879 ride

756 2930 855 3025 quod
880 2912 1010 3002 ocolus
1035 2926 1160 3001 Daritis
1185 2926 1222 2999 in
1246 2946 1360 3001 carne
1378 2924 1516 3021 positus
1541 2926 1755 3020 respiciebat
1780 2932 1925 3001 motum

756 3070 843 3123 cum
878 3046 1117 3123 delectatione
1155 3046 1254 3120 illam
1286 3044 1443 3140 primam
1476 3045 1668 3139 lubricam,
1699 3044 1762 3119 sed
1794 3044 1927 3135 oculus

641 3266 643 3269 Ι
757 3167 893 3265 Virgilii
918 3166 996 3242 sine
1020 3186 1133 3241 came
1160 3164 1373 3260 respiciebat
1398 3164 1504 3241 istam
1531 3167 1732 3242 secundam
1749 3186 1837 3240 cum
1858 3186 1926 3241 ve-

754 3288 968 3363 neratione:
995 3287 1054 3361 illa
1080 3286 1178 3361 euim
1209 3286 1400 3361 videbatur
1430 3286 1557 3382 pulcra
1587 3293 1624 3363 et
1653 3286 1830 3381 amabilis,
1857 3286 1925 3361 ista

754 3429 844 3483 vero
870 3406 996 3504 rigida,
1021 3406 1085 3481 sed
1112 3403 1338 3481 venerabilis.
1366 3408 1409 3481 nt
1434 3407 1555 3481 subdit
1586 3407 1765 3482 maiorem
1795 3413 1926 3503 puten-

754 3528 841 3603 tium
874 3526 976 3601 istius
1011 3525 1186 3619 mulieris,
1214 3546 1299 3620 quae
1330 3525 1482 3602 faciliter
1512 3526 1700 3600 contundit
1731 3526 1843 3620 illam,
1868 3526 1927 3599 di-

753 3668 859 3723 uens:
886 3653 924 3721 et
949 3644 1016 3719 ista
1042 3644 1187 3738 mulier,
1208 3649 1369 3738 prendcu
1393 3647 1416 3720 t'
1429 3650 1538 3738 αἱίνα,
1563 3648 1622 3721 vel
1649 3646 1818 3743 Virgilius
1843 3645 1924 3739 mu,

751 3789 770 3843 s
795 3769 941 3841 dianam
966 3768 1108 3859 rapsa
1129 3768 1305 3860 [cadeudo
1328 3756 1346 3839 i
1365 3768 1507 3861 droppi,
1534 3774 1571 3841 et
1595 3766 1710 3861 bene;
1727 3787 1814 3841 nam
1840 3767 1927 3861 pul-

751 3888 895 3963 critudo
921 3893 997 3961 tota
1015 3885 1109 3959 illios
1129 3886 1292 3962 consistit
1307 3888 1427 3962 solum
1446 3888 1483 3961 in
1500 3885 1704 3983 superficie.
1723 3888 1815 3961 Nam
1833 3908 1926 3963 asa-

752 4008 833 4083 ritia
859 4008 1003 4083 videtur
1029 4006 1157 4103 pulcra
1180 4006 1218 4081 in
1242 4028 1348 4103 auro,
1375 4014 1541 4105 argeut0,
1567 4007 1747 4102 vestibus3
1765 4006 1866 4103 gula,
1885 4008 1924 4081 iu

749 4126 849 4220 cibis,
876 4126 992 4220 vinis3
1025 4126 1173 4201 luxuria
1206 4126 1352 4201 ridetur
1377 4128 1600 4223 pulcerrima
1625 4128 1661 4201 in
1688 4128 1923 4221 mulieribus,

748 4249 813 4325 sed
838 4248 990 4323 interius
1015 4246 1103 4321 latet
1127 4245 1247 4321 omnis
1273 4248 1460 4344 turpitudo
1491 4255 1528 4324 et
1557 4249 1798 4344 abominati03
1821 4247 1925 4323 uude

747 4368 855 4444 dicit:
881 4389 900 4440 e
925 4370 1156 4441 mostraoomi
1177 4370 1204 4441 it
1227 4372 1357 4458 ventre,
1374 4388 1440 4442 vas
1458 4368 1642 4442 loetidum:
1663 4368 1745 4442 ideo
1767 4368 1926 4443 conclu-

746 4490 798 4563 dit
824 4487 1021 4581 somuium,
1047 4490 1126 4579 puel
1155 4489 1204 4559 mi
1231 4480 1375 4579 suculid,
1401 4487 1503 4581 idest,
1535 4487 1706 4562 excitavit
1740 4508 1801 4561 me
1834 4487 1925 4561 dor-

747 4610 935 4701 mientem,
961 4610 1018 4680 col
1042 4628 1163 4699 puzzo
1193 4609 1253 4681 cie
1282 4608 1318 4679 η’
1331 4610 1438 4681 uscia.
1465 4607 1495 4681 0
1526 4628 1638 4701 quam
1670 4606 1776 4699 bene,
1804 4626 1922 4701 quarn

746 4730 873 4825 pulcre
898 4728 983 4803 dicit
1008 4728 1075 4802 iste
1097 4729 1274 4802 honestus
1291 4734 1329 4802 et
1345 4748 1459 4802 verax
1476 4734 1604 4823 poeta:
1621 4746 1744 4800 noune
1760 4732 1818 4800 est
1838 4748 1924 4801 ma·

745 4869 842 4945 gnus
867 4847 975 4921 ioetor
1000 4847 1102 4922 avari
1120 4846 1184 4941 qui
1203 4846 1315 4921 toedat
1331 4846 1456 4922 omnia
1473 4847 1601 4941 pulcra
1626 4852 1663 4921 et
1688 4846 1924 4923 honorabilia

746 4990 814 5043 sua
830 4964 1000 5041 miseria?
1018 4966 1099 5041 ideo
1124 4966 1260 5062 barpiae
1277 4973 1482 5041 stercorant
1501 4988 1665 5043 mensam
1682 4963 1798 5045 avari.
1817 4966 1925 5057 Qua·
1989 5048 1996 5057 ,

745 5088 788 5161 lis
813 5087 921 5161 loetor
946 5086 1090 5182 gulosil
1116 5106 1238 5161 nonne
1262 5104 1310 5161 ex
1335 5086 1512 5161 ebrietate
1536 5086 1631 5161 cadit
1648 5086 1684 5158 in
1704 5085 1858 5159 lutum?
1877 5108 1926 5162 os
