4542 6842
816 988 958 1045 cunnus
981 990 1145 1047 annuos.
1500 976 1569 1049 103

395 1136 518 1211 statim
542 1134 700 1209 ostendit
724 1134 883 1230 qualiter
908 1136 976 1211 ista
1001 1136 1210 1232 pulcritudo
1235 1142 1272 1213 et
1302 1137 1432 1213 nobilis
1464 1158 1571 1233 aspo-

394 1262 476 1331 ctus
499 1254 704 1331 deformata
730 1254 871 1330 suntin
888 1264 1009 1331 morte
1028 1257 1124 1331 illius
1140 1257 1324 1353 violenta3
1343 1259 1440 1334 unde
1460 1258 1570 1333 dicit:

393 1395 455 1450 mo
477 1396 527 1449 un
549 1378 664 1469 oolpo,
688 1374 791 1469 idest,
817 1378 953 1451 vulnus
977 1376 1086 1472 ensis,
1110 1398 1200 1450 ovea
1225 1380 1337 1453 divim
1362 1382 1445 1453 l’on
1462 1381 1571 1453 ddal-

393 1499 456 1589 pli,
490 1495 540 1571 ita
572 1495 672 1591 quod
708 1497 868 1573 habebat
904 1503 1054 1593 turpem
1085 1498 1294 1573 cicatricem
1329 1498 1366 1572 io
1405 1497 1507 1574 facie.
1521 1536 1571 1553 --

398 1618 558 1709 Quando.
588 1618 655 1693 llic
687 1626 796 1713 poeta
825 1617 983 1693 ostendit
1017 1617 1175 1713 qualiter
1209 1618 1417 1695 Maulredus
1451 1614 1572 1693 maui-

395 1736 586 1814 lestaverit
609 1758 650 1813 se
674 1736 754 1833 siti,
771 1738 857 1833 quia
875 1738 952 1833 ipse
977 1760 1051 1813 non
1076 1738 1322 1835 cognoscebat
1343 1758 1441 1813 eum.
1470 1737 1571 1813 Unde

395 1860 503 1935 dicit:
529 1862 561 1931 ei
584 1860 699 1933 dure:
725 1857 872 1953 seilicet,
898 1858 958 1934 ille
982 1859 1189 1935 Manlredus
1216 1859 1327 1932 milri:
1362 1880 1407 1931 or
1436 1862 1526 1951 vedi,
1551 1880 1570 1931 e

395 1982 613 2054 morlrornnoi
635 2000 710 2054 mro
727 1983 842 2073 playa
866 2001 890 2052 α
913 2000 1049 2054 sommo
1065 1984 1209 2074 limito,
1233 1979 1282 2054 ita
1300 1979 1399 2074 quod
1425 1978 1570 2056 videtur

394 2100 566 2176 babuisse
590 2101 666 2176 duo
692 2100 859 2176 mortalia
885 2102 1041 2177 vulnera
1072 2102 1108 2174 in
1143 2101 1285 2197 proelio,
1312 2120 1430 2175 unum
1457 2121 1569 2196 supra

394 2221 558 2316 oculum,
583 2220 683 2296 aliud
700 2241 812 2318 super
827 2242 904 2316 nor,
924 2223 986 2297 ubi
1003 2229 1059 2297 est
1078 2222 1159 2297 lons
1185 2222 1296 2297 totius
1314 2222 1408 2315 vitas,
1427 2225 1569 2313 qnando

394 2346 443 2417 mi
463 2347 519 2437 piri
541 2346 736 2417 umdmeole
759 2344 918 2433 diodoto,
943 2340 1121 2418 diceudo:
1148 2363 1222 2417 non
1244 2342 1316 2419 vidi
1336 2348 1372 2417 te
1389 2362 1568 2437 unquam,

393 2471 434 2541 et
470 2470 687 2539 reverenter
717 2470 866 2559 propter
903 2466 1065 2560 regalem
1103 2470 1306 2559 aspectum,
1341 2463 1438 2538 uude
1470 2463 1568 2557 dicit,

393 2586 429 2658 d'
441 2586 564 2657 avolo
589 2587 677 2657 uasto
702 2588 786 2675 oroi,
812 2583 905 2657 idest
930 2583 1062 2659 vidisse
1083 2604 1248 2678 unquam
1274 2584 1394 2679 ipsum
1415 2583 1568 2658 vivum:

394 2711 434 2779 et
457 2722 590 2779 vorum
615 2703 701 2780 dicit
725 2712 845 2800 poeta,
864 2704 950 2799 quia
970 2726 1163 2799 nunquam
1181 2704 1322 2779 viderat
1339 2726 1427 2779 eum
1447 2724 1569 2799 neque

394 2826 526 2901 vidisse
550 2830 744 2920 potueral3
769 2826 944 2920 quoniam
962 2826 1098 2901 Dantes
1118 2832 1227 2901 uatus
1244 2832 1299 2900 est
1315 2846 1361 2899 eo
1378 2846 1475 2899 anno
1493 2846 1568 2919 quo

394 2953 566 3021 mortuus
590 2952 647 3021 est
670 2945 888 3021 llauiredus.
917 2946 963 3020 Et
990 2945 1112 3020 subdit
1142 2945 1328 3039 quomodo
1359 2944 1568 3020 Manlredus

393 3065 624 3160 descripserit
640 3058 678 3158 (⁴)
703 3086 745 3141 so
768 3087 791 3140 a
818 3064 976 3158 nomine,
1002 3066 1050 3140 ab
1075 3064 1229 3162 origiue,
1249 3086 1272 3139 a
1293 3064 1400 3158 viti03
1427 3069 1464 3139 et
1483 3063 1568 3139 dicit

395 3186 569 3280 breviter,
596 3186 694 3280 quod
719 3192 775 3261 ml
798 3186 1006 3261 llaniredus
1031 3206 1143 3282 nepos
1168 3185 1386 3261 Constantiae
1404 3185 1567 3280 impera-

393 3306 503 3381 tricis.
534 3305 588 3380 ld
623 3307 729 3381 cuius
762 3306 877 3382 literae
910 3307 1013 3381 fortis
1040 3305 1260 3381 evidentiam
1292 3310 1347 3379 est
1378 3306 1567 3380 sciendum

394 3426 493 3519 quod
517 3426 764 3501 Foderioosll
798 3432 907 3501 natus
932 3446 979 3501 en
1005 3426 1213 3500 Constantia
1241 3432 1278 3499 et
1303 3424 1459 3499 Henrioo
1493 3425 1568 3501 filio

392 3546 642 3641 Barbarossae,
671 3555 712 3622 ut
741 3546 884 3622 dicetur
913 3548 1019 3642 pleno
1045 3546 1088 3617 lll
1118 3544 1278 3640 capitulo
1304 3543 1474 3640 Paradisi,
1501 3544 1568 3619 luit

394 3669 533 3743 electos
559 3668 760 3764 imperator
793 3673 922 3742 contra
946 3666 1126 3741 Othonem
1157 3666 1202 3740 lV
1232 3671 1269 3741 ot
1298 3671 1498 3741 coronatus
1530 3672 1567 3741 et

394 3795 632 3864 consecratus
643 3789 691 3862 ab
704 3784 866 3862 Honorio
881 3778 974 3878 llll²l
990 3784 1182 3861 millesimo
1199 3785 1451 3861 ducentesimo
1465 3786 1567 3881 vige·

395 3910 500 4004 simo,
523 3910 587 4004 qui
604 3908 798 4004 imperavit
814 3906 962 4003 triginta
979 3906 1093 3980 annis.
1119 3908 1202 3995 Quo
1229 3914 1395 4002 tempore
1419 3926 1568 4001 sempor

395 4030 462 4104 luit
478 4031 630 4105 infestus
647 4027 810 4105 ecclesia
828 4036 1004 4123 tauquam
1030 4026 1126 4101 lilius
1151 4026 1417 4123 ingratitudinis
1437 4033 1565 4103 contra

396 4158 566 4244 matrem,
592 4170 676 4244 quae
701 4150 907 4224 nutriverat
931 4148 1051 4244 ipsum
1076 4148 1255 4243 pupillum
1281 4155 1318 4223 et
1338 4148 1566 4223 exaltaverat

393 4270 441 4345 ad
455 4290 651 4345 romanum
669 4269 883 4364 imperium3
903 4288 1030 4361 quare,
1046 4274 1121 4342 tam
1135 4268 1277 4341 ratione
1290 4266 1464 4341 vitiorum
1478 4286 1567 4341 suo-

394 4411 493 4485 rum,
517 4391 565 4465 de
589 4391 723 4484 quibus
747 4388 832 4461 alibi
857 4387 996 4461 dictum
1022 4393 1087 4481 est,
1114 4407 1227 4481 quam
1253 4384 1407 4460 avaritia
1433 4387 1566 4481 praela·

393 4517 529 4605 torum,
555 4511 618 4604 qui
644 4507 767 4583 omnia
792 4507 860 4580 sibi
886 4504 1018 4582 volunt
1041 4506 1189 4600 quando
1220 4512 1370 4600 possunt
1391 4496 1442 4601 (³),
1469 4528 1566 4580 nuu-

393 4650 505 4723 ouam
532 4628 649 4725 potuit
674 4628 813 4703 habore
842 4627 977 4700 bonam
1007 4622 1138 4721 pacem
1171 4645 1258 4699 cum
1284 4626 1448 4720 ecclesia,
1480 4646 1566 4720 quae

392 4749 531 4824 lecerat
568 4748 687 4844 ipsum
727 4746 826 4821 nasci
860 4746 1007 4820 fatalem
1041 4744 1109 4818 sibi
1144 4746 1402 4821 exmonacho
1439 4749 1562 4822 vetula

455 4976 483 5039 ι’)
499 4976 525 5028 S.
541 4976 722 5028 mmllestarlt.

456 5054 484 5116 l‘)
500 5053 530 5104 E.
546 5054 664 5106 llouorlo
678 5054 717 5105 ΙΙΙ
732 5066 800 5104 anno
816 5052 918 5103 Domini
934 5051 1016 5102 nostrl
1031 5052 1095 5103 Jeru
1110 5050 1207 5103 Christi
1223 5052 1370 5104 millesimo.

457 5128 530 5193 1²)B.
546 5135 653 5194 porrum
667 5136 694 5181 el
710 5134 834 5195 prosunt,
849 5142 991 5193 numnam.
