4542 6842
824 926 964 984 esurus
988 928 1133 984 sarnus.
1496 917 1566 985 167

394 1081 433 1151 ot
447 1074 508 1151 alii
532 1074 580 1149 ad
604 1073 799 1168 sinistram,
815 1081 853 1149 et
878 1081 1010 1171 rogant
1034 1075 1166 1172 singuli
1188 1096 1287 1169 eum,
1309 1083 1352 1150 ut
1367 1075 1428 1151 det
1449 1075 1501 1150 eis
1518 1075 1565 1150 de

394 1194 600 1288 evictione3
638 1194 716 1289 ipse
734 1185 772 1287 (⁴)
808 1201 936 1269 autern
974 1215 1049 1270 non
1086 1201 1308 1290 remoratur,
1348 1195 1411 1271 sed
1449 1194 1567 1273 conti-

394 1335 471 1390 nuo
495 1314 619 1391 eundo
644 1314 799 1410 porrigit
830 1334 982 1389 manum
1021 1314 1076 1389 isti
1115 1320 1153 1390 et
1186 1315 1247 1409 illi,
1282 1321 1319 1391 et
1353 1316 1402 1390 ita
1436 1316 1566 1412 paula·

391 1436 458 1511 tim
484 1440 662 1511 exonerat
687 1454 728 1509 se
756 1456 780 1509 a
804 1454 999 1531 pressura;
1030 1435 1081 1509 ita
1111 1456 1211 1511 nunc
1244 1441 1352 1531 poeta
1379 1444 1503 1512 noster
1525 1436 1563 1511 in

392 1557 461 1633 ista
486 1556 595 1631 turba
611 1547 649 1648 (¹)
674 1555 837 1629 maxima
856 1555 974 1629 victor
991 1554 1165 1631 vitiorum
1183 1554 1317 1631 ditatus
1334 1556 1455 1633 divino
1476 1578 1565 1654 gra·

392 1678 455 1771 tia,
480 1698 555 1772 qua
580 1676 637 1751 isti
662 1675 882 1772 indigebant,
900 1674 1135 1771 promittebat
1153 1676 1216 1750 uni
1238 1676 1331 1751 dare
1353 1697 1493 1772 preces,
1509 1678 1564 1751 al-

392 1798 462 1873 teri
486 1796 759 1891 eleemosinam,
783 1796 889 1873 alteri
914 1797 1179 1872 commendare
1203 1797 1323 1893 ipsum
1349 1799 1436 1894 suis,
1457 1798 1563 1874 alteri

392 1936 432 1993 se
457 1917 580 1994 iacere
604 1916 828 1993 mentionem
853 1917 901 1992 de
925 1938 982 2012 eo,
1002 1922 1040 1993 et
1064 1917 1239 1994 continuo
1256 1917 1342 2013 ibat,
1360 1939 1408 1995 ne
1425 1940 1571 2019 espen-⁸

391 2036 496 2113 deret
521 2044 667 2133 tempus
697 2037 734 2112 in
765 2036 853 2132 istis,
880 2036 1083 2111 secundum
1110 2037 1210 2132 quod
1241 2045 1465 2135 preceperat
1497 2039 1564 2114 sibi

391 2156 573 2255 Virgilius,
599 2158 686 2252 quia
711 2158 819 2233 nimis
844 2157 1030 2233 habuisset
1054 2157 1177 2233 lacere
1202 2158 1230 2232 si
1261 2160 1435 2236 voluisset
1460 2160 1566 2235 satis-

391 2278 513 2353 facere
537 2278 711 2353 omnibus
727 2278 804 2352 istis
821 2278 977 2353 mortuis
994 2278 1274 2375 implorantibus
1290 2280 1465 2379 suffragia
1486 2281 1566 2357 ani·

392 2417 537 2472 marum
565 2399 625 2473 vel
649 2399 786 2473 lamam
812 2399 861 2473 ab
886 2418 955 2493 eo;
977 2398 1060 2473 ideo
1085 2399 1250 2475 nominat
1275 2401 1394 2475 solum
1421 2401 1564 2495 aliquos

390 2539 539 2614 paucos.
568 2520 623 2594 Ad
655 2520 799 2594 literam
825 2539 940 2615 ergo:
966 2518 1051 2594 dicit
1080 2525 1212 2616 poeta:
1247 2524 1344 2595 colui
1371 2523 1431 2594 cte
1455 2524 1565 2615 perdo

243 2718 246 2723 ,
390 2660 428 2713 rs
450 2642 571 2713 mmor
594 2642 741 2732 mbae,
766 2639 853 2735 quia
882 2638 1052 2734 exposuit
1083 2660 1195 2714 suum
1229 2640 1396 2735 fortune,
1423 2644 1564 2739 quando

390 2763 547 2853 lipare
569 2763 597 2834 it
618 2758 742 2851 mucro
767 2762 860 2834 delto
883 2779 992 2848 zoro,
1014 2766 1052 2833 et
1076 2758 1181 2833 dicit:
1202 2762 1381 2852 ripeterrdo
1407 2762 1437 2834 lc
1462 2764 1564 2853 volte,

391 2901 411 2951 e
435 2882 535 2952 titolo
558 2882 724 2972 tmporc;
748 2878 779 2953 si
805 2883 930 2953 tamen
954 2878 1097 2954 discere
1121 2884 1239 2974 potest
1258 2878 1394 2972 aliquid
1412 2880 1449 2953 in
1463 2871 1500 2972 (³)
1519 2901 1563 2955 ea

391 2998 533 3093 arte,in
547 3019 621 3095 qua
641 2998 764 3095 magni
778 2998 942 3095 magistri
955 3005 1041 3073 suut
1053 3018 1199 3093 semper
1212 2997 1386 3073 mendici:
1400 2988 1564 3093 quurel⁴l

392 3118 450 3194 bic
474 3140 548 3194 non
573 3118 722 3195 intendo
747 3119 836 3194 dare
860 3118 1064 3193 doctrinam
1098 3119 1209 3193 buius
1240 3118 1340 3213 artis,
1372 3125 1450 3192 tum
1477 3120 1563 3215 quia

390 3262 473 3315 sum
501 3240 646 3335 penitus
671 3240 822 3337 ignarus
842 3238 934 3333 eius,
952 3246 1032 3313 tum
1051 3239 1139 3335 quia
1156 3240 1257 3313 nulla
1281 3239 1390 3334 pestis
1406 3249 1462 3314 est
1479 3260 1565 3336 per-

392 3360 560 3436 niciosior
580 3359 617 3433 in
634 3358 785 3434 mundo.
800 3360 948 3434 Nullum
967 3367 1023 3435 est
1040 3361 1139 3436 enirn
1157 3380 1311 3435 enorme
1328 3359 1563 3455 maleficium,
1712 3386 1715 3392 ’

390 3483 490 3578 quod
514 3484 616 3558 lusor
632 3480 785 3555 faciliter
802 3500 876 3556 nou
894 3480 1012 3575 iaciat,
1029 3481 1124 3555 sicut
1145 3481 1297 3575 lurtum,
1317 3480 1562 3574 mendacium,

390 3602 607 3699 periurium,
633 3600 874 3697 proditionem
901 3607 995 3694 etc.;
1022 3602 1091 3677 boc
1117 3608 1159 3676 ut
1183 3602 1219 3675 in
1246 3601 1412 3697 pluribus
1430 3600 1562 3675 intelli·

390 3744 466 3821 gas.
487 3725 567 3797 Non
588 3722 686 3797 enim
706 3721 840 3816 loquor
859 3742 958 3795 nunc
973 3720 1020 3796 de
1043 3722 1221 3819 Augusto,
1239 3722 1299 3797 vel
1318 3720 1481 3814 Claudio,
1504 3721 1562 3794 vel

390 3842 514 3937 aliquo
538 3842 688 3917 domino
713 3840 835 3935 divite,
861 3840 944 3915 licet
958 3831 996 3932 (⁵)
1021 3840 1133 3915 etiarn
1164 3841 1256 3915 tales
1289 3838 1405 3915 multa
1435 3841 1562 3935 culpa-

390 3963 476 4038 bilia
502 3961 654 4037 leceriot
679 3967 827 4056 propter
852 3960 994 4036 ludum.
1020 3960 1064 4033 bt
1089 3960 1204 4057 tangit
1237 3960 1388 4035 modum
1404 3951 1440 4053 (⁸)
1469 3962 1563 4035 alte-

391 4083 469 4157 rius
494 4082 617 4179 partis,
643 4082 789 4157 dicens:
814 4102 880 4155 corr
906 4084 1048 4171 inibo,
1068 4080 1217 4174 scilicet,
1235 4080 1385 4175 victore,
1402 4102 1441 4154 se
1455 4101 1499 4153 ne
1516 4101 1563 4153 oo
1617 4116 1621 4125 ·

391 4212 476 4279 mtto
491 4207 655 4295 tepente,
672 4202 769 4276 victo
795 4202 922 4277 relicto
947 4202 1037 4295 solo,
1062 4204 1160 4293 quot,
1178 4200 1281 4296 idest,
1301 4200 1444 4295 aliquis,
1460 4204 1564 4294 ptisi

389 4346 474 4399 roco
498 4347 523 4398 o
548 4330 670 4414 mente,
687 4322 790 4417 idest,
812 4322 956 4397 reducit
977 4342 1018 4397 se
1042 4319 1090 4395 ad
1107 4322 1324 4397 memoriam
1353 4322 1402 4395 illi
1423 4322 1451 4395 si
1470 4322 1563 4397 lorte

390 4452 473 4520 erat
494 4444 629 4519 oblitus
653 4443 733 4518 eius
758 4442 795 4515 in
820 4442 881 4517 illa
905 4440 1028 4517 laetitia
1053 4447 1091 4516 et
1115 4462 1313 4537 pressura3
1344 4442 1408 4517 sed
1422 4432 1458 4535 (⁷)
1487 4442 1563 4537 ipse

244 4630 251 4637 .
315 4665 318 4671 Ι
391 4561 1008 4677 itaobsessusquidlaciataudi:
1034 4563 1162 4634 cirron
1189 4565 1563 4656 remordentem

451 4831 479 4891 (⁸)
493 4830 520 4881 b
535 4831 589 4893 ipse
606 4836 699 4881 tumen.
1057 4824 1085 4890 (Ἴ
1101 4828 1133 4879 li.
1150 4828 1226 4879 turba
1242 4828 1365 4878 vitiorum
1381 4827 1483 4879 ditatur.

452 4906 481 4969 (⁸)
498 4910 552 4965 tlt,
568 4920 601 4957 ex
616 4920 647 4958 er
663 4912 728 4958 arte.
1056 4904 1084 4967 (⁸)
1100 4906 1131 4956 B.
1148 4906 1208 4969 quir
1225 4905 1276 4954 bio.

451 4982 479 5047 (⁸)
495 4983 526 5033 Ε.
543 4982 603 5036 beet
619 4983 689 5033 enlm
705 4984 770 5035 taho
783 4982 868 5035 multa
882 4983 962 5035 mlum
977 4980 1115 5046 smprtttts
1129 4981 1259 5033 lecerunt.

453 5058 480 5121 ς’)
497 5063 543 5110 117
558 5072 575 5109 s
591 5059 621 5110 E.
636 5074 747 5112 morem.
1058 5057 1086 5121 θ)
1102 5058 1132 5109 lt
1149 5057 1194 5109 rod
1210 5058 1245 5110 ltu
1261 5057 1386 5109 obsessus.
