4542 6842
728 954 797 1022 128
901 958 904 963 ’
964 1030 967 1034 ,
1086 964 1290 1022 counnruu
1315 964 1534 1021 rununronu

722 1110 916 1205 paritatem
943 1109 1018 1183 vitii
1044 1116 1082 1183 et
1106 1109 1291 1205 vituperii,
1308 1110 1441 1185 scilicet
1468 1108 1638 1204 libidinis3
1656 1109 1742 1203 quia
1760 1111 1897 1186 Helena

721 1231 887 1307 adultera
915 1228 1052 1304 Paridis
1078 1229 1146 1304 luit
1170 1251 1282 1305 causa
1309 1231 1397 1304 tanti
1425 1230 1507 1305 belli
1534 1236 1572 1305 et
1596 1230 1725 1306 excidii
1749 1230 1897 1305 nobilis-

722 1349 825 1423 simae
838 1349 973 1444 Troiae3
987 1350 1253 1446 clytemnestra
1268 1370 1358 1426 vero
1371 1350 1537 1425 adultera
1551 1350 1704 1447 AEgistbi
1724 1352 1896 1427 sacerdo·

721 1470 777 1564 tis,
802 1470 870 1543 luit
895 1490 1008 1543 causa
1028 1469 1156 1543 mortis
1172 1463 1207 1559 (¹)
1229 1470 1437 1544 nobilissimi
1455 1470 1558 1544 ducis
1575 1490 1786 1566 graecorum
1805 1492 1895 1545 con-

721 1596 776 1665 tra
804 1591 960 1664 Troiam.
987 1590 1040 1664 Ad
1067 1590 1294 1684 propositum
1321 1611 1435 1688 ergo:
1462 1612 1549 1665 cum
1579 1591 1682 1665 Paris
1714 1592 1897 1686 rapuisset

720 1710 909 1801 Helenam,
928 1710 983 1783 isti
1007 1709 1081 1785 duo
1107 1730 1214 1806 reges
1240 1710 1371 1785 tratres
1397 1710 1487 1803 eius,
1509 1709 1635 1784 audito
1659 1731 1812 1785 rumore
1838 1709 1894 1784 in·

720 1831 820 1924 lauri,
847 1831 968 1905 subito
993 1830 1238 1905 ascenderunt
1263 1848 1375 1904 unam
1411 1830 1569 1927 galeam,
1602 1837 1640 1905 et
1665 1830 1893 1905 velocissime

720 1949 836 2025 secuti
862 1958 947 2024 sunt
972 1971 1080 2044 eum;
1106 1949 1170 2025 sed
1196 1950 1316 2024 statim
1343 1957 1424 2024 orta
1451 1950 1569 2025 valida
1590 1956 1806 2046 tempestate
1825 1950 1892 2024 ab·

719 2070 808 2145 sorti
825 2077 909 2143 sunt
927 2070 963 2143 in
979 2062 1015 2161 (²)
1043 2070 1155 2162 mari;
1182 2076 1219 2144 el
1243 2070 1331 2164 quia
1353 2090 1543 2165 nunquam
1566 2078 1690 2165 postea
1708 2070 1775 2146 visi
1793 2076 1890 2163 sunt,

718 2210 787 2264 nec
812 2190 943 2264 scitum
971 2189 1038 2263 luit
1072 2190 1119 2264 de
1148 2210 1278 2263 eorum
1314 2197 1434 2265 morte
1464 2192 1522 2265 vel
1555 2190 1755 2286 sepultura,
1787 2190 1892 2265 lacile

716 2329 936 2404 persuasum
963 2316 1019 2383 est
1042 2309 1167 2405 vulgo,
1186 2309 1285 2404 quod
1312 2310 1458 2384 lucrant
1481 2311 1572 2405 rapti
1590 2310 1626 2385 in
1647 2312 1782 2385 coelum
1804 2331 1892 2406 pro-

715 2437 798 2524 pter
823 2448 955 2503 eorum
982 2429 1158 2504 virtutem
1185 2436 1222 2504 et
1247 2430 1415 2525 gloriam,
1442 2430 1537 2505 sicut
1566 2438 1667 2505 recte
1691 2430 1819 2505 accidit
1844 2429 1891 2505 de

717 2551 876 2625 Romulo
903 2550 940 2624 in
973 2551 1080 2625 simili
1112 2572 1200 2625 casu
1236 2557 1403 2646 tempore
1438 2550 1565 2625 mortis
1599 2551 1767 2628 violenta
1799 2552 1888 2626 eius.

717 2670 841 2744 Poetae
866 2690 957 2743 vero
983 2669 1169 2744 linxerunt
1194 2670 1291 2763 quod
1318 2678 1424 2746 erant
1441 2670 1607 2745 conversi
1625 2670 1661 2743 in
1680 2670 1799 2746 sidera
1824 2690 1890 2768 ge·

718 2790 923 2884 minorum,
943 2790 1040 2864 unde
1056 2791 1240 2865 Homerus
1258 2789 1306 2863 Xl
1325 2790 1495 2888 Odysseae
1520 2790 1715 2866 introducit
1736 2792 1887 2887 Ulyxem

717 2908 924 2983 dicentem:
956 2915 1000 2982 Et
1035 2913 1165 2983 Ledam
1199 2913 1271 2984 aidi
1309 2914 1467 3003 Tyndari
1502 2933 1671 3004 acorem,
1712 2932 1789 3004 qua
1826 2912 1889 2985 sub

722 3031 890 3119 Tyndaro
902 3032 1115 3121 fortissimos
1132 3034 1252 3120 penult
1263 3032 1367 3124 filios,
1385 3036 1563 3105 Castorem
1576 3052 1663 3125 equo
1680 3032 1887 3122 bellicosum,

712 3152 846 3242 pupillo
883 3150 1010 3221 bonum
1046 3152 1249 3223 Pollucem·
1269 3150 1473 3245 Aliquando
1505 3159 1606 3228 certe
1637 3152 1793 3227 vicissim
1833 3152 1888 3226 vi-

715 3276 818 3363 vunt,
843 3268 1038 3364 aliquando
1073 3277 1200 3345 autem
1237 3271 1458 3368 moriuntur,
1487 3273 1591 3368 idest,
1619 3274 1706 3368 quia
1739 3272 1886 3367 quando

716 3415 812 3467 unus
830 3390 918 3465 vivit
934 3391 1027 3465 alter
1045 3392 1214 3485 moritur,
1233 3397 1269 3466 el
1287 3412 1309 3466 e
1331 3412 1527 3489 converso;
1546 3395 1644 3489 quod
1662 3394 1743 3469 ideo
1760 3376 1884 3468 lictum

713 3521 780 3607 est,
806 3513 893 3607 quia
918 3532 1050 3586 eorum
1077 3513 1191 3586 stellae
1216 3512 1265 3587 ita
1300 3532 1340 3588 se
1372 3513 1519 3609 babent,
1546 3514 1645 3609 quod
1675 3535 1750 3588 una
1775 3534 1888 3607 appa·

713 3640 831 3726 rente,
856 3631 972 3706 altera
997 3631 1087 3706 latet
1111 3636 1148 3706 et
1175 3652 1406 3707 econverso.
1428 3633 1491 3707 Est
1506 3641 1632 3709 autem
1654 3633 1799 3731 signum
1820 3652 1888 3729 ge-

713 3754 900 3827 minorum
927 3752 1074 3847 signum
1101 3754 1320 3847 humanum,
1339 3775 1414 3847 quo
1439 3754 1670 3848 ascendente,
1689 3760 1795 3849 poeta
1819 3774 1886 3827 uo-

713 3882 788 3951 ster
814 3880 922 3948 natus
946 3880 1020 3967 est3
1047 3873 1128 3947 ideo
1154 3872 1238 3948 lecit
1263 3874 1435 3948 libentius
1462 3874 1684 3950 mentionem
1711 3874 1757 3949 de
1782 3873 1886 3969 signo

711 3992 960 4092 geminorum,
990 3992 1088 4087 quod
1117 3992 1289 4067 libentius
1313 3993 1631 4089 contemplabatur
1661 3994 1698 4068 in
1723 3992 1884 4086 zodiaco,

712 4135 798 4190 cum
827 4114 876 4189 ita
903 4115 1009 4208 bene,
1036 4113 1111 4186 imo
1138 4112 1280 4203 melius,
1299 4122 1421 4209 posset
1437 4114 1560 4189 dicere
1585 4115 1630 4189 de
1657 4134 1803 4207 cancro,
1821 4098 1884 4206 qui

713 4235 830 4331 magis
853 4234 961 4309 distat
986 4233 1034 4309 ab
1051 4233 1294 4327 aequinoctiali
1316 4240 1353 4308 et
1370 4235 1486 4331 magis
1504 4235 1771 4330 appropinquat
1788 4234 1882 4329 polo.

710 4397 759 4411 -
776 4360 887 4431 Gonu.
913 4356 979 4430 llic
1005 4354 1176 4453 Virgilius
1201 4354 1307 4429 docet
1336 4362 1481 4451 poetam
1513 4375 1737 4453 cognoscere
1762 4355 1884 4430 diver·

710 4498 793 4551 sum
820 4476 1009 4552 introitum
1037 4476 1121 4551 solis
1151 4482 1188 4551 et
1221 4475 1404 4551 diversam
1443 4476 1629 4572 umbram,
1668 4497 1734 4572 per
1767 4498 1882 4551 unam

709 4596 868 4695 liguram
896 4605 933 4671 et
957 4596 1307 4673 demonstrationem
1335 4595 1495 4692 claram3
1521 4604 1559 4671 et
1584 4596 1745 4672 breviter
1775 4596 1859 4673 dicit
1871 4589 1893 4669 τ’

708 4717 898 4793 considera
917 4718 954 4791 in
972 4724 1097 4792 mente
1115 4722 1179 4790 tua
1206 4716 1304 4810 quod
1332 4736 1437 4790 mons
1461 4716 1560 4813 Syon
1580 4716 1643 4810 qui
1665 4722 1719 4791 est
1740 4716 1777 4789 in
1797 4716 1883 4789 ilie-

709 4838 882 4931 rusalem,
902 4859 987 4932 quae
1007 4843 1063 4913 est
1087 4836 1125 4910 in
1151 4836 1272 4910 medio
1299 4836 1425 4909 mundi
1444 4836 1480 4908 in
1502 4842 1601 4911 terra
1621 4835 1817 4929 habitabili,
1837 4834 1882 4910 sit

725 5103 729 5109 ’
772 5095 799 5157 (¹)
817 5100 871 5155 tlt,
887 5096 980 5147 mortis
995 5096 1200 5161 Agamemnonis
1215 5094 1366 5147 nobilissimi
1381 5094 1462 5145 ducis.
1608 5090 1637 5155 ι’)
1653 5092 1678 5142 S.
1695 5106 1721 5141 ιιι
1737 5102 1817 5141 mare.
