4542 6842
697 976 768 1042 42⁰
1057 983 1261 1040 cumcurl
1286 984 1506 1038 runcaronu

696 1133 868 1232 Virgilius
881 1131 981 1226 dixit,
995 1151 1068 1204 non
1081 1135 1280 1224 expectans
1293 1129 1449 1204 ulterius
1461 1129 1711 1206 narrationem
1726 1151 1870 1204 meam:

696 1277 735 1330 se
758 1261 793 1328 tu
810 1255 924 1327 assessi
939 1259 1036 1326 cento
1056 1253 1170 1342 torve,
1186 1249 1290 1343 idest,
1308 1256 1534 1345 coperturas,
1552 1271 1664 1344 sopra
1680 1254 1718 1325 ta
1734 1255 1872 1347 (acm,-

697 1382 754 1452 est
778 1374 874 1450 enirn
902 1373 1006 1447 larva
1030 1371 1091 1446 illa
1117 1370 1248 1467 ligura,
1270 1370 1349 1446 sive
1364 1370 1606 1444 simulacrum
1632 1371 1732 1464 quod
1757 1391 1871 1466 appo-

698 1495 798 1570 nitur
822 1493 937 1588 laciei,
963 1490 1010 1566 ad
1035 1489 1228 1566 celandam
1259 1489 1425 1565 notitiam
1456 1489 1624 1586 bominis,
1649 1490 1695 1565 ad
1729 1497 1872 1566 terren-

696 1614 786 1690 dum
811 1633 960 1710 pueros,
985 1631 1057 1684 uon
1081 1613 1131 1684 mi
1154 1612 1275 1682 serien
1304 1601 1431 1701 clduse',
1456 1610 1560 1705 idest,
1586 1610 1733 1707 ignotae,
1761 1615 1792 1684 le
1816 1617 1872 1684 ue

698 1737 909 1827 aopttuziou,
922 1737 1144 1825 quantunque
1159 1750 1284 1824 paroc,
1297 1729 1402 1825 idest,
1414 1730 1568 1804 occultae
1586 1736 1624 1805 et
1639 1729 1870 1805 abscondite.

700 1857 744 1930 Et
769 1853 941 1929 continuo
967 1850 1139 1947 Virgilius
1164 1849 1415 1944 interpretavit
1441 1849 1630 1944 visionem,
1647 1848 1790 1924 dicens:
1817 1841 1873 1923 u'd

699 1978 760 2050 cite
784 1975 922 2064 vedasti,
939 1972 976 2046 in
993 1972 1053 2046 illa
1070 1970 1315 2046 abstractione
1331 1969 1476 2064 mentis,
1492 1967 1675 2064 supcrcbc'
1689 1991 1761 2044 uon
1776 1991 1874 2044 scuse

700 2101 736 2172 d’
748 2099 851 2189 apu'r
869 2097 902 2167 lo
919 2113 1038 2182 cuore,
1055 2092 1157 2186 idest,
1180 2112 1228 2166 ne
1254 2111 1403 2166 recuses
1422 2089 1617 2185 disponere
1632 2091 1799 2165 animum
1817 2090 1874 2164 in·

555 2216 559 2222 ’
700 2213 876 2293 duratum
896 2213 991 2307 odio,
1008 2215 1068 2286 oll'
1081 2232 1190 2304 acque
1205 2215 1298 2286 dello
1312 2233 1414 2305 poce,
1430 2232 1543 2306 quam
1562 2211 1671 2288 oliert
1687 2211 1751 2285 tibi
1771 2211 1873 2285 Deus

700 2337 729 2412 si
759 2335 878 2432 parcis
906 2332 1035 2408 alteri:
1066 2332 1166 2406 unde
1194 2331 1290 2425 dicit,
1321 2334 1382 2404 cte
1408 2352 1474 2405 sou
1508 2333 1633 2424 difflue
1665 2333 1744 2404 dall
1756 2337 1888 2404 eteruo'

698 2463 806 2553 sonte,
832 2456 935 2549 idest,
961 2455 1050 2546 Deo,
1075 2453 1181 2546 quasi
1209 2451 1306 2526 dicat
1340 2451 1525 2528 breviter:
1552 2451 1728 2546 quidquid
1755 2451 1872 2525 vidisti

701 2579 875 2654 admonet
901 2582 937 2649 te
963 2592 1128 2669 parcere,
1146 2572 1176 2645 si
1198 2571 1252 2646 vis
1278 2571 1417 2647 babere
1441 2591 1571 2667 pacem
1597 2592 1684 2646 cum
1709 2573 1785 2646 Deo
1810 2573 1872 2666 qui

704 2703 832 2796 parcat
856 2695 938 2788 tibi3
964 2714 1010 2768 au
1037 2699 1076 2766 tu
1105 2693 1192 2786 quia
1216 2712 1257 2766 es
1286 2691 1415 2765 nobilis
1444 2712 1519 2766 uon
1552 2692 1607 2768 vis
1637 2693 1800 2768 inclinari
1824 2693 1872 2767 ad

701 2819 737 2894 id
763 2819 808 2892 ad
834 2816 933 2912 quod
959 2835 1055 2909 saepe
1080 2812 1324 2887 inclinabatur
1349 2813 1472 2887 Caesar
1496 2813 1696 2910 Augustus,
1714 2821 1752 2888 et
1774 2833 1874 2887 sem·

702 2960 769 3037 per
794 2935 912 3011 Julius
937 2935 1088 3009 Caesart
1114 2932 1158 3005 Et
1188 2931 1247 3006 bic
1273 2937 1359 3007 nota
1385 2933 1484 3026 quod
1514 2931 1598 3008 licet
1630 2953 1784 3028 parcere
1818 2933 1874 3006 vi-

702 3060 833 3136 deatur
859 3055 1004 3152 propria
1031 3053 1148 3127 virtus
1173 3059 1397 3146 sanctornm,
1424 3059 1547 3128 tamen
1573 3060 1629 3128 est
1654 3054 1765 3128 etiam
1791 3074 1875 3128 mos

702 3177 1038 3276 magnanimorum,
1057 3181 1098 3246 ut
1114 3172 1239 3248 scribit
1254 3172 1488 3268 pbilosopbus
1509 3173 1539 3245 ll
1569 3172 1872 3268 Rhetoricorum3

703 3299 801 3375 unde
825 3299 947 3373 Caesar
972 3295 1010 3368 in
1036 3295 1105 3368 hoc
1134 3293 1291 3387 praebuit
1320 3293 1532 3388 exemplum
1565 3293 1875 3390 magnanimitatis

703 3420 762 3495 cui
787 3415 887 3492 aliud
912 3435 986 3489 non
1012 3413 1124 3510 possit
1148 3413 1366 3507 comparari.
1392 3413 1485 3488 Nam
1511 3435 1598 3488 curu
1624 3414 1663 3488 in
1687 3413 1869 3488 Thessalia

703 3543 824 3616 essent
854 3539 1082 3631 praesentatae
1115 3532 1182 3606 sibi
1211 3552 1330 3629 capsae
1363 3533 1601 3628 epistolarum
1636 3541 1673 3608 et
1706 3533 1873 3609 omniurn

703 3659 971 3754 scripturarum
989 3653 1139 3748 Pompei
1164 3652 1285 3727 subito
1309 3655 1468 3728 cremari
1493 3654 1577 3729 lecit
1598 3662 1637 3730 et
1656 3655 1743 3729 nibil
1767 3653 1874 3750 legit:

701 3779 820 3854 simile
844 3775 928 3851 lecit
953 3774 990 3847 in
1015 3773 1135 3847 Airica
1161 3772 1207 3848 de
1237 3772 1350 3846 literis
1376 3773 1551 3868 Scipionis
1567 3774 1687 3850 soceri
1710 3773 1872 3868 Pompei,

703 3901 796 3975 sicut
828 3895 952 3970 scribit
983 3893 1120 3967 Plinius
1145 3892 1206 3965 Vll
1231 3892 1408 3967 naturalis
1440 3893 1611 3970 bistoriae.
1625 3899 1778 3968 -Noru
1810 3893 1876 3969 llic

703 4018 874 4116 Virgilius
900 4012 1094 4110 respondet
1119 4013 1310 4106 questioni
1337 4013 1475 4108 tacitae3
1501 4015 1590 4109 quia
1615 4015 1712 4090 enim
1739 4016 1875 4090 Dentes

705 4144 847 4236 poterat
871 4135 1013 4210 dicere:
1039 4132 1076 4207 Si
1102 4153 1194 4229 ergo
1219 4140 1260 4206 tu
1285 4131 1426 4208 sciebas
1454 4154 1607 4208 cansam
1640 4134 1874 4210 intrinsecam

705 4279 798 4334 meae
823 4253 1050 4349 turbationis
1069 4273 1188 4348 quare
1212 4254 1362 4348 petebas
1379 4253 1468 4348 quid
1488 4255 1687 4330 baberemt
1702 4254 1757 4329 Ad
1774 4253 1874 4349 quod

704 4376 898 4474 respondet
922 4373 1106 4471 Virgilius,
1131 4373 1231 4468 quod
1257 4394 1331 4448 nou
1352 4394 1399 4448 ex
1415 4373 1622 4470 ignorantia
1641 4376 1706 4450 sed
1722 4375 1769 4449 ad
1786 4395 1877 4450 con·

703 4496 925 4574 firmandum
952 4495 1072 4590 ipsum
1098 4499 1135 4568 et
1160 4493 1386 4568 monendum
1403 4485 1439 4585 (¹)
1475 4493 1574 4588 quod
1603 4493 1760 4569 disceret
1790 4515 1876 4590 par-

703 4639 799 4694 cere.
833 4617 877 4690 Et
914 4617 1018 4690 litera
1053 4615 1198 4690 videtur
1224 4613 1330 4688 valde
1367 4613 1546 4708 obscura,
1584 4614 1648 4688 sed
1677 4614 1876 4692 sententia-

702 4739 785 4814 liter
810 4736 981 4834 Virgilius
1006 4736 1085 4810 vult
1108 4734 1233 4809 dicere
1258 4733 1357 4828 quod
1382 4753 1456 4808 uon
1472 4734 1601 4830 petivit
1621 4740 1770 4830 propter
1787 4733 1877 4808 illud

703 4865 853 4954 propter
877 4855 976 4952 quod
1002 4854 1090 4950 petit
1116 4854 1177 4929 ille
1198 4853 1261 4948 qui
1277 4853 1376 4928 videt
1395 4859 1539 4927 tantum
1557 4873 1645 4928 cum
1666 4855 1775 4929 oculo
1791 4874 1876 4928 cor-

765 5105 792 5170 d)
808 5107 839 5156 Ε.
855 5109 882 5157 et
899 5106 1098 5157 admouendum.
