4542 6842
697 957 768 1025 394
1054 971 1259 1026 ccuuuruu
1284 971 1506 1026 ruuearoau

693 1114 779 1208 quia
804 1135 910 1188 amor
936 1120 973 1189 et
998 1113 1194 1188 liberalitas
1218 1114 1294 1188 duo
1319 1120 1415 1208 suut,
1433 1133 1520 1208 quae
1542 1112 1721 1187 inducunt
1746 1111 1867 1187 bomi-

694 1255 758 1310 uee
775 1234 821 1309 ad
839 1235 978 1328 pulcra'
991 1241 1029 1310 et
1053 1235 1295 1328 delectabilia;
1313 1241 1352 1310 et
1367 1235 1471 1310 dicit:
1490 1224 1527 1308 td
1546 1237 1635 1308 dove
1658 1237 1673 1306 i
1696 1253 1783 1306 caer
1797 1254 1864 1307 soa

689 1358 770 1450 fatti
793 1349 823 1428 si
848 1358 1016 1447 muluupt,
1042 1354 1145 1450 idest,
1162 1355 1200 1428 iu
1225 1377 1300 1450 qua
1317 1355 1555 1430 Romaudulia
1576 1355 1690 1429 animi
1711 1361 1797 1429 suut
1813 1356 1864 1430 ita

690 1477 819 1551 mutati
846 1476 894 1550 ab
919 1495 1048 1550 amore
1073 1475 1110 1548 iu
1135 1474 1274 1568 odium,
1291 1497 1314 1550 a
1331 1475 1537 1550 curialitate
1556 1475 1594 1548 iu
1616 1474 1861 1570 cupiditatem.

690 1597 734 1671 Et
758 1595 852 1690 vide,
879 1596 977 1690 quod
1002 1595 1114 1689 aliqui
1132 1595 1299 1670 reieruut
1317 1600 1435 1670 totum
1454 1595 1551 1670 istud
1566 1594 1704 1670 dictum
1722 1596 1864 1669 solum·

692 1715 871 1791 modoad
896 1716 1127 1808 Ravennam3
1153 1715 1217 1790 sed
1244 1717 1314 1791 boc
1339 1736 1413 1789 uon
1439 1715 1601 1791 ridetur:
1623 1716 1738 1788 immo
1763 1715 1861 1790 rele-

692 1837 847 1912 rendum
874 1841 929 1910 est
953 1835 1000 1908 ad
1025 1840 1140 1908 totaru
1166 1834 1453 1910 Romaudiulam.
1472 1835 1575 1910 Unde
1591 1836 1714 1910 statim
1738 1841 1863 1909 osteu-

690 1956 751 2050 dit,
778 1955 876 2050 quud
900 1975 1007 2029 amor
1032 1960 1069 2029 et
1095 1955 1291 2030 liberalitas
1308 1955 1457 2030 recessit
1472 1955 1520 2030 de
1536 1955 1653 2050 patria
1670 1975 1749 2028 sua.
1764 1959 1861 2028 -0

690 2079 900 2150 Bretiucrot
916 2074 982 2149 Hic
1001 2074 1118 2149 Guidu
1136 2095 1223 2148 cum
1241 2075 1369 2149 dolere
1388 2074 1568 2150 convertit
1585 2093 1796 2149 sermonem
1814 2073 1862 2147 ad

690 2197 845 2294 patriam
871 2215 990 2290 suam,
1007 2194 1131 2270 diceus
1148 2196 1408 2270 exclamative:
1426 2216 1449 2268 o
1465 2197 1674 2268 Bretiaoro!
1689 2194 1788 2267 Istud
1806 2199 1862 2268 est

690 2317 954 2392 nobilissimum
981 2317 1173 2390 castellum
1198 2316 1303 2410 quasi
1329 2316 1366 2388 iu
1392 2323 1520 2390 centro
1549 2314 1798 2390 Romaudiolae
1822 2314 1859 2388 iu

690 2443 815 2512 munte
839 2437 950 2510 situm
977 2457 1088 2531 supra
1113 2436 1327 2530 Forlivium,
1353 2435 1738 2531 babeuspulcerrima
1765 2455 1861 2509 rnoe·

690 2556 762 2650 uia,
788 2563 824 2631 et
850 2557 930 2631 loca
955 2577 1103 2630 amoeua
1129 2562 1167 2630 et
1183 2555 1334 2650 lertilia3
1354 2553 1417 2630 cdd
1439 2577 1511 2629 non
1532 2559 1636 2649 sappi
1654 2559 1737 2628 vta?
1754 2554 1859 2648 quasi

689 2675 804 2750 dicat:
831 2697 900 2750 cur
925 2697 998 2752 uun
1026 2675 1166 2750 recedis
1189 2675 1236 2750 de
1260 2679 1453 2750 contrata?
1474 2679 1537 2768 poi
1560 2677 1620 2747 cle
1643 2678 1718 2766 pita
1736 2695 1774 2746 se
1797 2671 1862 2748 a’e*

689 2802 726 2872 la
751 2805 811 2871 tua
833 2800 1009 2892 samiqtia,
1034 2796 1136 2889 idest,
1162 2802 1238 2869 tam
1273 2795 1402 2870 nobilis
1431 2801 1469 2870 et
1499 2795 1646 2870 curialis
1675 2794 1817 2888 deiecit,
1844 2815 1864 2866 c

689 2920 797 2992 nwltc
821 2926 933 3010 puae,
959 2937 1043 3012 quae
1069 2921 1150 2992 erat
1173 2917 1282 3011 bona,
1306 2938 1376 3009 per
1407 2937 1477 2988 non
1509 2937 1606 2989 esser
1634 2917 1725 2988 ria?
1758 2915 1862 3007 idest,

691 3037 850 3132 recessit,
878 3059 924 3112 ue
951 3045 1206 3112 reservaretur
1230 3037 1277 3112 ad
1303 3037 1369 3111 ista
1396 3043 1563 3132 tempora
1588 3057 1713 3132 prava.
1735 3037 1780 3109 Et
1804 3036 1863 3110 bic

689 3167 788 3252 uota,
815 3165 857 3232 ut
883 3158 1016 3252 videas,
1042 3157 1073 3232 si
1099 3177 1234 3254 magua
1260 3158 1427 3233 nobilitas
1456 3157 1604 3253 vigebat
1635 3158 1745 3252 paulo
1776 3162 1863 3231 aute

687 3279 725 3353 iu
745 3280 970 3374 Breteuorio,
989 3278 1088 3374 quod
1106 3285 1273 3374 tempure
1298 3278 1401 3353 istius
1417 3277 1603 3371 cuidonis,
1620 3278 1769 3372 quaudo
1793 3277 1862 3351 ali-

688 3400 770 3494 quis
796 3401 853 3474 vir
879 3399 1007 3475 nobilis
1027 3407 1064 3474 et
1080 3399 1303 3475 honorabilis
1322 3399 1526 3495 applicabat
1544 3398 1591 3472 ad
1608 3403 1760 3490 terram,
1779 3417 1861 3472 ma·

687 3541 758 3617 gua
786 3520 970 3596 contentio
996 3525 1076 3594 erat
1100 3519 1196 3594 inter
1223 3521 1358 3593 multos
1387 3519 1528 3593 nubiles
1555 3519 1602 3592 de
1631 3517 1858 3610 Breteucric‚

688 3641 724 3714 iu
758 3641 864 3715 cuius
896 3641 1048 3715 domurn
1083 3640 1143 3716 ille
1176 3639 1257 3714 talis
1290 3639 1444 3715 lorensis
1477 3639 1631 3714 deberet
1664 3637 1858 3713 declinare.

687 3761 843 3856 Propter
864 3760 962 3856 quod
980 3760 1212 3836 concorditer
1228 3765 1482 3835 convenerunt
1499 3758 1594 3834 iuter
1610 3779 1662 3852 se,
1680 3757 1779 3852 quud
1796 3778 1861 3832 co·

688 3881 815 3954 lumua
842 3879 982 3975 lapidea
1008 3880 1186 3977 figeretur
1202 3879 1239 3954 in
1257 3879 1378 3954 medio
1394 3880 1524 3974 plateae
1540 3899 1628 3952 cum
1654 3877 1778 3951 multis
1794 3898 1863 3951 au·

689 4001 784 4074 uulis
809 4001 950 4096 ierreiS,
976 4007 1013 4075 et
1037 4001 1157 4074 omnis
1182 3999 1444 4096 superveniens
1475 4005 1572 4074 esset
1597 4000 1728 4092 bospes
1753 3999 1859 4092 illius,

688 4119 734 4193 ad
760 4119 866 4194 cuius
885 4121 1066 4219 annulum
1084 4120 1253 4216 alligaret
1270 4139 1421 4214 equum.
1435 4159 1485 4172 -
1497 4123 1572 4192 Ben
1586 4123 1638 4212 sa.
1660 4119 1724 4193 llic
1741 4117 1861 4194 Guido

688 4241 922 4314 commendat
948 4261 1059 4315 uuam
1086 4247 1225 4314 terram
1252 4240 1299 4313 ab
1325 4259 1371 4314 eo
1396 4238 1494 4333 quod
1519 4238 1576 4312 sui
1601 4238 1741 4314 nobiles
1760 4237 1843 4312 dele

688 4367 831 4454 cerunt,
857 4366 894 4436 et
919 4361 1011 4435 duas
1035 4359 1188 4435 damnat
1210 4360 1257 4433 ab
1278 4380 1324 4435 eu
1341 4359 1441 4453 quod
1456 4357 1578 4434 adbuc
1598 4358 1757 4434 retinent
1773 4379 1861 4434 suos

638 4561 642 4570 ,
686 4479 825 4572 nubiles
851 4479 1079 4576 depravatos.
1106 4479 1198 4554 llicit
1222 4500 1332 4576 ergo:
1358 4481 1423 4552 deu
1444 4482 1487 4573 su
1511 4483 1755 4571 adpendere,
1777 4501 1859 4554 ma-

686 4619 800 4696 guum
828 4606 990 4676 castrum
1017 4608 1072 4674 est
1096 4599 1192 4674 iuter
1215 4600 1368 4674 imolam
1395 4604 1432 4674 et
1456 4599 1670 4673 Ravennam
1686 4593 1735 4692 (¹),
1756 4598 1855 4694 quud

689 4719 814 4792 babuit
844 4719 931 4794 olim
961 4719 1113 4794 comites
1139 4719 1289 4812 nobiles,
1314 4719 1519 4793 curialitate
1545 4719 1680 4814 plenos,
1701 4721 1762 4792 cte
1785 4739 1858 4792 non

691 4843 837 4932 rtfiplia,
856 4839 959 4934 idest,
977 4861 1049 4916 uun
1075 4839 1191 4938 gignit
1215 4839 1371 4936 amplius
1396 4839 1521 4915 dulces
1541 4839 1632 4914 lilios
1656 4859 1755 4933 suos,
1772 4839 1857 4932 quia

751 5098 779 5164 (¹)
795 5099 825 5152 E.
842 5101 991 5152 Ravennam
1008 5106 1035 5151 el
1051 5101 1200 5152 Ferentium
1216 5105 1243 5150 et
1257 5099 1328 5164 quod
1344 5099 1443 5150 babuit.
