4542 6842
728 957 800 1025 428
1087 967 1292 1024 connrrrun
1316 970 1536 1026 aunonronn

726 1114 851 1210 Agnus
877 1114 941 1189 Dei
967 1114 1142 1190 innocens
1166 1115 1426 1190 immaculatus
1450 1115 1656 1191 humillime
1672 1117 1838 1211 permisit
1856 1137 1897 1192 se

725 1233 810 1308 duci
834 1234 881 1308 ad
907 1233 1093 1310 victimam
1119 1235 1166 1310 ad
1190 1235 1405 1330 placandam
1436 1235 1530 1310 iram
1563 1235 1681 1309 Patris
1714 1237 1900 1329 invetera-

726 1361 800 1428 tam
827 1374 913 1428 cum
940 1355 1120 1451 sanguine
1144 1376 1237 1429 suo:
1263 1353 1345 1451 ideo
1370 1355 1475 1430 dicit:
1501 1357 1562 1430 cle
1585 1359 1782 1449 lepcccntn
1806 1360 1897 1447 laun,

725 1473 860 1548 scilicet
884 1474 1077 1548 hominurn
1111 1494 1184 1549 non
1215 1495 1304 1569 sua;
1330 1481 1367 1550 et
1392 1475 1508 1572 tangit
1538 1475 1689 1550 modum
1721 1476 1896 1551 orationis

725 1614 838 1687 quarn
874 1596 1080 1690 cantabant,
1111 1595 1254 1671 dicens:
1278 1617 1368 1688 parc
1392 1601 1514 1686 Annus
1538 1599 1605 1670 Dei
1633 1617 1722 1670 mon
1756 1601 1786 1670 lc
1818 1599 1896 1670 loro

725 1716 880 1804 crnrdia,
906 1713 1008 1809 idest,
1038 1715 1215 1812 principia
1240 1716 1422 1812 captantia
1448 1717 1752 1810 benevolentiam,
1778 1723 1816 1792 et
1840 1717 1898 1790 in-

724 1832 895 1908 ducentia
920 1834 1038 1909 Deum
1066 1835 1112 1910 ad
1138 1835 1497 1910 commiserationem
1513 1830 1562 1928 (¹).
1589 1837 1634 1910 Et
1658 1836 1799 1912 subdit:
1825 1857 1897 1910 nna

670 2030 675 2052 ἴ
718 1957 854 2046 paratu
878 1976 943 2028 cra
967 1957 1005 2028 in
1030 1959 1104 2028 tutti
1127 1979 1146 2028 e
1169 1977 1218 2028 un
1242 1959 1360 2049 modo,
1387 1957 1474 2050 quia
1500 1965 1673 2051 quaerunt
1690 1978 1788 2032 unus
1804 1958 1896 2032 libe·

725 2075 914 2150 rationem·
931 2075 1093 2169 alterius,
1112 2076 1176 2150 unt
1197 2077 1414 2171 quaerebant
1429 2076 1715 2152 destructionem
1741 2077 1779 2152 in
1805 2076 1896 2172 rita,

724 2195 822 2270 unde
846 2195 950 2270 dicit:
968 2189 998 2269 sl
1015 2199 1074 2268 clre
1086 2217 1203 2290 parca
1220 2205 1278 2270 tro
1297 2219 1371 2270 csse
1386 2200 1471 2288 opat
1489 2201 1703 2291 corwordia3
1725 2198 1787 2271 ubi
1807 2197 1896 2272 olim

719 2323 828 2391 erant
853 2317 949 2392 inter
974 2337 1014 2392 se
1038 2317 1235 2412 discordes,
1253 2318 1330 2392 imo
1356 2318 1437 2393 irati
1455 2324 1541 2392 sunt
1562 2323 1809 2414 repugnantes
1829 2316 1896 2391 sibi

722 2435 815 2531 ipsis.
844 2436 981 2512 Deinde
1007 2443 1112 2530 poeta
1138 2437 1295 2514 ostendit
1321 2437 1508 2532 quomodo
1532 2437 1786 2513 certioraverit
1801 2428 1838 2529 (²)
1855 2457 1897 2512 se

721 2556 768 2631 de
793 2557 867 2630 istis
893 2563 931 2632 et
956 2576 1087 2631 eorum
1123 2557 1354 2654 purgatione,
1379 2557 1526 2632 dicens:
1558 2560 1703 2648 dics'a'o,
1728 2565 1894 2650 armeno,

721 2676 906 2773 ollirglli,
933 2681 1011 2768 quei
1038 2699 1125 2751 sono
1157 2681 1259 2770 spirti
1286 2680 1348 2752 cle
1380 2681 1464 2769 odo,
1490 2699 1584 2773 quos
1615 2699 1797 2775 cognosco
1828 2699 1895 2774 per

722 2797 847 2890 verba,
865 2798 950 2872 licet
975 2818 1049 2872 non
1067 2798 1211 2874 videam
1229 2818 1303 2873 eos.
1321 2800 1366 2874 Et
1382 2799 1499 2896 tangit
1519 2799 1792 2895 responsionem
1811 2799 1895 2873 Vir-

721 2917 807 3012 gilii,
833 2915 973 2992 dicens:
999 2925 1033 2990 et
1055 2921 1112 2992 elli
1137 2939 1163 2990 a
1186 2939 1252 3009 me,
1278 2919 1426 3012 scilicet,
1446 2918 1618 3024 Virgilius
1635 2919 1737 3012 dixit,
1754 2927 1893 2994 cunero

720 3040 907 3130 apprendt,
933 3037 1081 3132 scilicet,
1107 3038 1206 3133 quod
1231 3038 1301 3112 sint
1326 3039 1484 3134 spiritus,
1505 3039 1570 3114 sed
1595 3047 1720 3114 tamen
1745 3039 1893 3136 ignoras

720 3157 784 3252 qui
809 3157 891 3250 sint,
917 3158 982 3233 sed
1006 3157 1126 3232 dicam
1153 3158 1227 3252 tibi,
1254 3181 1273 3230 c
1303 3161 1338 3232 d’
1350 3161 1537 3232 tracondia
1567 3179 1639 3232 von
1670 3162 1837 3233 solvendo
1867 3161 1896 3233 it

719 3281 827 3370 nodo,
852 3279 956 3373 idest,
981 3279 1119 3353 vadunt
1145 3278 1319 3354 solvendo
1344 3286 1382 3354 et
1406 3279 1595 3355 liberando
1620 3299 1662 3354 se
1686 3299 1752 3374 per
1774 3279 1892 3375 poeni-

718 3399 869 3476 tentiam
895 3399 943 3473 ab
969 3397 1169 3494 iracundia,
1196 3420 1280 3493 quae
1307 3420 1396 3475 vere
1421 3407 1476 3475 est
1501 3400 1603 3474 tortis
1632 3400 1751 3475 nodus
1776 3400 1892 3497 ligans

717 3520 918 3612 hominem,
945 3519 994 3595 ita
1020 3520 1120 3613 quod
1145 3541 1220 3595 non
1245 3521 1356 3596 habet
1372 3521 1580 3595 libertatem
1597 3519 1666 3615 sui,
1687 3527 1725 3594 et
1744 3526 1800 3596 est
1819 3521 1894 3596 ira·

717 3639 850 3716 cundia
876 3639 932 3713 ira
958 3639 1172 3715 inveterata.
1834 3697 1837 3702 ·

797 3765 849 3836 Or
873 3767 910 3832 tu
934 3762 989 3833 cllr'
1012 3762 1071 3832 re'.
1097 3760 1169 3834 ista
1195 3765 1251 3834 est
1270 3759 1431 3834 secunda
1448 3780 1533 3855 pars
1550 3760 1743 3857 generalis,
1760 3761 1798 3834 in
1815 3782 1890 3855 qua

716 3887 824 3975 poeta
851 3886 975 3954 noster
999 3878 1198 3954 introducit
1222 3900 1340 3954 unum
1367 3879 1592 3976 singularem
1615 3879 1783 3976 spiritum
1809 3900 1890 3955 rno-

716 4000 875 4075 demum
902 4007 1121 4096 purgantem
1149 4000 1376 4074 iracundiam
1402 4022 1522 4095 suam,
1540 4000 1604 4095 qui
1625 4000 1784 4075 sentiens
1800 4020 1889 4095 poe-

717 4125 791 4194 tam
818 4120 946 4195 virum
972 4121 1061 4214 petit
1085 4119 1133 4194 ab
1159 4141 1205 4196 eo
1229 4141 1316 4195 cunr
1342 4119 1584 4196 admiratione
1609 4119 1691 4214 quis
1715 4120 1770 4192 sit.
1797 4121 1890 4195 Dicit

716 4259 838 4335 ergon
856 4231 933 4312 Cori
948 4261 1015 4332 per
1039 4261 1111 4314 nnn
1136 4261 1231 4331 voce,
1248 4239 1317 4315 ista
1341 4261 1415 4315 vox
1440 4247 1519 4315 erat
1545 4240 1655 4315 llarci
1679 4240 1887 4336 Lombardi,

714 4361 805 4434 datto
828 4363 889 4452 sn:
914 4380 959 4432 or
984 4366 1020 4434 ln
1044 4363 1098 4434 cdi
1121 4363 1183 4451 se',
1208 4360 1272 4454 qui
1297 4360 1385 4434 dicis
1411 4380 1477 4435 nos
1502 4380 1584 4435 esse
1608 4360 1768 4456 spiritus,
1784 4367 1822 4435 et
1837 4360 1889 4436 sic

715 4500 789 4553 nnn
814 4477 947 4554 videris
973 4499 1054 4555 esse
1073 4480 1233 4576 spiritus,
1251 4483 1310 4553 cta
1322 4484 1348 4553 't
1362 4490 1485 4556 metro
1498 4486 1598 4576 sunm
1611 4483 1723 4575 senati,
1739 4481 1887 4577 scilieet,

714 4619 801 4672 cum
826 4619 994 4694 corpore,
1013 4599 1112 4694 quod
1137 4599 1261 4675 caeteri
1286 4599 1434 4696 spiritus
1459 4622 1533 4676 non
1559 4601 1707 4694 iaciunt,
1728 4622 1747 4673 e
1767 4604 1805 4675 di
1828 4605 1890 4675 nni

709 4723 820 4812 parti,
845 4726 1045 4815 antequam
1060 4711 1097 4813 (³)
1125 4729 1307 4818 mortuus,
1326 4743 1398 4814 pur
1421 4725 1567 4796 eccum
1590 4729 1627 4796 tn
1647 4724 1796 4814 partirer·
1819 4742 1888 4795 nn-

712 4861 799 4913 cora
823 4844 850 4913 u
874 4849 985 4933 tempo
1007 4863 1073 4933 per
1098 4844 1264 4915 calendi?
1288 4842 1399 4930 Quasi
1424 4843 1531 4934 dicat,
1557 4843 1659 4916 velut
1683 4841 1714 4916 si
1740 4840 1886 4918 viveres

775 5027 802 5087 (¹)
820 5029 873 5086 117.
889 5027 1092 5078 misericordiam
1107 5033 1135 5078 et
1150 5029 1352 5080 miserationem.
1477 5027 1505 5092 ζ’)
1520 5028 1552 5079 R
1569 5029 1743 5079 corriomunt
1759 5039 1795 5077 ω,

775 5101 803 5165 (⁸)
819 5102 849 5152 E.
867 5108 999 5167 tamquam
1016 5110 1145 5156 mortuus.
