4542 6842
704 972 846 1029 CANTUS
870 972 1028 1031 DECIMUS
1051 974 1223 1030 OCTAVUS.
1478 964 1549 1029 477

380 1121 460 1190 tum
485 1137 572 1192 cum
597 1116 743 1213 gaudio,
770 1110 841 1192 cosi
871 1140 967 1193 come
997 1122 1026 1193 a
1050 1124 1156 1215 stroco
1184 1121 1315 1192 nwoesi
1346 1122 1385 1192 ta
1415 1123 1548 1212 albara,

378 1238 480 1334 idest,
506 1260 553 1314 ex
580 1239 636 1314 sui
667 1246 799 1315 natura
829 1261 975 1336 semper
1005 1241 1119 1315 tendit
1149 1261 1312 1334 sursum,
1333 1261 1400 1333 per
1425 1242 1462 1313 la
1484 1262 1551 1315 saa

375 1364 498 1457 [amaa
521 1355 606 1435 ab'd
627 1370 713 1436 aaa
737 1382 762 1435 a
785 1364 905 1455 salire,
923 1361 1025 1456 idest,
1052 1368 1105 1438 est
1130 1368 1215 1457 apta
1241 1367 1327 1435 nata
1350 1360 1396 1435 ad
1420 1381 1551 1435 asceu-

378 1481 551 1574 deudum,
577 1470 614 1555 ld
639 1484 739 1573 dove,
764 1481 910 1577 scilicet,
937 1480 974 1555 in
1000 1503 1106 1578 spera
1132 1502 1212 1577 sua,
1235 1476 1297 1575 psa
1320 1484 1358 1555 in
1382 1501 1448 1553 saa
1472 1500 1550 1552 ma

379 1610 456 1677 tera
480 1604 583 1674 dara.
610 1602 653 1705 Et
678 1607 733 1676 est
755 1602 980 1696 comparatio
1000 1601 1339 1678 convenientissima
1356 1599 1404 1675 de
1420 1620 1549 1675 amore

377 1722 424 1797 ad
449 1722 586 1818 iguem,
603 1720 744 1796 ratione
765 1720 931 1815 levitatis,
949 1720 1138 1797 caliditatis
1163 1727 1201 1794 et
1224 1719 1404 1817 potentiae.
1418 1760 1469 1773 -
1484 1723 1546 1793 Or.

377 1842 444 1917 llic
468 1841 599 1915 ultimo
623 1840 795 1938 Virgilius
819 1847 965 1917 ostenso
991 1842 1078 1936 quid
1107 1842 1153 1915 sit
1181 1861 1300 1935 amor,
1326 1846 1364 1915 et
1387 1839 1487 1913 unde
1511 1843 1549 1913 et

378 1961 564 2059 quomodo
588 1966 790 2057 generatur
815 1962 851 2034 iu
874 1962 989 2057 nobis,
1012 1982 1111 2036 nunc
1136 1960 1273 2057 detegit
1289 1980 1456 2035 errorem
1475 1979 1549 2033 cre-

378 2084 521 2177 corum,
548 2081 594 2157 de
618 2081 752 2176 quibus
776 2080 920 2156 dixerat
944 2101 1067 2177 supra.
1087 2080 1179 2155 Dicit
1195 2100 1302 2176 ergo:
1331 2084 1384 2153 Or
1404 2082 1430 2152 a
1444 2084 1549 2171 paote

376 2223 547 2297 apparer,
573 2201 718 2295 scilicet,
744 2222 790 2275 ex
815 2202 895 2296 jam
927 2202 1041 2297 dictis,
1068 2204 1187 2296 qaara'
1199 2194 1220 2274 ἑ
1246 2221 1412 2291 cascesa,
1444 2198 1547 2293 idest,

377 2324 500 2421 ignota
526 2327 563 2396 et
588 2320 765 2417 ignorata,
783 2324 820 2394 lo
838 2324 992 2396 vallada
1009 2324 1083 2395 alla
1099 2329 1199 2414 pente
1222 2324 1427 2411 cb'aooera,
1444 2320 1546 2413 idest,

376 2464 445 2540 pro
470 2461 560 2517 vero
584 2442 685 2535 ponit
710 2447 747 2516 et
766 2443 938 2536 affirmat,
956 2445 1120 2517 amasco
1136 2464 1271 2535 amore,
1289 2442 1374 2517 boui
1395 2449 1432 2516 et
1449 2437 1548 2534 mali,

376 2566 414 2637 iu
438 2584 475 2635 se
499 2562 655 2635 laudabit
678 2582 774 2653 cosa,
799 2560 926 2657 supple
951 2582 1043 2655 esse,
1061 2562 1161 2655 quod
1183 2569 1402 2637 tamennon
1419 2566 1484 2635 est.
1503 2560 1549 2633 Et

376 2682 537 2779 assignat
553 2702 703 2755 causam
722 2680 858 2756 erroris
876 2681 1043 2777 istorum,
1066 2683 1154 2776 quia
1172 2681 1450 2757 considerabant
1467 2701 1548 2753 ma-

376 2802 507 2877 teriam
534 2801 671 2876 amoris
696 2820 776 2875 esse
801 2801 948 2895 bonam,
975 2823 1059 2877 oum
1088 2802 1174 2875 nihil
1199 2802 1310 2898 possit
1334 2801 1452 2875 amari
1478 2800 1545 2873 nisi

376 2922 536 3016 bouum3
562 2920 626 2995 sod
651 2940 725 2994 nou
750 2919 1026 2996 considerabant
1052 2922 1152 3017 quod
1176 2921 1312 3017 aliquid
1338 2927 1456 3015 potest
1481 2940 1547 3015 ap·

376 3061 508 3137 parere
533 3040 684 3133 bonum,
709 3038 809 3133 quod
834 3047 957 3115 tamen
982 3042 1020 3114 iu
1045 3062 1085 3116 se
1111 3042 1251 3115 malurn
1271 3047 1345 3145 est,
1363 3041 1427 3116 sod
1443 3059 1549 3114 arua·

376 3170 439 3236 tur
456 3166 647 3255 tamquam
664 3178 844 3253 apparens
860 3160 1017 3255 bonum3
1032 3160 1130 3236 unde
1142 3161 1251 3237 dicit:
1265 3154 1354 3253 perd
1370 3163 1431 3233 abe
1448 3162 1547 3252 forse

376 3303 512 3375 appare
536 3284 574 3354 la
597 3301 663 3354 sua
687 3287 837 3371 matera
856 3280 1003 3374 scilicet,
1020 3282 1169 3375 amoris,
1186 3281 1223 3354 in
1242 3288 1420 3375 quantum
1439 3300 1546 3354 amor

375 3408 443 3496 est,
459 3422 596 3494 sempre
611 3422 705 3473 esser
721 3401 836 3473 baono
843 3426 859 3494 ,·
876 3406 914 3475 et
930 3400 1025 3475 bene
1042 3400 1127 3475 dicit
1144 3406 1306 3495 apparet,
1324 3400 1410 3494 quia
1427 3400 1544 3496 posito

375 3521 474 3617 quod
488 3521 523 3596 id
536 3520 634 3615 quod
645 3526 793 3595 amatur
810 3518 955 3615 semper
973 3526 1149 3615 appareat
1165 3520 1317 3614 bonum,
1332 3527 1544 3595 nontamen

374 3662 522 3738 semper
551 3642 602 3715 sic
626 3648 692 3735 est,
718 3640 818 3734 quod
842 3640 1004 3715 declarat
1028 3640 1097 3714 sub
1124 3640 1337 3735 metaphora
1363 3641 1490 3736 pulcra
1506 3634 1544 3732 (¹)

374 3763 516 3838 diceus:
531 3782 591 3835 naa
601 3781 672 3833 non
686 3762 849 3833 ciascuao
864 3780 972 3851 semro
984 3756 1143 3851 dbaono,
1156 3781 1281 3851 anaor,
1295 3759 1398 3855 idest,
1411 3780 1546 3854 quam·

374 3883 440 3977 viS,
466 3885 525 3956 aba
549 3883 666 3955 morta
686 3884 742 3954 cia
766 3883 803 3954 la
827 3901 925 3971 cera,
954 3880 1056 3975 idest,
1091 3880 1276 3976 signatum
1292 3872 1341 3974 (¹).
1367 3874 1543 3968 Quamvis

374 4002 472 4078 enim
499 4022 584 4077 cera
610 4001 654 4075 sit
672 4000 709 4075 iu
726 4020 765 4075 se
782 4000 890 4095 bona,
908 4021 981 4074 nou
1001 4006 1124 4074 tamen
1142 4020 1254 4075 omne
1278 4000 1423 4098 signum
1441 3999 1542 4094 quod

374 4122 596 4218 imprimitur
616 4121 653 4195 in
679 4140 723 4196 ea
750 4128 805 4196 est
828 4121 989 4215 bonum3
1012 4120 1061 4194 ita
1079 4120 1196 4215 posito
1222 4122 1319 4215 quod
1346 4142 1406 4196 res
1431 4140 1543 4215 super

374 4262 485 4337 quam
505 4241 682 4315 fundatur
707 4261 814 4315 amor
839 4240 884 4315 sit
908 4240 945 4313 in
970 4259 1010 4314 se
1034 4239 1143 4333 bona,
1162 4246 1285 4315 tamen
1306 4247 1424 4337 potest
1440 4240 1545 4315 inde-

372 4362 447 4438 bite
463 4362 594 4456 amari,
603 4360 707 4435 ‘sicut
724 4380 811 4435 oum
832 4360 913 4454 quis
934 4360 1045 4433 nimia
1071 4380 1163 4435 cura
1188 4368 1290 4435 amat
1314 4360 1542 4458 temporalia,

373 4489 410 4558 et
434 4482 551 4557 multo
577 4481 706 4557 lortius
731 4480 760 4555 si
791 4478 1027 4576 apprehendit
1060 4500 1139 4555 reru
1172 4482 1308 4556 malam
1341 4502 1408 4577 pro
1432 4481 1541 4556 boua.

445 4606 491 4676 Lc
516 4610 570 4676 tue
588 4603 727 4695 parole.
753 4601 825 4675 lsta
850 4608 905 4676 est
930 4599 1087 4674 secunda
1119 4622 1204 4696 pars
1233 4602 1416 4698 generalis
1446 4602 1543 4676 diffi-

371 4722 472 4798 cilior
498 4722 627 4819 prima,
646 4722 683 4796 in
703 4742 777 4817 qua
797 4728 905 4817 poeta
922 4726 1048 4795 movet
1065 4742 1179 4795 unam
1197 4721 1438 4815 quaestionem
1458 4742 1543 4818 quae

371 4843 491 4920 oritur
516 4862 563 4919 ex
591 4842 825 4937 responsione
849 4839 999 4938 Virgilii,
1017 4842 1115 4936 quod
1137 4841 1290 4917 dubium
1307 4850 1377 4918 stat
1394 4851 1542 4919 senteu-

434 5105 461 5167 Γ)
478 5107 532 5162 lli,
549 5104 653 5167 propria
668 5101 764 5155 decus.
900 5100 927 5163 (Ἴ
943 5100 974 5152 E.
990 5102 1131 5168 signatum
1148 5103 1200 5155 lroc
1214 5107 1255 5155 est
1269 5104 1385 5168 qumvis
1399 5105 1478 5154 urim.
