4542 6842
710 938 784 1003 492
1068 941 1278 1003 COHEN'HJM·
1298 940 1518 1002 cenoman

708 1092 761 1165 lix
786 1091 933 1165 biberto
959 1098 1066 1165 natus
1083 1099 1139 1166 est
1155 1092 1366 1187 capitaneus
1383 1091 1686 1185 Bartholomaeus,
1703 1088 1881 1164 alboinus

709 1217 747 1287 el
770 1212 876 1286 Canis
901 1212 1064 1286 Grandis
1091 1212 1226 1287 Habuit
1259 1218 1297 1285 et
1326 1210 1441 1285 iillum
1468 1213 1696 1307 naturalem,
1715 1211 1779 1307 qui
1813 1230 1881 1285 vo-

709 1337 812 1407 catus
845 1339 899 1407 est
933 1334 1075 1428 tosepb.
1093 1332 1176 1406 'llic
1212 1331 1283 1405 init
1312 1331 1425 1405 abbas
1463 1329 1575 1405 sancti
1611 1332 1787 1425 Zenonis3
1824 1332 1881 1405 vir

709 1451 846 1547 probus
876 1458 914 1527 et
941 1452 1085 1549 integer
1115 1474 1136 1527 a
1169 1450 1355 1548 principio,
1381 1452 1445 1526 sed
1471 1452 1621 1527 consilio
1648 1454 1878 1528 medicorum

710 1578 804 1647 tacu
819 1564 856 1664 (¹)
883 1573 1050 1667 muliere,
1070 1572 1172 1649 velut
1188 1573 1398 1667 inquinatus
1425 1572 1505 1668 pice
1528 1572 1672 1668 diaboli,
1691 1573 1808 1648 lactus
1824 1581 1891 1648 ast.

710 1692 1019 1768 sceleratissimus.
1046 1694 1139 1766 Nam
1157 1713 1243 1767 mam
1262 1692 1446 1788 alboinus,
1465 1693 1527 1788 qui
1544 1699 1776 1769 successerat
1791 1694 1892 1768 Bar··

711 1813 905 1887 tholomaeo
931 1814 967 1886 in
993 1813 1165 1906 dominio,
1184 1812 1293 1887 vellet
1313 1832 1359 1886 en
1381 1812 1675 1908 pusillanimitate
1701 1812 1892 1888 reducere·

710 1934 862 2009 comites
888 1934 1001 2008 sancti
1025 1932 1197 2008 Bonilacii
1219 1933 1256 2005 in
1273 1932 1471 2025 Veronam,
1488 1933 1613 2028 abbas,
1631 1940 1884 2027 conquerente

711 2054 820 2147 Cane,
852 2058 1042 2146 tamquam
1073 2052 1261 2127 animosus
1290 2053 1481 2149 increpans
1514 2072 1642 2127 amare
1670 2054 1880 2145 alboinum,

711 2180 853 2249 armata
879 2193 992 2246 mann
1018 2172 1093 2266 ivit,
1120 2178 1158 2247 et
1182 2172 1378 2247 trucidavit
1403 2173 1539 2247 mullos
1564 2192 1609 2246 cx
1637 2172 1740 2247 dictis
1765 2171 1882 2247 corni·-

712 2293 808 2367 tibus
840 2292 885 2365 ad
921 2290 1041 2367 villam
1077 2312 1222 2386 eornm,
1253 2312 1337 2385 qnae
1375 2292 1495 2366 insula
1529 2292 1714 2366 Comitum
1748 2293 1886 2388 primo,
2009 2387 2015 2395 ρ

711 2418 834 2509 postea
861 2420 989 2487 vocata
1015 2418 1071 2487 est
1096 2412 1213 2487 insula
1240 2412 1286 2486 de
1311 2414 1345 2486 la
1369 2411 1484 2486 Scala.
1510 2412 1565 2501 De
1596 2414 1665 2487 isto
1694 2433 1785 2509 ergo
1815 2414 1887 2487 ab·

710 2534 795 2609 bate
820 2534 982 2627 loquitur
1016 2533 1075 2606 hic
1106 2532 1299 2629 praedictns
1328 2532 1461 2625 abbas,
1495 2539 1533 2606 ct
1563 2533 1650 2607 dicit
1678 2533 1805 2608 dolens
1836 2531 1915 2641 ¹¹⁰.

712 2653 808 2727 mala
834 2654 1049 2728 tractatione
1074 2654 1132 2727 sui
1157 2652 1385 2728 monasterii:
1409 2658 1441 2725 Ε
1463 2655 1526 2738 tol,
1544 2652 1690 2747 scilicet,
1712 2654 1883 2729 libertus

712 2774 758 2848 de
783 2773 817 2848 la
842 2774 957 2867 Scala,
984 2778 1030 2847 lo
1055 2765 1116 2866 pici
1141 2778 1164 2847 l
1177 2795 1224 2846 un
1246 2768 1306 2866 pic*
1326 2776 1450 2847 dentre
1466 2775 1503 2846 la
1516 2777 1629 2867 sessa,
1653 2773 1740 2867 qnia
1766 2774 1883 2848 lessus

712 2894 815 2969 senio
841 2894 1032 2968 videbatur
1052 2896 1130 2990 jam
1157 2894 1346 2989 proximus
1373 2893 1575 2985 mortisia
1599 2900 1687 2967 tosto
1708 2884 1886 2986 praeperat

714 3020 792 3107 qrrcl
815 3018 1014 3106 monerem,
1045 3014 1143 3108 qnia,
1177 3014 1321 3107 scilicet,
1356 3014 1536 3089 morietur
1567 3019 1605 3089 et
1633 3016 1711 3089 luet
1737 3034 1883 3110 poenam

712 3135 856 3209 iniuriae
873 3136 977 3209 lactae
994 3140 1119 3209 sancto
1138 3135 1236 3227 loco;
1255 3133 1353 3207 unde
1368 3133 1473 3207 dicit:
1492 3155 1511 3206 e
1532 3137 1630 3207 triste
1648 3137 1700 3227 fio
1719 3138 1886 3208 donavi

713 3260 818 3328 ovato
839 3274 962 3347 possa,
978 3254 1123 3347 scilicet,
1142 3255 1178 3327 in
1201 3254 1320 3349 ipsum
1348 3253 1468 3328 nobile
1488 3254 1772 3329 monasterinm:
1790 3262 1828 3330 et
1847 3255 1887 3328 in

714 3376 784 3449 boc
808 3374 916 3449 tacite
941 3374 1064 3471 arguit
1089 3374 1256 3448 dominos
1282 3375 1512 3469 temporales,
1531 3374 1594 3468 qni
1611 3375 1746 3450 iniuste
1769 3396 1884 3450 occu-

712 3502 800 3591 pant
824 3495 920 3569 bona
946 3494 1197 3589 ecclesiarum,
1214 3502 1279 3569 aut
1305 3495 1560 3592 indignissimis
1578 3496 1737 3571 tradunt.
1756 3498 1800 3570 Et
1827 3516 1885 3569 as·

712 3615 829 3711 signat
865 3634 1028 3710 caumm,
1060 3615 1203 3691 dicens:
1236 3611 1368 3708 pereto*
1404 3636 1469 3690 sao
1497 3619 1609 3709 flpbb,
1648 3616 1796 3711 scilicet,
1821 3617 1885 3691 lo-

712 3736 811 3830 seph,
830 3738 904 3807 mal
925 3736 984 3808 dcl
1006 3756 1113 3827 corpo
1138 3734 1475 3829 incrementat,
1502 3736 1588 3829 quia
1613 3743 1694 3811 erat
1718 3736 1882 3832 eburius,

712 3876 732 3927 c
755 3857 846 3928 dello
872 3862 981 3929 mente
1000 3858 1141 3948 peppto,
1159 3856 1245 3950 quia
1271 3861 1351 3929 erat
1371 3876 1508 3949 pravus
1531 3857 1703 3951 animae
1726 3862 1786 3931 cle
1811 3864 1886 3934 mot

713 3993 858 4066 noeque,
876 3974 961 4067 quia
979 3994 1025 4049 ex
1047 3975 1220 4049 damnato
1237 3974 1335 4049 coitu
1354 3980 1551 4070 conceptus
1574 3975 1705 4070 luerat,
1722 3981 1768 4051 lto
1779 3986 1884 4071 posto

713 4096 740 4169 it
754 4097 858 4185 osopo
875 4097 912 4167 di
927 4116 989 4167 sno
1003 4101 1127 4186 pastor
1146 4114 1243 4187 cero,
1269 4114 1354 4167 cnm
1375 4102 1498 4169 emen
1515 4098 1635 4190 potius
1655 4106 1752 4173 esset
1773 4100 1884 4193 lupus

715 4223 857 4310 raptor3
880 4214 947 4291 luit
972 4214 1070 4288 enim
1098 4214 1209 4288 bomo
1242 4215 1433 4309 violentus,
1459 4216 1506 4291 de
1537 4223 1644 4291 nocte
1674 4218 1886 4294 discurrens

714 4354 779 4430 per
808 4334 984 4409 suburbia
1014 4354 1099 4409 cnm
1130 4334 1282 4409 armatis
1297 4326 1347 4429 (²),
1367 4336 1509 4430 rapiens
1534 4338 1663 4431 multa,
1683 4346 1721 4413 et
1739 4340 1886 4435 replens

714 4454 967 4529 meretricibus
993 4454 1115 4528 locum
1142 4453 1257 4529 illum.
1284 4455 1328 4527 Et
1353 4454 1420 4528 luit
1445 4456 1538 4529 alius
1563 4457 1678 4532 abbas
1694 4458 1825 4555 loseph
1847 4462 1899 4534 ln’

711 4574 807 4648 dicto
832 4574 923 4667 loco,
950 4574 1098 4669 spnrins
1123 4574 1259 4650 alberti
1281 4574 1437 4670 junioris
1455 4575 1575 4650 iratris
1597 4578 1747 4673 Mastini,
1766 4582 1882 4656 scele-

714 4693 827 4768 ratior
852 4693 912 4767 illo
938 4693 1066 4789 primo.
1093 4693 1179 4768 ideo
1205 4692 1466 4768 benedicebat
1491 4696 1638 4789 qnidam
1658 4702 1883 4796 veronensis,

713 4812 812 4906 quod
837 4819 984 4887 sanctus
1010 4814 1106 4887 Zeno
1131 4814 1337 4908 expellebat
1362 4814 1793 4909 camerescensem
1818 4840 1884 4897 eos

778 5070 805 5133 (¹)
822 5070 853 5121 Ε.
870 5075 950 5123 tracta
966 5074 1085 5136 muliere,
1102 5076 1144 5125 rcl
1158 5076 1314 5140 inquinatus.
1501 5074 1529 5139 (¹)
1545 5077 1576 5127 ll.
1592 5090 1654 5128 cnm
1670 5079 1757 5129 armis
