4542 6842
759 952 901 1012 cerrus
924 952 1081 1013 nunnus
1106 953 1249 1013 ramus.
1516 939 1592 1015 311

411 1103 548 1179 oculus
567 1102 789 1179 intuentium
814 1122 914 1196 supa
937 1102 1126 1177 falleretur
1151 1103 1332 1199 accipiens
1350 1124 1429 1179 rem
1453 1105 1588 1200 pictam

411 1232 483 1319 plo
505 1242 604 1298 vera.
632 1220 769 1297 decidit
793 1228 921 1297 autem
946 1222 1063 1297 semel
1085 1223 1185 1317 quod
1215 1222 1308 1297 dum
1339 1223 1482 1299 Giottus
1507 1226 1591 1320 pin-·

411 1348 516 1442 geret
528 1335 675 1437 Paduae,
690 1342 810 1417 adlruc
827 1342 913 1417 satis
925 1331 1084 1438 juvenis,
1104 1364 1222 1417 unam
1237 1346 1438 1439 cappellam
1453 1346 1489 1419 in
1507 1345 1593 1419 loco
1654 1392 1657 1398 ,

412 1464 477 1538 uli
502 1464 568 1537 luit
593 1464 680 1538 olim
708 1460 905 1558 theatrum,
932 1464 1010 1540 siro
1035 1465 1185 1558 harena,
1205 1464 1338 1540 llantur
1360 1466 1527 1562 pervenit
1543 1464 1592 1541 ad

414 1578 556 1658 mum}
578 1599 689 1678 quem
716 1584 858 1659 Giottus
884 1584 1083 1659 honorifice
1111 1592 1299 1680 receptum
1326 1585 1430 1659 duxit
1454 1587 1501 1660 ad
1522 1587 1590 1661 do⁴

415 1722 519 1776 mum
551 1722 668 1798 suam,
701 1700 763 1777 ubl
794 1702 928 1777 Dentes
964 1701 1088 1779 ridens
1123 1704 1251 1798 plures
1279 1702 1475 1808 infantulos
1509 1706 1591 1781 eius

413 1842 561 1900 summe
585 1822 779 1917 deformes,
805 1832 853 1918 et,
873 1830 913 1898 ut
934 1824 1005 1899 cito
1023 1824 1155 1918 dicam,
1173 1823 1374 1900 simillimos
1397 1827 1502 1921 patri,
1524 1846 1591 1921 pe*

416 1946 511 2019 tivit:
538 1946 688 2041 egregie
714 1946 899 2041 magister,
927 1944 1034 2018 nimis
1061 1945 1189 2040 miror,
1208 1946 1306 2039 quod
1333 1966 1418 2019 curn
1445 1946 1591 2022 inane

413 2064 566 2160 pictoria
590 2064 762 2139 (dicamini
789 2085 861 2139 uon
887 2065 1025 2140 habere
1050 2084 1191 2159 parem,
1219 2064 1316 2140 unde
1341 2073 1407 2161 est,
1434 2064 1534 2161 quod
1548 2052 1586 2159 (l

412 2185 551 2259 alienas
576 2184 714 2281 figuras
739 2182 854 2258 lacitis
867 2176 904 2277 (¹)
933 2190 1007 2257 tarn
1027 2184 1217 2279 lormosas,
1235 2192 1375 2260 vestras
1399 2206 1491 2260 vero
1510 2192 1589 2261 tam

412 2308 558 2399 turpes!
583 2300 651 2379 Cui
683 2304 827 2378 Giottus
857 2304 1061 2399 subridens,
1088 2310 1224 2400 praesto
1256 2306 1463 2401 respondit:
1495 2306 1589 2394 Quia

412 2426 522 2521 pingo
547 2424 594 2499 de
618 2424 692 2517 die,
715 2424 778 2499 sed
805 2424 903 2521 lingo
928 2425 974 2499 de
996 2430 1113 2499 nocte.
1132 2425 1218 2497 llaec
1237 2426 1423 2520 responsio
1441 2446 1590 2528 summe

412 2546 548 2642 placuit
573 2544 690 2639 Danti,
717 2566 789 2619 non
816 2546 903 2638 quia
929 2545 994 2619 sibi
1021 2551 1116 2621 esset
1142 2558 1250 2640 nora,
1272 2567 1359 2621 curn
1382 2546 1590 2621 inveniatur

413 2669 450 2743 in
476 2668 658 2743 Macrobio
683 2667 776 2741 libro
802 2666 1064 2760 Saturnalium,
1081 2668 1145 2741 scd
1166 2668 1252 2761 quia
1279 2673 1364 2741 uata
1390 2668 1586 2742 ridebatur

413 2782 463 2863 ab
487 2788 636 2885 ingenio
660 2786 824 2861 hominis.
852 2787 923 2862 iste
948 2786 1089 2861 Giottus
1117 2787 1205 2861 vixit
1237 2793 1360 2883 postea
1393 2788 1588 2881 diu3>naur

413 2914 584 2982 mortuus
609 2912 663 2982 eol
688 2906 726 2981 iu
752 2908 1026 2982 dcccxxxvi.
1054 2908 1097 2981 lit
1123 2908 1175 2981 sic
1201 2914 1298 2999 nola,
1324 2906 1423 3002 quod
1446 2907 1590 2981 Giottus

414 3028 534 3103 adhuc
560 3033 659 3103 tenet
684 3039 871 3123 campum,
889 3028 976 3121 quia
995 3026 1159 3101 nondum
1186 3027 1284 3101 venit
1309 3026 1403 3100 alius
1428 3047 1474 3101 eo
1498 3025 1589 3100 sub-

413 3148 520 3240 tilior,
547 3167 632 3222 curn
660 3152 784 3221 tamen
810 3147 936 3221 iecerit
960 3148 1159 3241 aliquando
1189 3167 1341 3244 magnos
1372 3165 1521 3221 errores
1550 3146 1588 3219 iu

412 3268 564 3364 picturis
588 3266 674 3362 suis,
704 3272 743 3341 ut
767 3268 891 3341 audiri
916 3288 937 3341 a
966 3266 1107 3364 magnis
1133 3266 1296 3363 ingeniis.
1324 3266 1394 3339 Ista
1420 3286 1482 3339 ars
1507 3265 1589 3360 pin·

412 3388 521 3481 geddi
546 3394 583 3463 ct
608 3386 795 3483 sculpendi
821 3386 948 3461 habuit
980 3388 1066 3461 olim
1084 3378 1120 3479 ζ’)
1159 3385 1400 3461 mirabiliores
1430 3386 1589 3460 artitices

412 3508 510 3604 apud
535 3525 676 3606 graecos
702 3514 738 3583 et
763 3508 905 3602 latinos,
932 3514 972 3581 ut
998 3512 1095 3602 patet
1122 3528 1187 3602 per
1220 3507 1377 3581 Plinium
1408 3506 1446 3579 in
1480 3512 1590 3581 natu·

414 3628 480 3703 tall
506 3629 665 3703 lristoria.
680 3666 729 3683 -
745 3622 832 3701 cosi.
860 3628 924 3703 llic
950 3634 1055 3723 poeta
1081 3628 1228 3702 adducit
1250 3620 1349 3701 aliod
1375 3627 1588 3722 exemplum

413 3750 572 3825 aliorum
599 3750 876 3839 modernorum,
907 3768 1068 3841 quorum
1097 3753 1257 3843 olorque
1281 3749 1349 3822 luit
1373 3748 1502 3843 pulcer
1531 3749 1588 3821 in-

415 3876 545 3945 ventor
563 3868 833 3965 lilrytlnnorum
856 3868 891 3941 in
909 3868 1032 3964 lingua
1060 3859 1411 3963 maturarimus
1437 3876 1589 3945 vocatus

414 3996 469 4065 est
493 3990 612 4065 Guido
635 3988 857 4064 Guinicellus
882 3988 928 4063 de
953 3988 1127 4085 Bononia,
1145 3990 1191 4065 de
1217 4006 1292 4085 qno
1318 3997 1355 4064 et
1380 3989 1487 4065 cuius
1508 3992 1591 4065 lau·
1627 4088 1630 4093 ⁷

268 4104 272 4111 ’
413 4108 520 4183 dllrus
544 4108 658 4183 haber
681 4109 773 4183 inira
800 4108 957 4203 capitolo
975 4108 1098 4183 xxvi.
1127 4108 1227 4185 diter
1254 4132 1343 4186 vero
1361 4118 1513 4185 vocatus
1531 4112 1587 4187 est

413 4228 532 4303 Guido
556 4226 602 4303 de
627 4228 903 4304 cavalcantiltus
929 4224 975 4305 de
1000 4230 1196 4326 Florentia,
1214 4232 1292 4307 sine
1313 4230 1589 4327 comparatione

414 4348 649 4424 excellentior
674 4368 731 4442 eo,
758 4348 843 4443 qula
876 4348 941 4423 luit
974 4368 1132 4446 magnus
1163 4352 1408 4446 philosophoS,
1434 4353 1480 4427 do
1514 4369 1591 4447 quo

407 4470 487 4565 jam
516 4454 628 4543 multa
654 4468 749 4543 dicta
775 4470 861 4542 sunt
883 4468 1014 4543 interni
1033 4470 1194 4564 capitulo
1210 4465 1255 4563 li,
1274 4472 1339 4544 ubi
1356 4478 1463 4567 poeta
1485 4490 1589 4546 coru-

413 4588 598 4664 mdudavit
623 4586 710 4665 euru
736 4608 759 4664 a
785 4590 953 4681 scientio3
981 4590 1038 4663 hic
1065 4611 1155 4666 vero
1182 4592 1416 4667 commendat
1436 4614 1523 4667 eum
1542 4589 1590 4666 ab

413 4710 632 4803 eloquentia,-
658 4709 797 4783 diceus:
824 4712 906 4783 lon
936 4712 1061 4801 (luido,
1087 4707 1234 4805 scillcet,
1260 4712 1509 4806 Caralcantcs,
1539 4714 1588 4784 lto

477 4931 505 4997 l')
521 4926 551 4987 11.
568 4936 637 5001 quod
655 4936 717 4986 allas
733 4938 836 5000 ligurus.
1025 4934 1053 4999 (Ἰ
1069 4936 1094 4987 S.
1113 4937 1212 4987 faciatis
1228 4943 1290 4988 tam.

478 5012 505 5074 (¹)
520 5012 546 5062 S.
563 5008 626 5063 oliui
643 5014 755 5063 maiores
771 5014 882 5063 arlillros
898 5017 924 5063 ot
942 5009 1114 5063 mirabiliores
1131 5014 1199 5076 apud
1216 5026 1323 5077 grecos.

479 5090 506 5151 ι’)
522 5090 553 5140 Ε.
569 5095 700 5151 matorum
716 5104 829 5154 quorum
846 5099 922 5141 udus.
