4542 6842
678 931 725 997 16
1037 940 1243 995 conburunt
1269 939 1491 997 runuauoan

676 1086 746 1160 hoc
778 1085 840 1179 sie,
867 1083 968 1176 idest,
995 1088 1245 1178 praeterquam
1271 1082 1319 1158 ab
1343 1085 1459 1161 hilam
1491 1089 1528 1158 et
1558 1085 1655 1179 uva,
1691 1084 1754 1159 sed
1784 1083 1853 1158 ista

674 1212 731 1280 est
755 1203 862 1278 nimis
888 1203 1012 1278 stricta
1041 1202 1231 1298 expositio,
1257 1203 1343 1298 quia
1374 1203 1483 1299 primi
1513 1211 1685 1298 parentes
1718 1224 1850 1298 parum

673 1330 855 1400 steterunt
884 1323 921 1397 iu
956 1329 1052 1401 statu
1087 1323 1315 1419 innocentiae,
1347 1331 1385 1400 et
1417 1325 1526 1398 nimis
1558 1324 1666 1420 pauci
1700 1325 1853 1400 luissent

673 1445 835 1520 cultores
851 1444 1007 1519 istarum
1025 1444 1226 1539 virtutum3
1240 1453 1276 1521 et
1290 1452 1416 1520 tamen
1432 1446 1553 1520 statim
1572 1447 1739 1522 ostendet
1751 1445 1850 1541 quod

674 1564 764 1640 Cato
795 1564 861 1639 luit
895 1565 1096 1641 illustratus
1126 1567 1190 1641 eis.
1224 1566 1291 1641 hlii
1327 1573 1526 1662 exponunt,
1554 1575 1850 1662 praeterquama

675 1685 794 1782 prima
820 1692 942 1782 gente,
969 1686 1062 1761 idest
1079 1687 1127 1761 ab
1152 1687 1361 1762 bominibus
1383 1688 1512 1783 primm
1536 1688 1664 1781 aetatis,
1685 1705 1769 1782 quae
1794 1685 1851 1760 di-

675 1807 773 1882 eitur
797 1805 908 1881 luisse
933 1826 1059 1902 aurea,
1086 1827 1170 1903 quae
1191 1807 1372 1906 ignoravit
1393 1809 1480 1884 vitia
1501 1813 1538 1882 et
1556 1808 1768 1884 innocenter
1785 1829 1850 1884 oo·

676 1929 743 2003 luit
769 1928 946 2003 virtutes:
973 1927 1036 2002 sed
1062 1929 1210 2023 quando
1236 1929 1303 2005 ista
1328 1934 1418 2004 retas
1448 1930 1560 2004 luerit
1591 1950 1665 2004 non
1690 1929 1848 2004 invenio.

674 2048 745 2124 Sed
771 2049 882 2123 credo
908 2048 1007 2143 quod
1031 2055 1140 2143 poeta
1166 2049 1253 2124 velit
1268 2049 1403 2144 dicere,
1421 2049 1521 2144 quod
1542 2049 1666 2124 miseri
1684 2048 1850 2124 moderni

673 2168 910 2264 perdiderunt
935 2168 1110 2244 visionem
1143 2168 1298 2243 istarum
1331 2175 1492 2264 quatuor
1523 2169 1725 2262 stellarum,
1758 2190 1851 2263 quas

671 2289 812 2383 antiqui
839 2289 952 2363 nostri
977 2289 1072 2364 bene
1097 2288 1281 2383 viderunt,
1301 2295 1339 2364 et
1356 2289 1531 2364 vixerunt
1554 2289 1787 2364 ambulantes
1803 2288 1848 2365 ad

674 2411 796 2485 lucem
823 2431 967 2503 earum,
992 2409 1039 2484 ad
1064 2430 1158 2504 quas
1184 2416 1329 2485 oaeterae
1362 2410 1517 2486 virtutes
1547 2411 1707 2485 morales
1740 2410 1850 2485 redu-

672 2535 821 2624 cuntur,
847 2530 940 2605 sieut
964 2529 1104 2623 antiqui
1138 2531 1292 2605 romani.
1319 2531 1421 2606 Unde
1453 2531 1680 2627 Augustinus
1708 2530 1773 2604 XV
1803 2529 1850 2604 de

673 2650 827 2726 Ciuitate
851 2649 939 2724 Dei:
965 2653 1113 2724 ostendit
1135 2655 1230 2724 Deus
1254 2654 1292 2724 in
1316 2653 1571 2744 opulentissimo
1593 2671 1706 2742 regno
1726 2669 1850 2736 romu-

673 2790 801 2842 norum
833 2775 1000 2860 qnantum
1031 2772 1146 2843 ciuiles
1177 2773 1319 2844 rirtutes
1351 2774 1492 2844 valeuut
1521 2774 1625 2845 etium
1658 2774 1733 2844 nne
1764 2790 1851 2842 voa

673 2891 868 2980 religione:
901 2895 937 2964 et
967 2890 1090 2986 magni
1115 2880 1152 2981 (¹)
1184 2889 1384 2985 philosophi
1415 2896 1452 2964 et
1481 2897 1600 2985 poetae
1631 2900 1709 2968 tam
1739 2889 1849 2986 graeci

674 3028 787 3103 quam
813 3007 923 3082 latini.
950 3010 994 3082 Et
1019 3008 1086 3083 ista
1111 3008 1257 3084 videtur
1282 3030 1371 3084 vera
1396 3009 1548 3084 intentio
1573 3011 1724 3105 autoris,
1751 3011 1850 3107 quod

673 3129 751 3224 ipse
776 3130 875 3204 clare
902 3129 1106 3205 manifestat
1130 3129 1225 3205 inira
1249 3131 1409 3225 capitulo
1438 3132 1546 3226 vttll,
1573 3132 1634 3206 ubi
1659 3132 1745 3206 dicit
1770 3130 1850 3204 Vir-

673 3249 793 3346 gilius,
821 3251 919 3343 quod
945 3256 1127 3325 statuum
1155 3251 1311 3345 illisqui
1337 3253 1444 3347 plene
1474 3258 1659 3328 noverunt
1688 3261 1849 3347 quatuor

672 3369 826 3444 virtutes
852 3375 919 3445 ete.
947 3372 992 3444 Et
1017 3371 1178 3446 declarat
1203 3371 1454 3448 excellentiam
1486 3373 1736 3469 pulcritudinis
1761 3373 1850 3448 ista·

673 3509 757 3562 rum
786 3489 974 3563 stellarum
1001 3489 1147 3564 dicens:
1172 3494 1284 3582 goder
1303 3513 1444 3584 pareva
1467 3496 1495 3567 il
1518 3497 1581 3568 ciet
1604 3497 1723 3569 ditor
1743 3497 1850 3586 sturm·

545 3635 548 3641 ·
672 3611 788 3701 nulle,
822 3609 909 3704 quia
942 3610 1010 3684 viri
1045 3611 1212 3686 coelestes
1247 3610 1415 3686 illustrati
1448 3613 1557 3688 radiis
1586 3634 1732 3708 earum,
1765 3633 1849 3707 quae

674 3726 835 3824 dirigunt
863 3729 1029 3804 homines
1053 3730 1098 3804 arl
1122 3731 1347 3825 felicitatem3
1366 3737 1402 3807 et
1427 3733 1515 3827 quia
1541 3732 1707 3808 moderni
1732 3732 1849 3807 desie-

674 3857 763 3925 runt
788 3851 911 3926 colere
937 3870 1011 3947 eas,
1032 3851 1115 3926 ideo
1136 3851 1258 3926 statim
1275 3860 1383 3947 poeta
1401 3873 1448 3928 ex
1468 3853 1596 3928 dolore
1620 3861 1662 3944 et
1682 3852 1849 3948 indigua·
1889 3865 1893 3871 ’

647 4021 649 4026 -
674 3971 774 4044 tione
799 3970 1029 4067 indignanter
1054 3972 1256 4046 exclamat:
1280 3994 1315 4064 o,
1342 3971 1444 4066 idest,
1462 3972 1555 4060 dico,
1571 3977 1637 4046 sito
1653 3975 1849 4046 semotio-

674 4093 750 4183 nol,
775 4112 841 4186 per
868 4093 936 4166 hoo
955 4091 1121 4189 intelligit
1140 4093 1270 4167 orbem
1293 4113 1491 4168 romanum
1512 4093 1762 4188 christianum,
1784 4092 1848 4186 qui

674 4217 729 4286 est
755 4211 894 4286 uicinus
928 4217 1171 4288 tramontanae
1205 4219 1256 4296 et,
1274 4215 1359 4309 polo
1391 4218 1515 4288 nostro
1549 4213 1847 4309 septemtrionali,

673 4332 758 4408 licet
783 4339 904 4427 posset
930 4333 1032 4430 large
1057 4333 1208 4430 intelligi
1232 4334 1279 4410 de
1304 4334 1475 4409 omnibus
1505 4333 1746 4410 incolentibus
1771 4342 1863 4410 ter·.

674 4473 756 4528 ram
783 4461 947 4528 nostram
973 4453 1222 4549 habitabilem,
1244 4455 1309 4550 qui
1333 4475 1462 4530 omnes
1489 4455 1611 4530 rident
1636 4455 1755 4551 ipsum
1780 4476 1849 4550 po·

674 4575 766 4668 lum,
793 4574 878 4650 licet
903 4575 1019 4672 magis
1045 4575 1360 4671 septemtrionales
1376 4583 1413 4651 et
1430 4576 1682 4670 oooideutales,
1703 4579 1848 4667 uedooo,

674 4693 777 4788 idest,
802 4695 994 4769 viduatum
1021 4703 1059 4771 et
1088 4697 1282 4791 spoliatum
1316 4702 1417 4770 tanta
1448 4695 1613 4770 claritate
1638 4695 1847 4789 stellarum,

675 4813 774 4889 unde
790 4813 894 4888 dicit:
917 4818 981 4908 poi
1004 4819 1063 4890 ulte
1085 4820 1226 4909 priuato
1250 4819 1297 4889 se'
1309 4818 1347 4890 di
1370 4818 1476 4889 aeder
1498 4817 1847 4906 potor—comeo.

738 5061 768 5126 (¹)
784 5062 815 5114 Ε.
832 5067 859 5114 et
875 5064 965 5128 magis.
