4542 6842
721 917 805 985 uso·
1056 916 1060 921 “
1080 926 1284 983 consuram
1309 927 1532 981 runarronu

717 1074 840 1149 carius
871 1075 980 1149 Petri.
1011 1075 1170 1148 llemuru
1202 1073 1409 1149 Fridericus
1435 1093 1503 1168 pro
1529 1071 1775 1147 satisfactione
1805 1094 1891 1147 cum

719 1196 893 1271 universo
926 1194 1092 1270 exercitu
1132 1194 1299 1269 transivit
1338 1194 1375 1267 in
1407 1192 1552 1291 Syriam
1586 1193 1633 1268 ad
1669 1194 1892 1289 redemptio-

719 1336 805 1391 nem
821 1310 857 1409 (¹)
876 1316 999 1390 Terrae
1017 1315 1170 1409 Sanctae,
1188 1321 1226 1390 et
1251 1314 1451 1389 suffocatus
1468 1320 1523 1388 est
1540 1314 1578 1388 in
1599 1315 1750 1389 llumine
1767 1314 1894 1389 butio-

720 1435 823 1529 cbiae,
849 1456 934 1509 curn
962 1456 1002 1510 se
1027 1435 1169 1510 lavaret
1192 1435 1317 1510 calore
1342 1433 1476 1508 oestivo.
1506 1435 1612 1509 Nunc
1642 1434 1820 1509 veniendo
1845 1434 1891 1508 ad

719 1554 877 1650 literam,
903 1556 987 1630 dicit
1013 1554 1080 1630 iste
1106 1554 1270 1651 spiritus:
1301 1558 1343 1627 Io
1371 1557 1426 1648 sut
1455 1554 1568 1644 abate,
1594 1560 1631 1627 et
1656 1561 1808 1643 vocatus
1838 1560 1895 1629 est

719 1675 832 1749 abbas
857 1675 1039 1769 albertus,
1066 1674 1123 1748 vir
1149 1674 1268 1748 bonus
1293 1673 1460 1747 moribus
1484 1679 1522 1747 et
1546 1674 1639 1747 vita:
1663 1693 1788 1767 quem,
1806 1674 1893 1768 quia

720 1800 828 1889 poeta
856 1801 1009 1868 noverat
1022 1786 1059 1887 (²)
1082 1792 1194 1869 luisse
1210 1794 1317 1868 valde
1333 1792 1555 1868 accidiosum
1577 1796 1663 1886 (quo
1684 1793 1771 1867 vitio
1788 1793 1893 1868 labo-

720 1920 802 1988 rant
821 1914 925 1988 multi
943 1913 1093 2009 praelati)
1111 1913 1194 1987 ideo
1213 1913 1332 2008 ipsum
1350 1912 1547 1987 introducit
1571 1913 1631 1986 bic
1659 1913 1711 1986 sio
1736 1913 1892 2007 loqueu-

719 2040 805 2109 tem.
833 2035 876 2107 ut
901 2034 1014 2130 tangit
1041 2033 1176 2126 locum,
1194 2032 1339 2107 dicens:
1357 2035 1396 2105 iu
1412 2036 1485 2105 San
1505 2039 1597 2107 Zeno
1615 2054 1640 2105 a
1664 2038 1810 2106 Verona.
1837 2033 1891 2106 nd

718 2154 817 2248 quod
842 2153 1056 2247 notandum,
1082 2152 1183 2247 quod
1207 2155 1304 2227 Zeno
1330 2151 1398 2227 luit
1422 2159 1575 2228 octavus
1605 2152 1796 2249 episcopus
1820 2154 1892 2228 Ve-

719 2293 820 2347 ronae
843 2294 941 2347 anno
967 2272 1110 2347 Domini
1132 2270 1265 2365 CLXV,
1283 2272 1493 2367 pontificatu
1514 2271 1675 2369 Dionysii
1700 2292 1814 2369 papae,
1836 2272 1893 2346 vir

718 2414 863 2492 magnae
887 2394 1097 2488 sanctitatis,
1115 2392 1287 2487 scientiae,
1308 2401 1346 2468 et
1366 2391 1604 2488 eloquentiam
1625 2394 1689 2487 qui
1715 2391 1832 2467 multa
1853 2397 1890 2466 et

718 2516 847 2611 pulcra
872 2514 1060 2588 volumina
1079 2513 1189 2587 edidit
1209 2512 1247 2586 in
1272 2534 1377 2589 sacra
1392 2513 1585 2609 scriptura.
1603 2513 1697 2588 Nota
1711 2504 1749 2605 (³)
1767 2514 1892 2604 etiam,

719 2636 819 2729 quod
844 2640 991 2709 sanctus
1017 2636 1114 2708 Zeno
1140 2640 1196 2708 est
1220 2634 1258 2706 in
1284 2634 1401 2708 tribus
1418 2633 1506 2708 locis
1527 2634 1564 2708 in
1582 2636 1741 2729 Verona,
1758 2632 1893 2707 scilicet

720 2755 759 2830 in
777 2754 1034 2859 monte3alius
1046 2755 1154 2850 juxta
1172 2754 1346 2848 Athesim,
1367 2760 1405 2828 et
1424 2762 1480 2829 est
1499 2774 1656 2849 parvum
1673 2752 1890 2843 oratorium,

720 2876 798 2950 sive
823 2895 937 2970 parva
963 2874 1123 2968 capella:
1143 2879 1180 2947 et
1196 2873 1243 2948 de
1260 2873 1329 2947 isto
1350 2873 1472 2967 credo,
1490 2874 1589 2968 quod
1614 2895 1688 2948 non
1713 2874 1888 2967 loquatur

718 2993 849 3069 beatus
871 2993 1071 3089 Gregorius
1097 2992 1132 3065 in
1159 2993 1396 3090 Dialogorum
1424 2992 1528 3086 libro,
1551 2992 1612 3066 ubi
1638 2992 1772 3086 scribit,
1791 2992 1888 3087 quod

717 3135 806 3189 curn
832 3114 946 3188 semel
972 3112 1113 3187 Athesis
1130 3112 1264 3187 lluvius
1286 3111 1497 3188 inundasset
1516 3113 1700 3188 civitatem
1723 3115 1890 3205 Veronae,

716 3254 814 3328 aqua
849 3254 923 3308 non
948 3234 1107 3307 intrabat
1133 3254 1199 3327 per
1225 3234 1402 3308 fenestras
1435 3232 1598 3309 molesia
1635 3235 1750 3312 sancti
1776 3236 1890 3307 Zeno

718 3353 795 3427 uis:
822 3359 859 3428 et
889 3360 943 3428 est
969 3353 1098 3427 tertius
1124 3359 1272 3427 sanctus
1297 3354 1393 3427 Zeno
1427 3352 1536 3449 louge
1559 3374 1583 3426 a
1608 3353 1760 3427 llumine
1786 3353 1889 3446 quasi

717 3494 783 3569 per
803 3474 945 3570 jactum
979 3474 1050 3568 teli,
1077 3472 1183 3549 culus
1213 3472 1366 3549 ecclesia
1397 3474 1537 3547 nullam
1568 3473 1640 3547 vidi
1665 3475 1887 3569 pulcriorem

718 3593 754 3667 ln
779 3594 935 3669 Verona.
963 3595 1006 3667 Et
1031 3594 1078 3668 de
1103 3594 1172 3668 isto
1197 3593 1307 3669 debet
1336 3593 1485 3691 intelligi
1519 3593 1577 3667 bic
1608 3614 1675 3689 per
1706 3595 1891 3669 excellen-

718 3713 819 3807 tiam,
845 3719 881 3788 et
907 3714 994 3808 quia
1020 3716 1099 3788 baec
1129 3713 1285 3789 ecclesia
1312 3712 1423 3787 babet
1448 3713 1660 3807 monachos,
1687 3720 1724 3788 et
1749 3714 1797 3787 ibi
1823 3714 1889 3787 luit

717 3833 831 3907 abbas
856 3833 923 3907 iste
949 3832 1131 3927 Albertus,
1158 3832 1221 3927 qui
1247 3831 1305 3906 bic
1331 3832 1505 3926 loquitur.
1530 3832 1574 3905 Et
1598 3832 1770 3907 describit
1795 3839 1891 3907 tem·

718 3972 787 4047 pus
816 3972 839 4025 a
869 3951 1042 4047 principe,
1068 3952 1210 4026 dicens:
1236 3959 1324 4025 sotto
1350 3955 1372 4025 t’
1386 3954 1533 4045 imperio
1557 3953 1615 4026 det
1637 3953 1729 4025 buon
1748 3954 1891 4025 Barba-

717 4091 845 4163 rossa5
868 4079 974 4147 vocet
990 4072 1217 4146 Fridericum
1241 4072 1392 4163 bonum,
1412 4072 1499 4165 quia
1521 4071 1588 4144 luit
1610 4072 1666 4145 vir
1690 4072 1889 4165 virtuosus,

718 4198 902 4285 strenuus,
942 4191 1067 4287 largus
1105 4191 1350 4286 triumphator
1380 4198 1418 4266 et
1447 4212 1603 4287 corpore
1628 4194 1766 4287 pulcer,
1800 4200 1837 4267 et
1866 4212 1888 4266 a

717 4312 841 4386 colore
867 4311 1122 4386 denominatus
1154 4317 1209 4386 est
1242 4313 1478 4385 barbarossa.
1511 4314 1554 4385 Et
1582 4313 1699 4409 tangit
1727 4314 1891 4409 singula-

716 4453 798 4507 rem
826 4432 1014 4507 victoriam
1048 4432 1139 4527 eius,
1165 4433 1311 4507 dicens:
1338 4434 1376 4505 dt
1400 4437 1455 4506 cut
1478 4435 1611 4507 dolente
1640 4455 1752 4507 anaor
1778 4438 1889 4507 lldaa

713 4555 891 4645 raaioaa3
917 4553 1004 4648 quia
1030 4553 1197 4627 dolenter
1223 4559 1406 4629 memorat
1433 4554 1578 4628 ruinam
1597 4575 1715 4628 suam.
1732 4556 1826 4629 Nam
1847 4554 1883 4627 in

715 4671 794 4746 eius
820 4673 1012 4747 eversione
1038 4673 1251 4771 octuaginta
1275 4674 1350 4748 duo
1376 4674 1485 4748 millia
1513 4674 1704 4749 hominum
1726 4676 1908 4779 dispersa·

715 4791 908 4885 dicuutur,
928 4792 976 4867 ita
996 4800 1035 4865 ut
1059 4794 1171 4887 aliqui
1189 4793 1425 4869 transiverint
1441 4794 1488 4868 ad
1506 4796 1683 4870 barbaras
1704 4795 1885 4870 nationes:

781 5051 808 5117 (¹)
825 5052 855 5103 E.
872 5054 1104 5117 monueratlonem.
1195 5051 1223 5115 (Ἰ
1239 5053 1270 5103 Ε.
1287 5058 1437 5117 agnoverat.
1519 5052 1547 5117 (Ἴ
1565 5030 1785 5115 117,’Νοῐιιιᾱιιυι
1799 5056 1889 5107 edam.
