4542 6842
712 1000 850 1057 caurus
875 998 1031 1056 nunnus
1055 998 1249 1057 succubus.
1490 986 1561 1054 sil

391 1152 527 1241 alliero,
546 1149 756 1243 idesl,.cum
783 1148 901 1243 capite
925 1148 1070 1223 elevato
1093 1149 1141 1222 ad
1165 1148 1310 1245 sydera,
1337 1168 1422 1221 cum
1450 1148 1564 1222 debe*

391 1269 478 1345 retis
507 1268 690 1365 respicere
722 1275 873 1362 terram,
907 1267 954 1343 de
983 1288 1058 1362 oua
1093 1268 1191 1362 estis,
1220 1290 1240 1341 e
1270 1287 1343 1341 avon
1376 1270 1510 1342 elium
1537 1268 1566 1343 tt

390 1392 497 1480 eollo,
521 1389 659 1465 ironice
673 1380 723 1482 (⁴),
753 1388 856 1483 quasi
891 1388 1008 1463 dicat:
1040 1389 1216 1464 inclinare
1245 1389 1440 1484 deberetis,
1469 1389 1564 1465 sient

390 1529 461 1607 ego
487 1529 585 1583 nunc
603 1508 682 1603 leci,
707 1500 814 1581 siclte
831 1511 988 1600 aeppiute
1004 1511 1033 1581 il
1050 1515 1171 1583 vostro
1190 1512 1265 1581 mul
1280 1513 1442 1596 misico,
1459 1510 1563 1603 idest,

279 1692 285 1695 .
392 1629 487 1704 viam
515 1632 714 1724 ruinosam,
741 1650 853 1725 quam
885 1650 984 1705 nunc
1011 1629 1209 1725 descripsit,
1235 1620 1481 1704 continentem
1508 1629 1565 1702 in

342 1820 346 1830 .
392 1750 541 1825 teritum
568 1750 826 1847 superborum.
857 1751 902 1824 Et
932 1750 991 1825 bic
1021 1756 1120 1844 note,
1147 1750 1274 1843 lector,
1300 1749 1399 1844 quod
1430 1751 1565 1823 Dentes

392 1870 490 1947 dedit
514 1871 573 1947 bic
596 1870 893 1966 compendiosam
917 1868 1120 1945 doctrinam
1143 1870 1241 1944 circa
1258 1870 1468 1965 superbiam
1487 1870 1565 1945 evi-

394 1990 562 2087 tandam;
587 1992 651 2068 sed
676 1992 706 2065 si
731 1991 821 2067 velis
845 1991 1029 2087 copiosam
1056 1990 1264 2085 materiam,
1291 1992 1373 2067 vide
1398 1992 1566 2067 loculen-

394 2110 574 2187 tissimum
589 2104 626 2205 Ρ)
652 2114 842 2207 specuium
870 2133 945 2207 quo
962 2112 1098 2208 poteris
1114 2111 1249 2186 clarius
1266 2118 1304 2187 et
1324 2114 1465 2207 plenius
1482 2132 1566 2208 spe-

393 2233 519 2327 culari,
553 2233 689 2309 scilicet
722 2234 857 2308 librum
891 2233 938 2308 de
969 2233 1121 2308 Casibus
1155 2233 1320 2307 virorum
1356 2233 1565 2327 illustrium,

394 2374 505 2449 quem
532 2355 720 2451 eleganter
749 2352 859 2428 edidit
887 2352 1106 2428 Bncmccius
1133 2352 1182 2429 de
1212 2352 1381 2427 Gertaldo
1412 2354 1469 2427 vir
1495 2354 1566 2427 bu·

394 2474 568 2549 millimus
593 2473 798 2549 bominum.

467 2588 533 2669 rol
557 2614 622 2667 eru
646 2583 717 2684 pid.
744 2595 815 2666 lsta
840 2598 895 2667 est
921 2591 1031 2667 tertia¹
1053 2597 1092 2665 et
1117 2591 1247 2665 ultima
1263 2612 1349 2686 pars
1373 2593 1566 2688 generalis,

394 2717 433 2790 in
457 2736 531 2809 qua
557 2721 664 2811 pocla
692 2720 816 2787 noster
841 2710 1012 2787 describit
1038 2732 1156 2784 unum
1182 2713 1357 2807 angelum
1376 2713 1439 2807 qui
1457 2732 1568 2786 mun-

396 2837 458 2913 det
482 2836 603 2932 ipsum
628 2835 677 2909 ab
701 2834 770 2908 istu
796 2832 914 2928 primo
940 2831 1028 2907 vitio
1053 2832 1246 2927 superbiae,
1272 2838 1309 2907 et
1334 2832 1454 2929 dirigit
1479 2854 1567 2908 eum

396 2957 443 3033 ad
467 2955 671 3032 secuudum
698 2954 891 3048 circulum,
910 2954 945 3026 in
964 2972 1038 3047 quo
1059 2952 1210 3048 punitur
1227 2952 1370 3028 invidia.
1390 2954 1434 3027 Et
1451 2956 1570 3050 primo

398 3076 554 3153 ostendit
576 3074 764 3169 quomodo
781 3072 952 3170 Virgilius
971 3072 1180 3146 invitaverit
1197 3092 1284 3145 eum
1306 3073 1352 3147 ad
1372 3073 1569 3149 ridendum
1595 3130 1600 3137 .

398 3197 585 3293 angelum,
611 3195 699 3289 quia
719 3195 798 3289 jam
815 3194 983 3267 'multum
1011 3192 1187 3287 temporis
1204 3199 1241 3267 et
1260 3192 1329 3267 loci
1352 3194 1572 3270 transiverat

399 3317 521 3392 inille
555 3316 777 3411 inspectione
806 3315 1033 3411 figurarum3
1060 3314 1159 3387 node
1187 3313 1296 3388 dicit:
1325 3309 1389 3388 Piri
1417 3336 1483 3388 ero
1511 3307 1572 3407 pid

395 3458 462 3531 per
477 3438 539 3509 noi
554 3438 612 3510 det
626 3444 741 3509 munte
757 3438 862 3526 voltu,
880 3434 965 3528 quia
979 3434 1057 3528 jum
1076 3452 1365 3528 perveneramus
1387 3434 1433 3508 ad
1460 3434 1570 3511 linem

398 3556 507 3654 primi
532 3555 658 3631 circuli
685 3556 945 3649 superborum,
970 3574 989 3627 e
1014 3556 1071 3627 del
1097 3557 1213 3626 comto
1229 3556 1288 3628 det
1301 3557 1373 3628 rote
1397 3560 1496 3629 ussat
1508 3552 1573 3649 piti

399 3698 513 3771 spese,
537 3676 723 3771 quiajam
751 3675 971 3759 transiverat
996 3680 1098 3748 sexta
1134 3675 1225 3747 bora
1254 3672 1336 3768 diei,
1371 3682 1414 3749 ut
1450 3677 1572 3749 statim

400 3798 543 3873 dicetur
568 3796 614 3872 de
641 3806 812 3889 utroque,
829 3797 890 3869 clte
906 3815 978 3867 non
994 3798 1146 3867 climaco
1170 3797 1327 3868 tunimo
1344 3816 1415 3868 nun
1439 3800 1573 3889 scotto,

402 3916 505 4011 idest,
540 3916 673 4013 ligatus
708 3916 804 3990 eirca
841 3914 1125 4010 speculationem
1167 3914 1314 3988 illarum
1355 3914 1573 4011 figurarum,

403 4036 488 4131 pria
521 4036 570 4110 ita
600 4041 739 4109 attente
772 4040 965 4109 notaverat
991 4032 1080 4127 illas,
1109 4034 1208 4128 quod
1235 4054 1308 4108 non
1334 4036 1579 4131 perpenderat

403 4156 452 4233 de
481 4156 563 4230 loco
588 4155 647 4229 vel
679 4154 726 4229 de
759 4162 937 4249 tempore,
964 4156 1107 4247 quoodo
1139 4156 1241 4246 colui,
1275 4154 1421 4249 scilicet,
1455 4156 1575 4253 Virgi-

404 4278 486 4370 lius,
511 4277 571 4349 obe
592 4294 730 4367 sempm
758 4276 903 4349 andana
931 4282 1051 4366 muso,
1077 4272 1180 4368 idest,
1206 4280 1379 4369 attentus,
1411 4278 1572 4368 moenai,

404 4388 585 4487 edomiti,
619 4394 759 4489 supple,
792 4393 914 4469 dicere
952 4394 1064 4467 mibi:
1103 4396 1231 4468 dra'zza
1264 4398 1301 4467 lo
1333 4402 1432 4487 usta,
1462 4415 1575 4490 qnam

406 4515 551 4592 tenuisti
593 4514 788 4608 bucusque
822 4513 1031 4587 inclinatam
1068 4513 1114 4586 ad
1146 4521 1298 4609 terram,
1332 4515 1419 4610 quia
1451 4538 1524 4590 ooo
1556 4514 1578 4593 e*

405 4644 519 4729 tempo
541 4636 591 4709 dc
615 4638 674 4727 ptr
693 4630 758 4727 piri
772 4626 803 4707 si
819 4654 973 4727 snrpeso,
1000 4633 1097 4708 circa
1123 4634 1452 4710 considerationem
1479 4658 1578 4733 prae·

405 4757 612 4850 dictorum3
638 4762 676 4831 et
707 4774 795 4830 eece
818 4774 937 4849 quare
969 4774 1068 4828 nnn:
1095 4758 1173 4829 redi
1195 4747 1274 4829 cold
1298 4776 1347 4830 uo
1370 4761 1510 4849 nomio,
1536 4757 1574 4831 in

405 4878 492 4971 alto,
515 4878 576 4949 rba
598 4878 801 4968 {appresto
821 4896 889 4967 per
914 4876 1014 4947 vend
1030 4896 1132 4949 carso
1149 4879 1219 4949 noi.
1238 4878 1283 4950 llt
1308 4877 1366 4951 bic
1383 4884 1468 4951 nota
1487 4898 1578 4952 con-

419 5122 427 5155 r
473 5138 501 5204 (¹)
518 5143 572 5199 11⁷,
588 5138 687 5189 ironice
702 5136 829 5202 loquitar,
845 5138 926 5202 paral.
1115 5134 1144 5200 Γ)
1160 5141 1214 5199 m,
1230 5138 1444 5189 mmm·
1483 5109 1486 5113 .
