4542 6842
789 947 928 1005 CAN'l'US
954 947 1157 1003 wensinus,
1489 934 1557 1001 521

387 1091 553 1168 omnium
580 1091 776 1166 malorum.
791 1096 931 1167 -uoc
953 1094 1058 1169 Nunc
1074 1098 1184 1189 poeta
1207 1092 1380 1167 damnata
1406 1091 1561 1167 avaritia
1701 1124 1706 1133 ·

388 1210 540 1287 intendit
560 1212 822 1287 commendare
839 1212 1084 1289 voluntariam
1103 1217 1359 1309 paupertatem
1386 1220 1424 1287 et
1448 1212 1562 1310 largi·

389 1336 501 1407 tatem
533 1330 653 1405 simui.
679 1332 723 1405 Et
757 1331 876 1427 primo
906 1332 1023 1429 tangit
1051 1353 1159 1407 suam
1193 1332 1433 1409 attentionem
1463 1332 1561 1407 circa

388 1450 470 1543 boc,
496 1448 638 1525 dicens:
666 1454 736 1525 Not
766 1455 947 1526 medanum
977 1456 1033 1525 cot
1060 1455 1161 1546 passi
1191 1455 1317 1531 lentie
1340 1454 1467 1545 sceret,
1493 1473 1560 1548 per
1590 1482 1593 1488 ·

388 1568 486 1643 illam
518 1569 616 1644 viam
645 1576 852 1667 angustam,
882 1571 988 1647 cuius
1018 1571 1246 1647 contrarium
1282 1571 1438 1647 faciebat
1468 1573 1505 1646 in
1519 1565 1559 1665 (¹)

388 1689 526 1765 circulo
543 1690 775 1786 precedenti,
790 1690 876 1785 quia
892 1690 1060 1766 accidiosi
1081 1698 1168 1764 sunt
1188 1690 1225 1764 in
1243 1691 1417 1765 continno
1433 1712 1560 1786 cursu,

387 1809 490 1884 avari
517 1830 607 1884 vero
633 1829 707 1885 non
733 1816 950 1905 moventur;
976 1818 1009 1885 ct
1030 1814 1066 1885 ic
1091 1818 1220 1885 manu
1252 1812 1441 1886 altombre
1465 1814 1560 1886 ct’ic

387 1933 499 2003 reatu
520 1933 765 2023 pietosamente
786 1933 957 2023 ptaynere
979 1953 1000 2006 c
1024 1936 1200 2023 lapsare,
1231 1932 1295 2006 nbi
1329 1932 1440 2029 impie
1464 1936 1561 2008 sole-

389 2049 476 2125 bant
500 2049 539 2123 in
563 2050 637 2125 vita
662 2052 808 2146 plorare
833 2056 871 2125 et
895 2052 1085 2146 conqueri,
1112 2051 1212 2145 quod
1235 2071 1370 2146 parum
1395 2054 1454 2127 vel
1473 2053 1562 2128 nibil

389 2170 581 2245 habebant.
608 2172 652 2248 Et
677 2171 799 2247 subdit
824 2171 911 2268 quid
939 2171 1108 2247 dicebant
1132 2172 1170 2246 in
1195 2173 1355 2269 planctu,
1383 2173 1469 2267 quia
1495 2173 1561 2250 de-

388 2290 583 2365 cantabant
605 2297 768 2366 sanctam
785 2298 1039 2388 paupertatem
1059 2292 1199 2386 blariae3
1218 2292 1316 2366 unde
1331 2291 1434 2366 dicit:
1461 2314 1561 2387 epcr

389 2418 537 2485 erebra
552 2414 789 2487 udt'clriamur
805 2416 865 2487 act
873 2417 999 2507 ptumo
1016 2415 1165 2491 dinanzi
1180 2434 1205 2486 a
1220 2415 1299 2487 eoi:
1311 2416 1409 2486 dolce
1424 2417 1557 2489 Marto.

388 2532 453 2607 llic
479 2532 542 2628 qui
568 2533 751 2608 clamabat
776 2539 857 2609 erat
882 2534 1030 2629 spiritus
1046 2534 1210 2629 lingonis
1231 2533 1414 2629 Ciapettae,
1435 2542 1476 2607 ut
1491 2555 1558 2629 pa-

389 2651 478 2725 tebit
503 2653 612 2747 paulo
637 2660 728 2749 post,
750 2674 774 2727 a
799 2653 918 2748 simili,
936 2645 1008 2727 cosi
1031 2674 1127 2727 come
1144 2659 1187 2748 sa
1206 2656 1327 2727 donna
1344 2655 1405 2726 cire
1417 2656 1454 2727 'o
1468 2676 1561 2747 par-

389 2776 479 2847 tortr
503 2777 569 2847 ua.
587 2772 631 2848 Et
648 2774 706 2848 bic
726 2782 813 2849 nota
829 2780 1010 2870 quantum
1027 2773 1255 2870 comparatio
1272 2780 1328 2850 est
1345 2773 1492 2871 propria
1500 2764 1560 2868 (²):

388 2893 473 2969 licet
498 2894 596 2969 enim
622 2894 757 2969 mulier
781 2914 965 2989 puerpera
985 2894 1032 2970 sit
1056 2895 1093 2969 in
1121 2894 1282 2969 maxima
1301 2915 1484 2989 pressura,
1503 2901 1560 2969 ta-

388 3034 476 3089 men
501 3034 587 3089 cum
612 3014 748 3111 gaudio
774 3021 941 3110 expectat
958 3015 1165 3111 exonerari,
1184 3023 1221 3090 et
1238 3014 1375 3090 habere
1395 3015 1559 3089 fructum

390 3154 593 3231 magnum3
619 3134 669 3209 ita
693 3134 816 3209 anima
844 3156 958 3209 avara
985 3135 1068 3211 licet
1098 3135 1145 3210 sit
1173 3134 1231 3209 hic
1261 3135 1297 3208 in
1330 3134 1562 3211 amarissima

388 3274 509 3349 prena,
536 3260 661 3329 tamen
687 3260 854 3351 expectat
879 3276 966 3330 cum
999 3260 1100 3330 certa
1125 3275 1190 3349 spe
1213 3251 1378 3329 alleviari
1403 3259 1441 3330 et
1466 3254 1561 3329 obti-

389 3395 479 3450 nere
504 3375 665 3449 fructum
693 3374 941 3451 beatitudinis:
966 3360 1237 3451 mulier'etiam
1262 3374 1480 3451 naturaliter
1505 3381 1562 3450 est

388 3515 503 3570 avara
527 3502 564 3569 et
588 3515 705 3589 prona
725 3495 772 3570 ad
793 3495 974 3590 lacrymas
990 3495 1084 3569 sicut
1103 3493 1248 3568 umbrae
1268 3494 1449 3589 istorum3
1471 3516 1561 3569 esc-

388 3618 522 3707 pour,
553 3615 692 3710 supple,
724 3614 859 3707 audivi,
882 3635 1019 3707 ponera
1039 3616 1123 3707 sorti
1153 3621 1262 3707 unu,
1291 3621 1423 3713 quanto
1456 3616 1562 3689 ceder

389 3729 514 3827 ripad
536 3755 602 3827 por
627 3737 738 3825 quello
763 3736 910 3827 ospizr'o,
927 3733 1074 3827 scilicet,
1101 3734 1334 3831 praesepium,
1363 3742 1403 3809 ut
1428 3734 1561 3809 dicitur

391 3856 501 3929 Lucae
526 3854 556 3931 ll
576 3854 746 3949 capitulo,
764 3857 852 3928 doec
875 3856 1027 3947 spmcerti
1041 3856 1069 3929 tt
1087 3861 1145 3928 tuo
1158 3862 1304 3947 porteto
1324 3861 1441 3946 scam,
1463 3853 1561 3948 qnia,

390 3994 488 4068 prtem
513 3981 603 4048 totus
627 3976 775 4049 mundus
798 3994 923 4067 cepere
946 3994 1019 4047 aon
1039 3981 1183 4067 potero
1197 3982 1255 4049 tao
1279 3978 1414 4067 prendo
1439 3980 1562 4049 contu-

391 4098 817 4187 tect-sepumnmenu.
840 4095 904 4169 Hic
927 4100 1035 4191 poeta
1059 4094 1206 4170 adducit
1230 4093 1330 4169 aliud
1348 4095 1559 4189 exemplum

389 4218 522 4293 sobriae
546 4216 769 4312 paupertatis
794 4216 831 4289 in
857 4216 937 4291 viro
958 4236 1113 4311 pagano,
1135 4217 1221 4311 quia
1243 4223 1387 4311 poterat
1407 4215 1489 4311 quis
1506 4214 1563 4290 di-

390 4360 495 4417 cere:
522 4358 595 4413 non
619 4343 739 4432 potest
754 4336 873 4410 omnis
891 4337 1003 4411 bomo
1020 4336 1093 4431 pati
1114 4335 1346 4412 incommoda
1362 4342 1561 4432 pauperta-

390 4460 435 4535 tis
460 4460 554 4533 sicut
573 4458 696 4533 Maria.
715 4459 758 4531 Et
777 4456 823 4531 ad
844 4456 1118 4553 intelligentiam
1136 4456 1240 4531 istius
1253 4448 1291 4551 (³)
1311 4457 1426 4532 literae
1445 4456 1564 4533 scien·

390 4580 480 4654 dum
498 4566 547 4673 (⁴),
574 4578 673 4672 quod
697 4576 884 4651 Fabricius
901 4575 970 4649 luit
986 4577 1115 4651 consul
1134 4596 1321 4671 romanuS,
1340 4577 1404 4672 qui
1421 4577 1561 4653 bellum

390 4698 501 4797 gessit
526 4706 654 4773 contra
671 4697 855 4794 Pyrrhum
875 4716 1014 4793 regem,
1034 4704 1074 4770 ut
1090 4696 1235 4772 dicetur
1251 4697 1298 4771 Vl
1315 4697 1475 4793 capitulo
1492 4698 1563 4773 Pa-

392 4818 517 4895 radisi:
544 4838 619 4912 qno
644 4823 811 4911 tompore
836 4815 904 4889 tuit
929 4815 1063 4891 Curius
1088 4817 1268 4892 valentior
1293 4837 1350 4911 eo,
1376 4823 1414 4891 et
1439 4822 1565 4893 tamen

454 5004 482 5067 (¹)
497 5002 523 5055 S.
539 5002 566 5053 ln
581 4997 629 5053 mo
645 5002 753 5054 circuio.
971 4998 1000 5065 Γ)
1017 5006 1071 5063 1¹⁷,
1090 5002 1180 5066 puim
1195 5008 1223 5053 et
1238 5004 1352 5067 propria.

456 5080 482 5143 o
499 5079 529 5133 n
546 5079 631 5131 nutu.
974 5077 1000 5141 rr
1019 5084 1072 5141 ru,
1089 5084 1128 5131 en
1144 5080 1287 5131 monum.
