4542 6842
733 987 872 1044 caurus
897 987 1053 1044 uuorurus
1078 988 1255 1054 ournrus.
1502 973 1573 1040 395

396 1137 477 1232 jam
504 1136 561 1210 sui
587 1134 725 1210 nobiles
750 1140 918 1232 tempore
942 1137 1082 1212 autoris
1107 1159 1176 1231 pro
1193 1157 1329 1234 magna
1349 1143 1454 1232 parte
1476 1135 1575 1210 delo-

401 1263 549 1332 oerant:
582 1279 601 1330 e
631 1258 707 1329 mal
730 1261 772 1350 su
808 1261 1033 1349 Carnorum,
1064 1259 1186 1333 nobile
1215 1263 1390 1351 castrum,
1420 1263 1458 1332 et
1486 1275 1576 1331 vere

403 1399 532 1452 carum
548 1369 599 1473 (¹),
624 1397 737 1472 supra
761 1376 961 1451 Forlivium
990 1379 1026 1451 in
1053 1377 1155 1453 Valle
1174 1377 1353 1471 llontorii,
1379 1377 1488 1451 cuius
1512 1395 1576 1449 co·

404 1499 509 1574 mites
534 1497 642 1574 bodie
665 1491 894 1572 deiecerunt.
921 1497 992 1573 Sed
1022 1505 1110 1573 tuno
1144 1498 1266 1573 adbuc
1297 1497 1479 1595 rigebant,
1512 1496 1575 1571 sed

402 1617 676 1716 degenerabant
700 1640 723 1694 a
748 1618 934 1693 nobilitate
959 1618 1165 1693 vicinorum
1181 1609 1232 1712 θ),
1257 1639 1277 1690 e
1302 1621 1429 1710 peppio
1457 1620 1575 1690 Contu.

403 1739 501 1813 lstud
528 1738 596 1811 luit
619 1739 811 1813 castellum
838 1738 946 1834 longe
975 1738 1023 1812 ab
1053 1738 1167 1812 lmola
1200 1757 1267 1832 per
1298 1757 1363 1812 sex
1395 1736 1576 1829 milliaria,

404 1858 504 1953 quod
529 1858 637 1934 bodie
661 1858 812 1934 omnino
838 1879 911 1933 nou
943 1865 1054 1952 extat,
1081 1858 1145 1933 sed
1177 1857 1282 1931 multi
1314 1857 1466 1932 comites
1496 1856 1576 1932 eius

404 1985 511 2054 erant
534 1986 701 2073 tempore
725 1979 877 2073 autoris,
903 1985 941 2054 et
965 1979 1086 2054 adbuc
1112 1978 1220 2053 bodie
1245 1984 1347 2071 sunt3
1364 1977 1446 2052 ideo
1470 1977 1574 2052 dicit:

403 2100 570 2195 epeppto
598 2101 719 2189 conio,
745 2099 885 2194 supple,
903 2098 997 2192 lacit,
1015 2099 1102 2193 quia
1128 2105 1268 2194 quanto
1293 2099 1421 2172 babuit
1448 2098 1577 2172 melio-

403 2237 474 2310 reS,
492 2222 593 2291 tanto
612 2237 710 2292 nunc
726 2217 879 2313 peiores.
897 2218 982 2293 Ideo
999 2219 1101 2292 dicit:
1119 2221 1180 2292 cte
1203 2221 1242 2292 di
1261 2221 1385 2311 fiplior
1406 2221 1457 2291 toi
1471 2221 1576 2308 corut,

403 2335 505 2430 idest,
531 2357 664 2432 parere
681 2343 756 2412 tam
779 2336 994 2434 degeneres,
1008 2335 1071 2431 piri
1085 2341 1115 2411 s'
1126 2338 1296 2431 impi'plia.
1317 2338 1361 2411 Et
1378 2345 1503 2412 tamen
1520 2337 1577 2410 isti

402 2455 522 2531 adbuc
548 2457 656 2532 hodie
680 2457 726 2533 de
751 2457 888 2533 virtute
908 2461 1058 2555 antiqua
1079 2461 1237 2533 multum
1255 2460 1414 2534 retinent
1430 2458 1467 2531 in
1484 2464 1578 2533 stre·

404 2575 543 2650 nuitate
567 2597 771 2652 armorum.
785 2583 920 2651 —Bur
943 2583 1115 2672 joranno.
1143 2578 1207 2653 llic
1236 2577 1355 2652 Guido
1385 2598 1577 2653 commen-

402 2695 465 2770 dat
490 2697 648 2772 nobilem
668 2696 777 2771 aliam
796 2697 947 2792 stirpem
964 2699 1011 2773 de
1026 2698 1276 2793 Romandiola,
1294 2698 1441 2793 scilicet,
1458 2699 1578 2794 Paga·

406 2837 484 2911 noe,
502 2817 565 2910 qui
584 2817 793 2892 babuerunt
811 2818 1014 2894 dominium
1033 2821 1070 2893 in
1088 2819 1274 2894 montibus
1290 2840 1402 2916 supra
1421 2818 1575 2894 lmolam

403 2942 441 3011 et
457 2936 681 3029 Faventiam,
700 2958 860 3030 quorum
879 2939 1106 3014 territorium
1125 2941 1328 3015 vocabatur
1347 2943 1485 3014 Pudere
1500 2945 1576 3012 Po·

402 3077 604 3149 panmum5
637 3057 684 3130 de
721 3077 882 3150 quorum
919 3061 1031 3154 stirpe
1064 3067 1145 3134 erat
1178 3067 1266 3135 tunc
1296 3083 1394 3135 uuus
1428 3061 1576 3135 nomine

403 3176 670 3273 blagbiuardus,
700 3177 765 3270 qui
798 3179 926 3252 nobilis
949 3199 1099 3276 genere,
1124 3182 1253 3276 pulcer
1277 3201 1444 3276 corpore,
1475 3181 1576 3255 tortis

405 3296 553 3390 viribus,
580 3302 754 3372 strenuus
770 3318 975 3394 armorum,
994 3300 1152 3374 babebat
1167 3300 1371 3375 dominium
1391 3301 1576 3376 Faventia

402 3423 439 3492 et
463 3417 597 3512 lmolae,
623 3419 743 3491 audax
773 3424 813 3490 ut
838 3418 908 3513 leo,
925 3420 1031 3493 cuius
1052 3421 1218 3516 gestabat
1242 3420 1450 3517 insignium.
1468 3421 1573 3496 blodo

402 3537 488 3612 dicit
512 3537 597 3612 iste:
617 3543 691 3611 Bon
712 3543 872 3632 smonno
896 3542 911 3612 i
934 3545 1076 3631 Papae,
1097 3562 1259 3634 quorum
1285 3540 1422 3616 lamilia
1448 3541 1576 3615 babuit

403 3661 545 3757 aliquos
576 3665 695 3737 claros
723 3663 833 3758 viros,
859 3662 954 3738 sicut
982 3665 1133 3738 Petrum
1166 3665 1355 3760 Paganum
1394 3669 1433 3738 et
1465 3664 1574 3758 alios3

404 3803 488 3876 quae
525 3783 595 3856 erit
632 3789 721 3858 tunc
759 3784 854 3877 lelix,
894 3784 1041 3877 quaudo
1079 3783 1252 3858 deiecerit
1288 3784 1450 3878 omnino,
1489 3785 1576 3878 quia

404 3903 662 4000 blagbinardus
688 3904 837 3978 inlamat
868 3923 951 3978 eam
985 3924 1083 3978 nuno
1111 3903 1250 3998 vivens.
1284 3904 1370 3978 ldeo
1394 3903 1498 3978 dicit:
1525 3906 1574 3977 do

404 4025 463 4096 cle
479 4025 505 4096 ’l
527 4027 687 4097 denwoio
712 4027 769 4097 lor
791 4045 830 4098 se
845 4027 881 4096 ’n
904 4015 1001 4116 pirri,
1023 4015 1126 4117 idest‘
1146 4023 1294 4117 quando
1317 4023 1575 4119 llagbiuardus

406 4143 596 4237 morietur,
617 4165 728 4238 quern
756 4150 862 4220 vocat
881 4145 1086 4220 daemonem
1113 4166 1181 4240 per
1206 4144 1466 4239 pulcerrimam
1494 4165 1575 4219 rne-

404 4264 607 4358 tapboram.
634 4264 786 4337 llaemon
810 4264 908 4364 enim
935 4265 1197 4358 interpretatur
1213 4263 1349 4339 sciens:
1367 4269 1405 4337 et
1424 4269 1480 4336 est
1498 4262 1576 4336 dae-

405 4403 491 4456 mon
518 4383 636 4456 bonus
661 4389 699 4458 et
724 4386 844 4459 malus
868 4384 965 4479 apud
980 4375 1017 4478 (³)
1041 4385 1183 4477 latinos,
1203 4390 1246 4457 ut
1261 4383 1460 4478 saepissime
1475 4389 1576 4478 patet

405 4521 471 4597 per
496 4501 742 4599 Augustinum
766 4504 814 4578 rle
839 4504 991 4578 Ciuitate
1016 4503 1093 4596 Dei,
1119 4510 1157 4577 et
1180 4522 1247 4599 per
1267 4503 1490 4577 chalcidium
1511 4525 1576 4578 su·
1636 4552 1641 4560 -

404 4640 470 4716 per
487 4621 665 4696 Timaeum
683 4623 851 4697 Platonis.
878 4623 949 4697 lste
972 4628 1099 4697 autem
1116 4622 1186 4695 luit
1201 4622 1447 4696 astutissimus
1463 4629 1501 4697 et
1517 4643 1578 4696 so·

404 4741 619 4838 gacissimus
644 4741 846 4837 bominum,
873 4743 1002 4836 quales
1027 4743 1139 4837 aliqui
1173 4742 1234 4816 alii
1263 4742 1415 4816 luerunt
1438 4742 1477 4817 in
1501 4744 1577 4817 Ro-

405 4859 598 4954 mandiola,
620 4882 713 4954 qrros
737 4861 785 4935 ab
810 4861 943 4936 astutia
969 4867 1075 4957 poeta
1103 4869 1227 4938 noster
1251 4863 1461 4938 numeravit
1485 4882 1573 4937 cum

468 5047 494 5107 (¹)
511 5046 541 5097 E.
559 5046 669 5098 clarum.
918 5047 946 5110 (¹)
963 5047 994 5097 E.
1010 5061 1025 5098 e
1043 5051 1096 5108 m,
1113 5050 1252 5100 maiorum.

469 5123 495 5184 (¹)
511 5123 542 5174 ll.
557 5137 573 5174 e
591 5128 643 5186 lll,
660 5127 728 5188 upurl
744 5137 851 5190 graecos,
868 5125 935 5175 deut
950 5125 1058 5189 angelos
1074 5123 1157 5175 bonus
1171 5130 1198 5176 et
1213 5125 1299 5175 malus
1313 5124 1382 5188 apud
1398 5124 1499 5174 latinos.
