4542 6842
793 974 931 1031 murus
955 976 1151 1032 sacuunus.
1509 949 1554 1030 63

385 1141 487 1196 meos
512 1121 575 1216 qui
602 1128 850 1218 regnaverunt
875 1129 955 1218 post
971 1121 1220 1198 Alexandrum
1238 1123 1423 1217 Magnum.
1442 1122 1556 1198 Hodie

384 1261 473 1316 vero
491 1242 600 1316 habet
617 1241 792 1316 Soldanos
809 1242 872 1336 qui
891 1249 1016 1318 tenent
1032 1242 1282 1338 Babyloniam,
1297 1243 1554 1318 Alexandriam

382 1361 469 1436 olim
496 1361 669 1435 aemulam
695 1360 934 1458 Carthaginis,
960 1362 1103 1458 Syriam
1134 1369 1173 1437 et
1200 1363 1353 1437 Terram
1384 1363 1555 1437 Sanctam

383 1488 420 1556 et
446 1481 580 1556 multas
614 1487 756 1576 terras,
782 1482 846 1556 sed
877 1503 968 1577 gens
1002 1481 1158 1578 aegyptia
1191 1501 1338 1576 semper
1371 1480 1438 1556 luit
1471 1488 1556 1577 apta

384 1607 468 1676 nata
481 1601 778 1676 servituli-Ad
791 1603 933 1677 literam
948 1623 1051 1698 ergo,
1068 1608 1175 1696 poeta
1192 1600 1295 1696 lingit
1311 1601 1410 1694 quod
1422 1601 1555 1676 animm

383 1729 536 1819 portatae
552 1723 600 1797 ab
619 1722 758 1818 Angelo
775 1723 971 1798 cantabant
989 1735 1087 1796 nunc
1105 1722 1208 1794 illum
1226 1722 1408 1816 psalmum
1428 1721 1554 1816 David,

383 1843 447 1938 qui
474 1843 618 1939 incipit:
645 1849 688 1916 lu
713 1847 807 1918 editu
834 1846 950 1916 lsrael
971 1845 1014 1916 de
1040 1847 1209 1934 AEpypto,
1233 1845 1356 1916 domm
1377 1845 1488 1916 Jacob
1513 1845 1556 1916 de

379 1967 510 2058 populo
535 1964 714 2057 barboro;
739 1964 777 2037 in
803 1985 878 2059 quo
904 1963 1052 2057 quidem
1079 1964 1220 2058 psalmo
1245 1963 1360 2038 David
1385 1961 1555 2040 describit

381 2083 634 2160 liberationem
661 2083 783 2178 populi
811 2084 1044 2160 hebreorum
1071 2084 1117 2158 de
1142 2083 1350 2178 captivitate
1379 2084 1556 2180 egyptio-

382 2226 485 2298 rum,
513 2226 598 2278 nam
626 2204 730 2278 dicit:
749 2216 785 2281 et
811 2204 859 2278 illi
880 2204 1026 2299 spiritus
1049 2204 1218 2280 sedentes
1243 2204 1280 2277 in
1305 2203 1390 2278 navi
1416 2203 1555 2277 fundati

381 2323 418 2396 in
443 2324 538 2400 fida:
565 2333 742 2398 coalovun
760 2329 833 2398 tutti
852 2329 992 2399 inncmc
1017 2328 1067 2398 ad
1089 2335 1163 2398 aab
1188 2345 1283 2416 voce,
1304 2345 1391 2400 cum
1418 2343 1555 2421 magno
1600 2313 1603 2317 ’
1659 2315 1662 2320 ’

381 2444 530 2539 gaudio,
563 2445 658 2520 sicut
688 2446 776 2520 olim
810 2446 948 2519 hebraei
978 2451 1217 2538 cantaverant
1253 2446 1431 2542 hymnum
1465 2467 1553 2521 cum

380 2564 526 2660 Moyse:
553 2571 596 2638 ln
621 2569 715 2640 exitu
732 2568 848 2638 lsrael
866 2567 910 2638 de
927 2570 1101 2657 AEpppto:
1128 2572 1166 2638 et
1191 2586 1265 2640 non
1288 2566 1409 2640 solum
1429 2573 1556 2642 canta·

381 2684 470 2758 bant
494 2685 711 2781 principium
731 2687 825 2760 illius
843 2686 984 2781 psalmi,
1010 2685 1073 2760 sed
1097 2691 1213 2759 totum
1238 2686 1409 2780 usquein
1429 2686 1554 2783 finem,
1676 2673 1683 2681 ⁶

381 2805 478 2880 unde
512 2806 619 2881 dicit:
655 2829 719 2880 con
750 2815 880 2899 quanto
910 2809 947 2880 di
975 2810 1054 2898 quel
1081 2810 1195 2880 soluto
1225 2803 1393 2900 dposn'o
1422 2811 1551 2881 seriae

380 2927 426 3001 Et
450 2927 501 3002 sic
527 2927 608 3002 vide
626 2928 724 3021 quod
744 2927 891 3022 spiritus
909 2927 1041 3022 portati
1058 2928 1095 3002 in
1112 2948 1208 3003 nave
1224 2928 1352 3024 Angeli
1369 2927 1555 3001 intrabant

381 3048 637 3143 purgatorium
671 3048 862 3142 cantando,
898 3049 960 3121 ubi
998 3049 1129 3142 portati
1164 3047 1202 3122 in
1234 3068 1329 3122 nave
1361 3047 1554 3122 Cbarontis

382 3167 564 3242 intrabant
590 3169 785 3262 internum,
811 3168 1018 3244 frendentes
1048 3169 1228 3263 dentibus,
1259 3169 1554 3264 blasphemantes

381 3287 511 3382 Deoua
531 3295 699 3382 parentes
725 3296 793 3364 etc.
820 3289 864 3363 Et
878 3281 914 3381 (¹)
936 3288 993 3364 hic
1013 3288 1165 3364 adverte
1185 3289 1299 3364 lector
1325 3310 1438 3382 quam
1466 3289 1554 3363 sub-

380 3407 490 3482 tiliter
515 3414 623 3504 poeta
649 3417 773 3485 noster
799 3408 945 3484 finxerit
970 3409 1057 3483 istos
1082 3428 1217 3484 cauere
1247 3409 1429 3503 psalmum
1457 3429 1555 3503 prae-

379 3529 544 3623 dictum,
570 3529 744 3624 quoniam
770 3530 949 3626 AEgyptus
975 3535 1075 3604 terra
1099 3529 1206 3624 plena
1227 3529 1428 3623 erroribus,
1450 3529 1554 3602 labo·

379 3648 492 3743 ribus,
515 3650 755 3744 serpentibus,
774 3649 978 3746 figuraliter
1003 3655 1058 3724 est
1084 3655 1184 3732 terra
1210 3648 1425 3743 habitabilis,
1446 3650 1554 3743 plena

380 3770 536 3864 peccatis
561 3767 599 3845 et
623 3771 805 3866 periculis,
832 3771 937 3844 cuius
965 3790 1029 3844 ren
1055 3776 1111 3844 est
1136 3770 1292 3862 Pharao,
1312 3768 1405 3844 idest
1427 3769 1554 3844 diabo-

379 3890 437 3963 lus
462 3890 527 3983 qui
558 3890 763 3986 appellatur
794 3891 960 3986 princeps
991 3889 1131 3984 mundi,
1159 3896 1200 3963 ut
1229 3889 1329 3964 clare
1362 3895 1552 3964 ostensum

379 4017 435 4086 est
459 4011 588 4085 ultimo
613 4011 772 4106 capitulo
802 4010 956 4104 luterni3
983 4010 1120 4105 inqua
1150 4015 1250 4084 terra
1274 4008 1454 4104 quamdiu
1486 4009 1553 4084 be·

380 4129 468 4204 braei
493 4135 684 4226 steterunt,
712 4130 862 4205 luerunt
888 4130 1009 4206 vexati
1035 4129 1207 4204 omnibus
1228 4129 1498 4204 calamitatibus
1515 4136 1553 4204 el

378 4250 570 4345 pressuris,
584 4251 699 4326 coacti
716 4251 839 4327 lacere
855 4251 979 4327 omnia
996 4271 1109 4346 opera
1127 4251 1211 4326 vilia
1229 4257 1266 4325 et
1281 4250 1440 4344 servilia,
1458 4251 1553 4328 sicut

378 4389 512 4446 cavare
531 4370 656 4466 iussae,
677 4391 839 4465 coquere
864 4370 998 4466 lapides
1030 4371 1193 4446 murales
1217 4377 1255 4446 et
1281 4370 1431 4465 similia3
1450 4376 1489 4446 et
1505 4371 1551 4446 ad

377 4496 521 4566 tantum
547 4491 692 4568 deducti
718 4499 803 4566 sunt
829 4492 928 4587 quod
953 4511 1081 4566 omnes
1112 4511 1236 4566 mares
1265 4511 1397 4566 eorum
1428 4490 1550 4564 statim

379 4630 466 4684 cum
492 4611 566 4686 nati
591 4620 698 4688 erant
723 4612 971 4705 necabantur,
996 4631 1063 4686 nec
1088 4615 1257 4706 poterant
1281 4609 1328 4684 de
1356 4609 1423 4684 ista
1450 4617 1553 4686 terra

378 4729 534 4824 pessima
560 4731 746 4827 recedere,
771 4740 809 4806 et
833 4753 856 4807 a
881 4739 957 4806 tam
984 4731 1172 4806 atrocibus
1202 4729 1318 4824 malis,
1344 4731 1411 4804 uisi
1439 4729 1552 4806 mise·

378 4859 484 4926 raute
509 4851 630 4928 divina
655 4853 784 4949 gratia,
803 4873 887 4947 quae
912 4851 1009 4928 dedit
1026 4851 1079 4928 eis
1096 4852 1279 4948 optimum
1296 4851 1429 4926 ducem
1450 4853 1553 4948 bloy-

438 5098 467 5162 (¹)
481 5099 576 5152 ltmca
584 5100 628 5150 nel
639 5099 732 5152 Codice
744 5104 790 5151 117
800 5105 897 5164 quanto
906 5099 950 5164 qui
961 5111 1040 5162 mane
1050 5097 1103 5150 dno
1114 5099 1165 5150 alie
1175 5101 1279 5164 parole:
1295 5099 1330 5150 Et
1344 5099 1457 5150 dualiter
1466 5105 1550 5164 poeta.
