4542 6842
705 881 777 954 net
1065 889 1271 948 connnrmr
1295 886 1514 944 rnnsnronn

705 1041 881 1114 smtcnrto
906 1045 978 1130 tua,
1004 1036 1106 1129 idest,
1132 1035 1168 1110 in
1194 1033 1290 1108 dicto
1316 1041 1392 1126 tuo,
1418 1031 1518 1126 qnod
1543 1030 1662 1106 habeo
1691 1051 1759 1125 pro
1790 1053 1875 1106 sen·

706 1157 831 1253 tentia,
858 1160 918 1232 cte
942 1161 991 1232 mi
1011 1161 1053 1252 so
1077 1164 1173 1230 certo
1196 1157 1320 1252 pnctto,
1345 1153 1482 1228 scilicet
1505 1152 1677 1246 dubinm3
1702 1151 1753 1226 ita
1776 1152 1877 1247 quod

708 1278 737 1352 si
763 1278 883 1374 primo
909 1275 1118 1369 credebam,
1136 1295 1235 1350 nnnc
1251 1273 1380 1349 videor
1400 1272 1488 1346 mitri
1505 1279 1641 1366 certus,
1661 1275 1731 1365 put,
1749 1273 1788 1346 in
1808 1273 1876 1346 isto

706 1399 787 1474 loco
813 1397 993 1494 presenti,
1021 1405 1054 1471 et
1076 1399 1225 1486 attrove,
1242 1395 1278 1468 in
1297 1395 1469 1489 praedicto
1490 1393 1629 1468 circuio
1654 1393 1876 1489 invidorum,

708 1523 812 1594 on'in
836 1520 1052 1610 toccoppc‘m
1078 1517 1180 1609 idest,
1201 1515 1333 1609 onputn
1358 1525 1396 1590 et
1420 1513 1605 1610 coniungo
1625 1513 1721 1588 istud
1739 1514 1877 1588 dictum

709 1647 817 1715 tuum
843 1637 1009 1732 dubium,
1034 1636 1120 1731 quia
1151 1655 1354 1712 consonare
1383 1633 1555 1708 videntur
1582 1633 1649 1708 ista
1678 1634 1754 1708 dun
1782 1634 1878 1709 dicta

710 1760 879 1854 invicem,
905 1759 954 1834 ita
980 1758 1078 1852 qnod
1104 1757 1215 1832 ambo
1239 1755 1386 1832 iaciunt·
1403 1753 1491 1828 mihi
1512 1753 1607 1829 istud
1624 1753 1791 1848 dubium,
1809 1755 1879 1830 sci·

711 1880 806 1974 licet,
832 1880 930 1956 unde
955 1877 1127 1974 procedat
1153 1883 1254 1951 tanta
1279 1875 1416 1952 matitia
1441 1875 1644 1969 hominnm,
1663 1897 1748 1970 qne
1773 1897 1880 1972 repe-

713 2000 806 2074 ritur
833 2000 970 2094 ubique
995 1997 1322 2074 terrarum-Lo
1348 1998 1486 2069 mondo.
1504 1995 1570 2070 Hic
1591 2002 1699 2091 poeta
1725 1998 1882 2092 explicat

712 2120 831 2216 ipsum
857 2119 1011 2195 dubium
1038 2123 1207 2212 repetens
1231 2122 1269 2191 et
1293 2115 1517 2191 confirmans
1542 2114 1630 2189 ittnd
1656 2117 1753 2210 qnod
1779 2117 1883 2194 dine·

713 2247 770 2316 rat
795 2241 938 2314 Marcus
963 2239 1009 2316 de
1035 2239 1171 2314 virtute
1189 2237 1328 2330 ubique
1344 2235 1500 2329 deserta,
1523 2235 1664 2312 dicens:
1682 2241 1733 2310 Lo
1753 2243 1884 2314 mondo

712 2357 733 2434 e*
755 2361 818 2434 om
844 2367 926 2434 totto
943 2352 1014 2434 cosi
1029 2361 1173 2448 demto,
1190 2355 1293 2449 idest,
1311 2355 1485 2451 spotiatus
1501 2362 1539 2430 et
1558 2355 1732 2451 privatus,
1757 2362 1886 2452 depos·

714 2483 849 2572 virtute,
877 2486 950 2553 tam
979 2477 1107 2555 morali
1134 2497 1246 2572 quam
1273 2475 1419 2550 divina:
1445 2483 1484 2550 et
1512 2475 1607 2550 bene
1637 2477 1722 2554 dicit
1752 2485 1884 2574 tntum,

715 2601 800 2695 quia
828 2602 864 2678 in
892 2603 943 2677 rei
970 2600 1125 2676 veritate
1142 2599 1261 2674 omnis
1278 2598 1378 2674 natio
1394 2597 1579 2671 invenitur
1603 2617 1728 2692 prava,
1747 2606 1784 2674 et
1801 2621 1886 2694 qnae

716 2721 862 2796 videtur
880 2722 1008 2798 metior
1027 2720 1211 2815 reperitur
1228 2719 1343 2815 peior,
1361 2738 1458 2790 conce
1473 2723 1509 2790 tn
1526 2720 1575 2790 mi
1592 2739 1713 2809 somne,
1731 2739 1777 2794 ex
1799 2741 1885 2796 ver-

718 2841 772 2914 bis
797 2841 881 2933 mis,
908 2847 944 2916 et
969 2861 1035 2937 per
1060 2840 1183 2914 iocum
1204 2860 1226 2913 a
1244 2837 1447 2930 contrariis,
1467 2840 1541 2912 edi
1555 2841 1712 2928 molisio,
1730 2861 1814 2934 qnae
1831 2849 1887 2916 est

695 2961 903 3035 ¹contraria
936 2959 1073 3055 virtuti,
1098 2962 1265 3051 protrito,
1290 2959 1382 3033 idest
1411 2957 1573 3053 pienum,
1602 2979 1622 3031 e
1653 2968 1806 3052 coperto,
1838 2963 1887 3038 ita

718 3080 817 3174 quod
844 3080 978 3156 malitia
1005 3079 1179 3155 continuo
1206 3079 1299 3174 parit
1327 3086 1365 3154 et
1396 3077 1610 3172 multiplicat
1635 3079 1737 3154 velut
1762 3081 1886 3157 lotium

719 3200 875 3297 magro,
893 3206 930 3274 et
948 3200 1064 3274 virtus
1085 3201 1174 3274 latet
1189 3207 1228 3274 et
1247 3199 1450 3274 suffocator
1468 3205 1658 3293 tamquam
1678 3221 1785 3298 seges
1805 3223 1890 3297 qnae

720 3341 792 3400 non
818 3319 930 3394 audet
956 3339 1165 3413 erumpere.
1193 3320 1236 3392 itt
1261 3319 1351 3414 petit
1375 3318 1422 3392 de
1448 3320 1591 3393 ratione
1611 3321 1700 3394 tanti
1721 3323 1818 3417 mati,
1835 3323 1892 3398 di-

704 3458 825 3513 ¹cens:
853 3460 912 3514 mo
934 3459 1060 3531 propo,
1087 3437 1173 3532 qnia
1199 3438 1250 3513 sic
1275 3447 1341 3532 est,
1367 3445 1405 3512 et
1429 3440 1482 3513 sic
1507 3439 1624 3534 video,
1646 3443 1706 3514 cte
1728 3445 1894 3518 m’nddttt

722 3560 759 3635 to
785 3561 942 3650 copmnc,
968 3557 1054 3656 qnia
1080 3557 1256 3634 scireest
1281 3578 1360 3634 rem
1388 3579 1454 3653 per
1477 3579 1629 3634 cansam
1655 3581 1891 3659 cognoscere,

721 3672 751 3754 si
776 3679 874 3752 cro
900 3681 937 3751 to
961 3680 1099 3769 veppio,
1123 3677 1227 3772 idest,
1245 3679 1346 3753 ctare
1365 3699 1584 3775 cognoscam
1603 3679 1717 3775 ipsam
1739 3703 1891 3758 cansam

722 3820 789 3896 pro
816 3799 933 3874 salute
959 3819 1057 3892 mea,
1081 3820 1100 3870 c
1125 3801 1218 3872 ct'co
1242 3802 1280 3872 lo
1304 3801 1428 3872 mosot
1456 3802 1576 3891 mord,
1605 3801 1751 3896 scilicet,
1776 3803 1823 3878 ad
1849 3805 1894 3878 n-

723 3917 977 3993 iominandnm
1002 3917 1092 3994 aiios
1116 3916 1163 3992 de
1189 3925 1290 3992 tanta
1314 3918 1478 3992 cecitate
1502 3919 1727 4015 ignorantie.
1749 3923 1794 3996 Et
1813 3931 1895 3998 tan·

724 4039 777 4136 git
801 4038 982 4134 duplicem
1009 4037 1215 4134 opinionem
1233 4038 1281 4113 de
1298 4039 1386 4112 hoc:
1403 4038 1515 4132 aliqui
1533 4039 1632 4113 onim
1651 4039 1778 4119 dicunt
1794 4043 1893 4136 qnod

725 4159 850 4236 omnia
874 4158 1095 4255 proveniunt
1119 4159 1167 4232 ab
1191 4159 1299 4234 nstris
1324 4159 1431 4234 etde
1456 4160 1689 4255 necessitntc3
1710 4163 1770 4236 atii
1793 4185 1895 4258 vero,

726 4278 826 4373 qnod
850 4279 897 4354 ab
922 4279 1130 4353 hominibus
1156 4299 1203 4352 cx
1229 4278 1397 4354 libertate
1421 4279 1526 4354 liberi
1543 4281 1695 4355 arbitrii.
1713 4283 1817 4359 Unde
1841 4285 1898 4359 di-

727 4397 794 4478 cit:
821 4395 883 4472 cdd
905 4399 963 4471 net
985 4400 1049 4472 ciet
1070 4419 1155 4488 non,
1180 4399 1267 4491 quin
1283 4391 1320 4492 (¹)
1339 4398 1470 4493 alionis
1486 4401 1588 4494 ponit
1603 4420 1753 4476 cansam
1780 4404 1896 4500 ipsam

728 4519 764 4593 in
800 4517 907 4611 coslo,
936 4517 999 4596 sed
1029 4517 1087 4592 isti
1116 4525 1290 4612 quaerunt
1320 4519 1550 4594 occasionem
1585 4523 1778 4618 peccandi;
1810 4545 1897 4600 nam

729 4637 796 4712 ista
817 4637 937 4732 opinio
963 4644 1018 4715 est
1043 4638 1193 4714 omnino
1219 4639 1307 4714 inisa
1333 4646 1372 4714 et
1395 4659 1563 4734 erronee,
1586 4648 1623 4716 et
1643 4651 1771 4719 contra
1795 4667 1902 4722 men-

732 4765 806 4834 tem
824 4757 1036 4852 Aristotelis,
1053 4757 1212 4833 Platonis
1228 4765 1266 4833 et
1282 4759 1447 4833 omnium
1471 4760 1647 4837 nobtttnm
1668 4763 1902 4862 pbilosopho-

795 5021 823 5083 t¹t
839 5027 894 5085 ¹¹⁷,
910 5025 976 5078 tout
991 5027 1060 5090 qno.
