4542 6842
701 944 771 1013 134
840 950 844 955 ’
1059 954 1265 1009 cnusruuu
1290 950 1511 1009 runermnu

697 1098 941 1199 cognitionem
966 1098 1120 1173 istarum
1148 1098 1350 1195 pigrorum,
1373 1116 1534 1191 quorum
1561 1116 1703 1171 morem
1730 1096 1871 1172 descri-

697 1220 768 1314 bit;
794 1219 892 1294 uude
915 1218 1024 1294 dicit:
1049 1221 1191 1293 clasem
1214 1222 1253 1293 dt
1276 1220 1349 1308 noi,
1370 1216 1507 1292 scilicet
1532 1214 1702 1312 Virgilius
1719 1224 1756 1291 et
1774 1216 1875 1293 Dau-

698 1347 764 1433 tes‚
788 1342 821 1413 si
844 1348 949 1430 torse,
975 1338 1077 1433 idest,
1108 1338 1222 1414 volvit
1247 1359 1298 1433 se,
1324 1341 1363 1411 al
1385 1356 1473 1411 mou
1498 1339 1537 1411 dt
1561 1340 1617 1427 lei,
1642 1337 1746 1431 idest,
1773 1338 1871 1413 illius

697 1461 797 1537 rucis
821 1459 1037 1534 dissonantis
1062 1459 1222 1534 multum
1250 1459 1297 1533 ab
1323 1479 1454 1534 eorum
1478 1457 1589 1532 nobili
1616 1458 1826 1553 intentione,
1852 1480 1873 1533 a

698 1585 874 1657 mantuo
899 1603 923 1653 a
947 1584 1124 1671 meina,
1146 1578 1250 1674 idest,
1275 1600 1297 1655 a
1324 1580 1479 1672 sinistra,
1505 1598 1527 1653 a
1555 1598 1628 1673 qua
1654 1586 1760 1675 parte
1784 1586 1872 1655 suut

697 1722 844 1797 semper
878 1700 1075 1796 reponendi
1107 1699 1163 1775 isti
1200 1700 1330 1793 tristes,
1367 1718 1414 1773 uu
1446 1720 1542 1791 prun
1570 1706 1731 1792 petrone,
1765 1700 1871 1795 idest,

699 1844 873 1920 magnam
907 1832 1061 1918 petram,
1087 1822 1165 1897 sive
1199 1842 1344 1915 saxum,
1369 1820 1469 1914 quud
1502 1820 1656 1894 iaciebat
1694 1842 1868 1917 magnam

698 1944 883 2038 umbram,
909 1946 969 2017 dei
991 1946 1087 2035 quat,
1113 1942 1250 2017 scilicet
1278 1960 1381 2034 sane,
1406 1936 1452 2014 nd
1473 1943 1508 2013 ci
1529 1936 1575 2014 nd
1596 1944 1645 2032 io,
1670 1940 1774 2034 idest,
1803 1960 1872 2017 uec

699 2062 880 2159 virgiliae,
918 2082 986 2137 nec
1019 2062 1164 2155 nantas,
1196 2064 1317 2156 primu
1349 2063 1547 2151 succurre,
1580 2061 1726 2155 scilicet,
1765 2070 1873 2137 ante-

698 2204 811 2279 quam
841 2183 1056 2257 audiremus
1088 2181 1187 2256 illam
1219 2200 1363 2271 vocem,
1389 2200 1473 2273 quae
1506 2180 1617 2255 traxit
1649 2182 1777 2256 oculus
1804 2202 1872 2257 nc-

697 2308 792 2377 stros
816 2303 862 2377 ad
888 2303 1010 2376 locum
1040 2302 1138 2375 unde
1163 2301 1395 2396 procedebat,
1422 2306 1459 2374 et
1494 2302 1575 2376 ideo
1609 2321 1681 2376 non
1713 2321 1875 2397 perpen-

697 2421 838 2515 derant,
865 2423 951 2516 quia
986 2428 1092 2498 erant
1116 2420 1225 2496 dediti
1253 2420 1396 2496 meliori
1422 2421 1679 2515 speculationi:
1705 2442 1809 2520 erge,
1833 2414 1871 2497 td

659 2606 662 2613 .
697 2544 729 2615 ci
753 2550 936 2631 truemma,
961 2561 1093 2615 versus
1118 2547 1325 2635 petronem,
1346 2545 1379 2611 et
1400 2542 1449 2612 ini
1472 2560 1562 2613 eran
1583 2560 1747 2633 perrone,
1768 2541 1872 2637 idest,

697 2663 831 2738 auimae
856 2662 1047 2759 pigrorum
1074 2661 1336 2755 quorumdam,
1363 2663 1423 2734 cte
1446 2664 1478 2735 si
1500 2670 1651 2735 slavand
1676 2663 1873 2735 altomdru

696 2784 810 2856 dicire
834 2785 874 2856 al
894 2803 1019 2874 ccccm
1042 2788 1081 2856 et
1107 2781 1189 2857 ride
1207 2801 1319 2875 quam
1343 2782 1437 2855 bene
1454 2788 1560 2877 poeta
1578 2783 1694 2879 tangit
1720 2784 1756 2857 in
1782 2783 1871 2857 hrc-

698 2902 803 2979 tibus
829 2901 951 2976 verbis
976 2901 1161 2997 propriam
1189 2909 1360 2976 naturam
1392 2902 1547 2977 istorum
1578 2903 1718 2998 vilium,
1744 2904 1807 2997 qui
1833 2904 1869 2977 in

698 3022 836 3118 irignre
868 3028 964 3096 stant
992 3021 1039 3095 ad
1072 3022 1201 3115 selem,
1226 3028 1263 3096 et
1295 3021 1332 3097 iu
1364 3022 1441 3096 sole
1474 3030 1570 3097 stant
1603 3022 1649 3099 ad
1683 3026 1868 3098 umbram.

697 3143 802 3219 Nunc
827 3143 925 3218 enim
950 3150 1031 3217 erat
1055 3144 1109 3217 sel
1134 3143 1242 3237 altus
1270 3142 1351 3218 ideo
1386 3149 1617 3218 retraxerant
1646 3166 1687 3219 se
1711 3145 1757 3219 ad
1784 3165 1873 3217 um-

697 3263 803 3339 bram
829 3270 911 3359 pust
934 3283 1090 3357 sauum3
1118 3284 1203 3337 nam
1235 3263 1291 3337 isti
1327 3264 1417 3338 tales
1449 3263 1550 3337 omni
1580 3262 1616 3337 iu
1650 3264 1743 3359 locu,
1768 3266 1869 3339 omni
1935 3301 1941 3315 ·

698 3392 865 3481 ternpore
889 3386 1005 3459 vitant
1030 3384 1207 3477 laborem,
1234 3384 1380 3481 lugiunt
1410 3386 1571 3459 calorem
1610 3390 1647 3461 et
1678 3385 1806 3481 frigus,
1832 3368 1874 3461 et

697 3504 779 3581 iden
804 3506 907 3579 velut
933 3505 1065 3579 umbra
1090 3512 1304 3579 uanescunt.
1330 3506 1416 3581 ideo
1442 3504 1566 3581 decis
1593 3510 1668 3579 tam
1696 3506 1873 3599 breviter,

698 3632 773 3701 tam
798 3624 928 3699 leviter
952 3630 1058 3718 poeta
1086 3624 1300 3719 pertransit3
1323 3625 1421 3699 uude
1442 3625 1525 3699 vide
1545 3624 1645 3719 quod
1671 3627 1789 3720 qualis
1813 3634 1870 3701 est

697 3752 795 3821 secta
821 3744 1051 3840 captivorum
1078 3745 1114 3818 in
1140 3743 1296 3839 iulerno,
1323 3746 1401 3819 talis
1427 3752 1482 3819 est
1507 3753 1605 3820 secta
1632 3746 1785 3821 istorum
1813 3747 1873 3841 pl·-

696 3887 851 3964 grorum
878 3865 914 3938 in
941 3865 1164 3961 purgatorie.
1189 3866 1232 3939 Et
1257 3866 1372 3962 tangit
1394 3886 1511 3960 quare
1534 3866 1585 3941 sic
1606 3869 1762 3961 stabant,
1781 3866 1870 3962 quia

697 4008 770 4062 uon
795 3987 917 4079 aliqua
943 3986 1158 4062 necessitate
1184 3986 1241 4062 vel
1267 4007 1390 4080 causa,
1416 3986 1479 4061 sed
1506 4007 1552 4063 ex
1576 4008 1678 4063 mera
1702 3988 1868 4084 pigritia;

697 4108 795 4182 unde
827 4106 936 4181 dicit:
974 4109 1156 4179 com'uom
1185 4128 1252 4201 pcr
1287 4109 1507 4197 negligentia
1538 4129 1564 4180 u
1596 4115 1673 4181 stur
1703 4112 1736 4182 si
1763 4128 1870 4201 ponc.

698 4228 798 4303 Unde
822 4226 879 4300 isti
910 4225 1003 4322 pigri
1038 4246 1111 4300 non
1144 4227 1264 4299 solum
1298 4234 1384 4299 sunt
1418 4226 1643 4323 negligentes
1674 4228 1720 4302 ad
1754 4248 1868 4323 opera

697 4348 897 4440 meritoria,
917 4346 1109 4422 sedetiam
1135 4345 1182 4420 ad
1207 4346 1332 4420 omnia
1357 4353 1438 4419 acta
1454 4339 1490 4438 (¹)
1518 4347 1676 4441 propria,
1697 4348 1746 4421 ita
1768 4346 1869 4443 qued

696 4468 912 4566 permittunt
936 4467 1089 4542 domum
1116 4487 1229 4542 ruere
1254 4486 1366 4561 super
1386 4488 1438 4560 se,
1456 4474 1494 4541 et
1513 4473 1655 4562 guttam
1677 4467 1810 4545 cadere
1831 4468 1869 4542 in

695 4591 845 4664 oculum
872 4610 995 4663 suum.
1010 4594 1118 4661 -u't
1140 4610 1198 4661 uu.
1226 4590 1331 4663 Nunc
1356 4595 1462 4683 poeta
1490 4595 1614 4663 noster
1634 4588 1806 4664 describit
1831 4590 1868 4665 in

695 4709 839 4806 speciali
856 4730 975 4784 unum
993 4710 1170 4803 amicum,
1183 4709 1290 4784 cuius
1305 4708 1450 4806 pigritia
1467 4730 1536 4815 suo
1554 4716 1721 4805 tempore
1737 4730 1871 4786 omnes

694 4831 888 4907 antecessit
912 4830 1007 4905 inter
1031 4830 1098 4904 sibi
1126 4838 1242 4905 notes.
1270 4831 1314 4904 Et
1339 4830 1522 4926 specificat
1547 4851 1634 4905 etun
1661 4831 1710 4906 ab
1739 4832 1865 4906 habitu

605 5131 612 5144 .
755 5082 1139 5148 (uttrennuapwpe
