4542 6842
710 953 757 1023 68
944 955 946 958 ’
1071 968 1274 1023 comessum
1299 967 1519 1022 runcxronu

704 1135 791 1212 gem
817 1115 1038 1189 animarum.
1066 1114 1110 1187 Et
1135 1113 1234 1207 quod
1259 1114 1326 1188 ista
1353 1113 1397 1187 sit
1423 1114 1574 1188 intentio
1594 1116 1745 1210 autoris,
1771 1118 1877 1193 litera

704 1253 862 1327 sequens
886 1233 988 1329 glosa
1019 1239 1074 1308 est
1103 1233 1351 1329 praecedentis.
1385 1233 1487 1308 Unde
1520 1234 1695 1309 continuo
1724 1239 1879 1313 ostendit

703 1354 888 1448 quomodo
905 1353 1076 1451 Virgilius
1096 1374 1138 1430 se
1154 1354 1325 1428 habuerit
1341 1353 1437 1428 cirea
1455 1354 1785 1432 manifestationem
1803 1362 1880 1432 An·-

700 1473 784 1569 geli,
810 1480 847 1548 et
877 1475 1157 1548 honorationem
1183 1474 1263 1550 eius
1288 1473 1432 1549 dicens:
1462 1477 1589 1548 lo.mio
1615 1485 1780 1570 maesto,
1806 1480 1877 1555 sci-

703 1594 786 1670 licet
811 1594 992 1691 Virgilian,
1019 1593 1082 1688 qui
1108 1594 1227 1669 stabat
1251 1600 1412 1669 attentus
1436 1602 1645 1691 expectans,
1669 1619 1781 1672 aecor
1805 1622 1878 1675 novt

700 1720 775 1810 seco
799 1722 917 1806 motto,
938 1715 1041 1809 idest,
1060 1734 1133 1788 non
1158 1713 1248 1788 dixit
1274 1714 1361 1787 milri
1389 1716 1557 1809 verbum,
1575 1723 1613 1792 et
1633 1739 1707 1792 non
1725 1740 1876 1814 respon-

705 1839 757 1914 dit
781 1839 827 1914 ad
853 1839 888 1913 id
915 1839 1013 1934 quod
1039 1838 1148 1914 tacite
1172 1839 1374 1934 petiveram
1399 1862 1485 1914 curn
1508 1840 1760 1936 admiratione,
1779 1865 1876 1918 mco-

704 1969 757 2036 tre
774 1957 833 2035 ct'e
855 1965 870 2034 i
888 1965 1000 2054 primi
1015 1961 1164 2050 Ueneti,
1182 1960 1283 2054 idest,
1302 1981 1497 2055 usquequo
1514 1962 1574 2036 illa
1596 1963 1670 2037 duo
1687 1964 1770 2038 alba
1792 1987 1877 2058 quae

703 2083 823 2178 primo
847 2090 1095 2177 apparuerant
1124 2103 1148 2156 a
1180 2081 1355 2156 lateribus
1380 2082 1519 2178 angeli,
1546 2105 1698 2175 npersoo
1712 2077 1748 2177 (¹)
1777 2089 1799 2158 t
1812 2090 1874 2179 oti,

704 2205 807 2298 idest,
834 2204 910 2278 visa
935 2204 1086 2278 luerunt
1111 2203 1179 2276 sibi
1204 2203 1342 2277 trabere
1366 2202 1521 2276 lormam
1547 2210 1585 2277 et
1614 2204 1773 2300 liguram
1799 2208 1876 2280 aln-

702 2348 800 2401 rum.
827 2325 870 2398 Et
896 2345 961 2426 per
983 2326 1053 2398 hoo
1071 2324 1179 2398 tacite
1196 2324 1313 2397 innuit
1330 2324 1428 2417 quod
1447 2325 1540 2398 ratio
1561 2326 1731 2420 sapientis
1745 2318 1782 2419 (²)
1803 2347 1874 2401 non

696 2446 837 2542 judicat
862 2445 933 2520 eito
959 2445 1019 2518 vel
1035 2443 1188 2519 faciliter
1201 2434 1239 2537 (³)
1259 2450 1457 2538 autequam
1480 2445 1614 2520 habeat
1630 2447 1872 2542 cognitionem

701 2586 913 2662 expressam
940 2565 986 2640 de
1011 2587 1053 2640 re
1077 2565 1167 2659 visa,
1194 2564 1280 2658 quia
1313 2564 1412 2638 visus
1442 2565 1639 2660 aliquando
1669 2568 1804 2642 tallitur
1828 2569 1875 2646 de

700 2687 914 2784 longinquo,
931 2687 1025 2761 sicut
1050 2685 1126 2781 ipse
1143 2686 1314 2782 Virgilius
1331 2685 1420 2759 dixit
1436 2687 1542 2759 Danti
1560 2687 1644 2761 alibi
1662 2688 1707 2762 in
1720 2689 1873 2786 interno,

705 2807 769 2880 ubi
793 2807 993 2903 accipiebat
1017 2805 1184 2902 gigantes
1209 2827 1231 2880 a
1257 2806 1366 2902 longe
1382 2826 1450 2901 pro
1466 2807 1649 2882 turribus:
1676 2814 1712 2884 et
1729 2811 1877 2906 cognito

703 2925 842 3022 dugelo
868 2926 915 3000 ab
940 2926 1006 3000 alis
1026 2925 1147 2999 statim
1166 2926 1337 3020 precepit
1353 2926 1470 3019 Danti,
1493 2936 1534 3003 ut
1552 2927 1721 3002 redderet
1741 2930 1790 3003 illi
1810 2929 1876 3005 de-

701 3046 815 3121 bltam
844 3046 1099 3120 reverentiam.
1129 3045 1229 3120 Unde
1253 3046 1398 3119 dicitze
1421 3039 1547 3138 pride:
1560 3051 1613 3140 [α’
1623 3051 1675 3141 fc’
1687 3051 1749 3121 cte
1771 3053 1803 3122 le
1817 3053 1874 3142 pi-

700 3169 844 3240 nooctiu
877 3169 958 3258 cult,
984 3165 1086 3260 idest,
1117 3165 1195 3239 sine
1227 3187 1333 3240 mora
1366 3167 1570 3260 procumbe
1606 3188 1717 3262 super
1751 3189 1873 3264 genua

700 3293 776 3381 tua,
803 3290 896 3360 altor
920 3289 979 3359 olto
1006 3287 1070 3359 ben
1094 3286 1245 3358 cannete
1269 3289 1296 3359 it
1317 3289 1481 3378 poteotto,
1507 3286 1609 3380 idest,
1636 3289 1783 3382 quando
1809 3283 1873 3363 eo-

698 3407 825 3504 gnovit
842 3407 940 3501 quod
958 3413 1037 3483 erat
1054 3429 1153 3482 uirus
1169 3407 1340 3503 Angelus,
1359 3407 1422 3501 qui
1439 3407 1596 3482 ducebat
1619 3409 1753 3483 navim.
1773 3409 1874 3485 Unde

700 3529 808 3604 dicit:
836 3551 914 3603 ecco
940 3532 1076 3622 linget
1100 3531 1139 3602 di
1162 3533 1245 3621 Dio,
1261 3532 1364 3622 piega
1390 3532 1421 3602 lc
1443 3533 1553 3620 mani,
1576 3529 1613 3602 in
1639 3529 1784 3627 signum
1813 3551 1874 3606 re·

698 3649 885 3744 verentiae,
905 3650 992 3744 quia
1017 3650 1046 3724 si
1072 3649 1238 3744 praestitit
1265 3649 1510 3724 reverentiam
1538 3669 1710 3746 magnam
1734 3651 1872 3743 Catoni,

699 3777 837 3865 quanto
863 3769 979 3865 magis
1000 3769 1139 3866 tingelo
1165 3769 1293 3843 nuntio
1310 3768 1443 3863 divino,
1462 3769 1524 3863 qui
1545 3770 1656 3844 habet
1673 3770 1874 3845 translerre

698 3891 841 3964 animas
877 3895 1112 3964 mortuorum
1143 3890 1190 3964 nd
1223 3890 1493 3986 purgatorium,
1530 3890 1591 3963 ubi
1626 3891 1716 3964 Cato
1751 3893 1869 3966 solum

700 4011 827 4088 habuit
851 4011 1087 4086 introducere
1111 4011 1274 4085 animam
1301 3996 1486 4085 viventem
1512 4011 1549 4083 in
1575 4031 1730 4106 corpore
1755 4019 1872 4107 poetae

699 4131 836 4226 IlantiS,
862 4120 976 4226 (μήθ)
1004 4131 1206 4206 introduxit
1222 4152 1308 4206 eum
1333 4138 1521 4225 tamquam
1549 4152 1726 4228 magnum
1754 4133 1872 4228 magi-

699 4256 817 4325 strum
845 4271 1003 4325 morum.
1030 4251 1132 4326 Unde
1157 4251 1186 4324 si
1212 4252 1307 4325 bene
1323 4251 1483 4325 advertis
1503 4271 1576 4324 non
1593 4251 1755 4326 invenies
1772 4250 1870 4345 quod

699 4391 863 4466 unquam
881 4363 917 4463 (5)
943 4371 1014 4447 alia
1043 4371 1166 4446 anima
1197 4377 1357 4444 transeat
1388 4391 1454 4464 per
1484 4391 1615 4444 manus
1644 4371 1799 4445 Catonis.
1827 4371 1871 4444 [lt

698 4492 744 4568 ad
769 4491 903 4566 bonam
931 4493 1222 4567 exhortationem
1249 4491 1329 4567 eius
1362 4491 1469 4566 dicit:
1505 4494 1601 4563 omni
1629 4493 1753 4565 vedrai
1781 4494 1819 4565 di
1841 4484 1872 4564 sl

695 4615 776 4705 fatti
799 4615 948 4704 officiali,
974 4613 1078 4706 quasi
1104 4613 1224 4687 dicat:
1251 4612 1313 4685 ubi
1339 4611 1558 4686 consuevisti
1589 4632 1655 4706 per
1684 4612 1868 4686 internum

698 4729 822 4805 videre
847 4730 1005 4827 Angelos
1031 4734 1158 4826 malm,
1185 4731 1377 4825 terribiles,
1394 4731 1597 4826 horribiles
1615 4730 1751 4828 nigros,
1772 4731 1872 4805 lero·

697 4870 769 4946 ceS,
796 4858 969 4946 armatos,
995 4853 1207 4944 clamantes,
1227 4850 1419 4942 minantes,
1438 4851 1623 4928 trahentes
1642 4849 1807 4925 homines
1822 4849 1869 4924 ad

760 5037 786 5100 (¹)
803 5037 827 5087 S.
845 5049 859 5086 e
877 5037 907 5088 E.
924 5053 1035 5102 upuruer
1050 5039 1095 5088 ult.
1240 5036 1269 5100 (³)
1284 5037 1315 5086 ll.
1331 5038 1469 5099 sapientie.
1600 5036 1628 5099 (⁵)
1644 5036 1670 5086 S.
1685 5036 1806 5088 finaliter.

760 5114 787 5178 (⁸)
804 5115 834 5165 E·
851 5117 919 5179 quin.
1243 5113 1270 5174 (⁸)
1285 5113 1316 5164 Ε.
1332 5127 1447 5178 uuquam
1464 5114 1548 5179 aliqua
1564 5113 1621 5164 ulit.
