4542 6842
857 949 996 1005 caurus
1021 950 1190 1006 oncruns
1537 934 1622 1007 283.

436 1092 519 1168 dicti
545 1092 748 1168 aminadab
774 1094 951 1190 regebant
976 1115 1144 1189 currum,
1165 1101 1204 1169 et
1227 1094 1340 1169 Aonia
1365 1094 1608 1189 praecedente,

435 1212 549 1287 boves
582 1212 618 1285 in
652 1212 710 1288 via
741 1224 935 1307 coeperunt
965 1214 1169 1309 calcitrare,
1205 1220 1243 1289 et
1274 1214 1370 1289 Arca
1400 1214 1608 1308 declinare3

435 1339 584 1427 propter
610 1332 708 1427 quod
733 1333 806 1407 Oza
832 1333 994 1409 extendit
1021 1355 1174 1409 manum
1199 1334 1246 1409 ad
1271 1335 1406 1409 Arcam
1431 1333 1610 1411 attonuit
1665 1332 1671 1343 “

435 1474 483 1529 ne
507 1453 671 1546 caderet3
689 1460 839 1549 propter
865 1454 962 1547 quod
982 1455 1159 1529 Dominus
1176 1456 1291 1531 iratus
1310 1454 1489 1549 percussit
1506 1474 1608 1547 eum,

436 1580 473 1648 et
497 1573 618 1649 subito
648 1580 817 1649 mortuus
851 1580 915 1649 est.
942 1575 1057 1650 David
1087 1574 1237 1650 territus
1272 1574 1389 1651 noluit
1417 1595 1485 1669 pro
1519 1581 1608 1648 tuno

435 1692 573 1768 ducere
596 1693 729 1769 droam
755 1693 800 1769 ad
828 1714 880 1788 se,
906 1694 970 1769 sed
994 1693 1129 1769 dimisit
1154 1714 1238 1768 eam
1269 1693 1307 1768 in
1340 1694 1451 1768 domo
1482 1693 1608 1767 cuius-
1664 1693 1668 1697 ’

435 1813 519 1889 darn
546 1813 768 1907 Obethedon,
796 1814 856 1888 ubi
889 1813 986 1889 stetit
1022 1814 1139 1887 tribus
1173 1813 1377 1906 mensibus3
1404 1813 1466 1887 sed
1493 1812 1607 1887 David

435 1934 560 2009 audito
586 1933 684 2027 quod
709 1932 886 2007 Dominus
911 1934 1150 2011 benedixerat
1174 1933 1326 2007 domum
1354 1934 1465 2027 illam,
1488 1932 1551 2006 ivit
1570 1938 1610 2007 et

435 2054 540 2129 duxit
554 2053 688 2128 Aream
702 2045 739 2146 (¹)
768 2052 804 2126 in
830 2053 1014 2129 civitatem
1041 2054 1174 2129 David:
1193 2060 1231 2129 et
1256 2062 1362 2129 erant
1380 2075 1465 2128 oum
1487 2074 1533 2129 eo
1550 2073 1608 2128 se·

432 2180 533 2269 ptem
560 2175 662 2249 chori
687 2194 773 2248 eum
799 2174 981 2268 frequenti
1008 2176 1220 2250 victimaret
1248 2174 1608 2270 suffumigationibus

435 2292 573 2387 thuris;
600 2294 713 2368 David
747 2313 835 2368 vero
869 2294 1040 2370 canabat
1073 2314 1160 2369 oum
1192 2315 1345 2391 organo,
1379 2303 1417 2369 et
1449 2294 1606 2369 saltabat

434 2432 559 2487 coram
586 2413 691 2487 Arca.
718 2412 812 2487 Cum
837 2420 963 2488 autem
989 2413 1083 2488 Arca
1109 2435 1195 2488 oum
1223 2436 1358 2511 magno
1379 2413 1513 2512 gaudio
1540 2435 1607 2509 po·

435 2534 510 2627 puli
528 2533 697 2608 intrasset
714 2532 898 2607 civitatem
917 2532 1042 2627 David,
1060 2533 1189 2607 lliohol
1207 2534 1287 2609 eius
1306 2554 1412 2627 uxor,
1427 2533 1498 2608 lilia
1518 2533 1607 2607 Saul

437 2652 544 2749 regis,
571 2650 696 2727 ridens
721 2671 787 2748 per
813 2652 1010 2727 fenestram
1044 2653 1166 2726 virum
1193 2645 1295 2746 siol²i
1327 2654 1515 2729 salientem
1541 2653 1609 2728 de-

433 2772 550 2869 spexit
568 2792 662 2847 eum
689 2773 724 2845 in
750 2772 861 2848 eorde
886 2793 974 2866 suo;
1005 2779 1042 2847 et
1074 2774 1191 2868 posita
1222 2776 1316 2849 Arca
1347 2774 1384 2847 in
1410 2775 1491 2848 looo
1523 2794 1604 2867 suo,

435 2893 562 2967 Michol
588 2912 735 2989 egressa
767 2892 806 2966 in
834 2912 1032 2967 occursum
1064 2892 1184 2967 David
1211 2894 1357 2968 turbata
1388 2884 1607 2985 diritl³le

435 3033 547 3107 quam
577 3012 757 3109 gloriosus
789 3011 857 3085 luit
889 3011 995 3087 hodie
1026 3033 1090 3088 rex
1117 3013 1240 3107 lsrael,
1267 3011 1535 3108 discooperiens
1566 3032 1608 3087 se

434 3139 520 3207 ante
544 3132 692 3207 ancillas
717 3152 911 3206 servorum
930 3153 1098 3227 suorum,
1117 3132 1222 3227 quasi
1240 3133 1428 3208 videretur
1446 3154 1543 3207 unns
1558 3134 1608 3209 de

434 3251 589 3326 scurris!
616 3252 669 3325 lle
694 3272 769 3345 quo
794 3252 910 3326 David
934 3272 1009 3325 non
1034 3272 1180 3346 curans,
1206 3252 1297 3327 dixit
1315 3253 1361 3345 ei,
1383 3253 1482 3346 quod
1507 3274 1608 3327 sem·-

435 3393 501 3467 per
527 3372 670 3447 luderet
695 3393 821 3447 coram
848 3372 1004 3447 Domino
1023 3373 1085 3466 qui
1107 3373 1271 3467 elegerat
1286 3392 1388 3466 eum,
1409 3374 1606 3467 reprobato

435 3491 523 3565 Saul
549 3498 653 3588 patre
679 3513 746 3567 suo
773 3492 1045 3587 superbissimo,
1064 3497 1101 3567 et
1121 3492 1220 3585 quod
1238 3491 1359 3566 adhuc
1379 3490 1485 3567 lieret
1502 3492 1608 3567 vilior

435 3631 501 3707 pro
533 3612 689 3687 Domino
716 3620 753 3687 et
784 3612 977 3708 gloriosior
1002 3619 1209 3707 appareret.
1236 3613 1342 3687 Nunc
1367 3612 1412 3686 ad
1439 3612 1605 3707 literam3

434 3732 518 3807 dicit
543 3740 673 3827 poeta:
699 3753 764 3805 oro
788 3736 984 3824 intantioto,
1003 3731 1039 3806 in
1057 3732 1117 3806 illa
1141 3731 1230 3826 ripa,
1248 3734 1307 3805 nel
1329 3752 1468 3804 morato
1484 3740 1605 3824 stesso,
1696 3791 1702 3805 .

435 3852 537 3948 idest,
562 3853 691 3927 eodem
720 3872 919 3946 marmore,
937 3856 971 3926 lo
996 3872 1106 3925 carro
1130 3872 1149 3923 e
1173 3855 1187 3923 i
1211 3852 1291 3924 tuot
1311 3853 1460 3925 truendo
1486 3854 1604 3925 lurco

433 3981 548 4045 soum.
576 3974 619 4047 Et
645 3973 702 4048 lnic
729 3982 826 4067 nota,
845 3971 942 4067 quod
961 3972 1028 4046 ista
1044 3971 1143 4045 drea
1160 3977 1285 4044 sancta
1311 3978 1392 4045 erat
1416 3969 1510 4045 sicut
1532 3990 1607 4045 una

434 4112 536 4169 cama
551 4081 601 4186 (⁶),
627 4094 664 4167 in
690 4115 764 4188 qua
791 4100 985 4169 servantur
1010 4091 1118 4167 hodie
1142 4092 1266 4185 aliqua
1291 4112 1408 4184 sacra,
1430 4091 1523 4166 siout
1546 4112 1607 4165 co-

440 4232 528 4287 rona
556 4212 684 4287 Christi
717 4220 754 4289 et
783 4212 886 4287 olavi.
917 4212 954 4284 ln
987 4211 1053 4285 ista
1083 4210 1177 4285 Arca
1204 4217 1310 4286 erant
1342 4211 1456 4285 multa
1488 4232 1605 4306 soora,

434 4332 527 4407 sicut
554 4333 688 4407 tabulae
714 4332 802 4427 legis
828 4340 866 4407 et
883 4331 985 4427 virga
1003 4331 1145 4426 Moysis,
1169 4351 1257 4405 oum
1283 4350 1357 4424 qua
1373 4322 1410 4421 (⁵)
1436 4330 1521 4407 vicit
1541 4352 1607 4405 su·

432 4451 690 4547 perbissimum
727 4452 967 4544 Pharaonem,
993 4457 1031 4524 et
1062 4470 1198 4524 urceus
1234 4470 1388 4544 mannae,
1420 4457 1458 4525 et
1489 4452 1605 4527 multa

432 4572 527 4647 alia:
554 4573 648 4646 hauc
672 4573 806 4647 Arcam
833 4570 1021 4647 fabricavit
1045 4571 1187 4666 Moyses
1211 4592 1297 4645 curn
1328 4570 1514 4646 eduxisset
1540 4592 1607 4667 po-

432 4693 561 4786 pulum
579 4692 644 4767 Dei
661 4692 707 4765 de
728 4690 900 4787 AEgypt03
918 4691 965 4765 de
982 4690 1088 4763 cuius
1106 4691 1380 4767 constructione
1397 4698 1434 4766 et
1452 4692 1607 4767 transla-

434 4813 531 4887 tione
556 4812 698 4887 dicetur
723 4811 882 4887 Paradisi
909 4811 1068 4906 capitulo
1094 4812 1173 4904 llll,
1199 4817 1236 4885 et
1267 4810 1376 4887 dicit:
1396 4834 1465 4904 per
1497 4816 1608 4887 ruisi

496 4998 522 5061 ι’)
538 4996 569 5050 E.
586 4996 684 5048 Arcum
701 4996 772 5048 illam
790 4998 824 5049 in.
894 4998 922 5061 (Ἴ
938 4998 968 5048 13.
983 4999 1019 5047 sis
1035 4998 1171 5047 ultnnlem
1186 4997 1309 5061 despexit.
1380 4996 1407 5061 (Ἴ
1426 5003 1479 5058 lli,
1495 4998 1559 5048 dixit
1573 5000 1607 5049 ei.

497 5074 524 5139 (⁸)
539 5074 571 5125 E.
587 5087 670 5137 ospes,
688 5074 712 5125 ln
729 5088 788 5139 qus.
894 5074 922 5137 (¹)
938 5073 969 5125 E.
985 5086 1046 5123 cum
1063 5086 1113 5138 qna
1130 5074 1255 5136 percunt
1270 5073 1492 5137 morsm-tntum.
1601 5088 1605 5096 ·
