4542 6842
709 950 779 1016 loo
1068 960 1272 1015 conanrarl
1298 958 1519 1015 rananronu

705 1106 797 1181 tium
824 1104 1051 1200 sequebatur
1075 1123 1173 1177 nunc
1192 1104 1355 1178 animam
1378 1102 1646 1198 precedentem
1665 1102 1762 1199 regis
1778 1102 1881 1175 blan-

705 1226 807 1301 lredi.
840 1226 938 1313 erot
968 1222 1080 1300 millia
1112 1223 1304 1297 bominum
1337 1230 1444 1319 putas
1477 1229 1604 1299 secuta
1633 1228 1719 1296 sunt
1743 1222 1782 1296 in
1806 1220 1881 1298 vita

705 1348 918 1445 ignoranter
944 1351 982 1419 et
1010 1342 1210 1419 bestialiter
1241 1344 1352 1417 istum
1381 1364 1508 1441 regem
1542 1352 1771 1440 regnantem,
1797 1340 1882 1415 licet

705 1473 801 1543 esset
826 1466 863 1539 in
889 1482 1021 1540 errare
1046 1484 1194 1561 magno,
1220 1470 1258 1539 et
1278 1462 1328 1539 ita
1345 1484 1443 1538 nuno
1460 1463 1627 1559 sequitur
1644 1482 1733 1538 eum
1751 1458 1899 1536 lauda·

705 1587 824 1661 biliter
850 1584 1060 1661 tendentem
1086 1584 1133 1659 ad
1151 1584 1456 1661 conversionem?
1474 1584 1518 1658 nt
1534 1604 1623 1660 rere
1644 1604 1780 1681 magna
1797 1601 1881 1677 pars

703 1707 850 1805 generis
875 1705 1028 1780 humani
1053 1705 1154 1781 sedet
1179 1705 1217 1779 in
1242 1705 1354 1781 barca
1377 1706 1447 1780 sub
1464 1706 1714 1802 gubernatore
1739 1705 1880 1801 ignaro,

630 1875 634 1885 ·
704 1834 742 1903 et
766 1828 862 1924 perit
886 1826 996 1901 simul
1021 1846 1160 1901 secam.
1182 1827 1227 1901 Et
1252 1826 1303 1901 sic
1328 1832 1415 1901 nota
1448 1826 1595 1923 iterum,
1628 1827 1755 1921 lector,
1782 1825 1880 1920 quod

704 1949 784 2044 ista,
815 1966 899 2043 quoe
931 1946 1077 2021 videtur
1109 1946 1207 2021 nuda
1233 1946 1459 2042 comparatio
1485 1947 1531 2022 de
1555 1948 1707 2023 oviculis
1726 1941 1763 2039 (⁴)
1791 1945 1882 2021 sirn-

705 2068 870 2166 plicibus,
889 2074 945 2142 est
964 2066 1104 2141 subtilis
1129 2073 1166 2141 et
1191 2068 1300 2144 vestit
1324 2068 1491 2162 pulcram
1508 2068 1775 2161 moralitatem3
1794 2086 1880 2140 nam

705 2189 775 2263 sab
812 2189 881 2263 ista
918 2188 1193 2282 comparatione
1230 2194 1338 2283 poeta
1373 2190 1452 2263 vult
1480 2189 1602 2264 dicere
1632 2188 1752 2283 tacite,
1782 2186 1887 2281 quod·

705 2330 838 2405 magna
864 2328 949 2403 pars
975 2307 1168 2382 hominurn
1195 2308 1232 2381 in
1258 2308 1397 2383 mundo
1423 2308 1492 2384 isto
1510 2310 1600 2384 vivit
1614 2300 1652 2403 (¹)
1670 2329 1759 2385 vere
1776 2328 1883 2383 more

703 2428 888 2525 pecudum
928 2426 1144 2522 inconsulte,
1172 2428 1251 2503 sine
1281 2428 1457 2505 electione
1490 2432 1548 2505 vel
1579 2430 1732 2522 ratione,
1757 2426 1880 2505 omnia

704 2557 858 2647 agentes
882 2548 1087 2623 secundum
1114 2550 1214 2643 quod
1240 2549 1364 2626 vident
1388 2550 1478 2625 alios
1507 2570 1633 2647 agere,
1659 2570 1733 2625 non
1762 2547 1882 2623 oonsi-

704 2672 876 2747 derantes
903 2668 1050 2762 quando
1077 2668 1214 2743 laniunt
1240 2670 1335 2745 bona
1353 2672 1413 2747 uel
1439 2672 1547 2767 mala,
1573 2670 1640 2745 nisi
1665 2670 1726 2745 alii
1751 2670 1801 2744 sic
1826 2669 1882 2743 la·

704 2793 830 2884 ciunt;
857 2795 894 2864 et
919 2788 1103 2884 precipue
1128 2796 1338 2883 sequuntur
1369 2790 1520 2887 vestigia
1550 2797 1751 2885 rectorum,
1782 2788 1880 2883 quia,

704 2918 748 2985 ut
772 2910 823 2984 ait
847 2910 1091 2984 Claudianus:
1122 2911 1246 2985 mobile
1270 2918 1425 2986 mutantr
1452 2932 1588 3005 semper
1616 2932 1694 2986 cam
1724 2912 1882 3003 privacipe

705 3035 837 3122 culpus.
852 3070 902 3085 -
917 3036 1029 3103 Come.
1048 3031 1113 3105 llic
1139 3037 1245 3127 poeta
1263 3032 1419 3109 ostendit
1438 3034 1596 3126 qualiter
1617 3033 1723 3108 dictae
1748 3032 1882 3106 animae

703 3150 943 3226 incurrerunt
974 3150 1085 3224 aliam
1117 3151 1295 3226 maiorem
1331 3153 1608 3248 dubitationem,
1637 3152 1715 3227 risa
1747 3150 1881 3225 umbra

704 3272 868 3367 corporis
899 3272 988 3346 eius.
1023 3272 1204 3347 Construe
1234 3266 1285 3347 sic
1316 3271 1485 3347 literam:
1521 3276 1634 3364 color,
1666 3272 1801 3347 scilicet
1832 3270 1880 3344 illi

704 3390 863 3486 spiritus,
890 3391 984 3466 sicut
1008 3391 1218 3466 Manlredus
1243 3398 1279 3467 et
1304 3392 1453 3486 quidam
1475 3393 1535 3467 alii
1552 3393 1768 3488 principales
1785 3411 1881 3487 prae-

703 3512 886 3605 cedentes,
904 3518 1056 3603 setara,
1071 3511 1157 3607 quia
1171 3511 1359 3587 desierunt
1379 3514 1590 3609 precedere
1603 3513 1769 3607 ulterius,
1786 3532 1883 3585 cante

701 3635 802 3709 oialer
826 3640 921 3707 rolla
944 3634 981 3705 ta
1006 3635 1093 3724 lace,
1117 3632 1255 3708 scilicet
1274 3634 1370 3727 salis,
1388 3635 1537 3707 dinanzi
1551 3637 1589 3707 tn
1606 3642 1705 3708 terra
1730 3636 1793 3707 dal
1812 3634 1882 3705 mio

701 3756 821 3829 metra
845 3760 962 3846 canto,
987 3754 1051 3848 qui
1078 3754 1316 3849 respiciebam
1342 3755 1389 3829 ad
1418 3754 1620 3850 sinistram3
1646 3754 1746 3829 unde
1768 3752 1880 3827 dicit:

700 3867 816 3949 siclae
841 3877 864 3947 l'
877 3874 1003 3947 andra
1027 3894 1092 3947 era
1116 3877 1166 3947 da
1186 3896 1241 3947 ma
1270 3877 1344 3949 alla
1367 3882 1499 3966 grotta,
1517 3894 1601 3969 quae
1627 3880 1709 3949 erat
1737 3873 1878 3969 primus

701 3994 823 4070 aditus
840 3994 985 4088 montis,
1003 4016 1023 4066 a
1043 3996 1210 4067 amsersi
1224 3996 1375 4069 indiatro
1392 3996 1572 4091 alquanto,
1593 4014 1640 4069 er
1662 3992 1879 4089 suspicione,

701 4136 721 4189 e
755 4117 828 4187 batti
857 4116 908 4205 pn·
938 4116 1024 4187 atta·
1052 4116 1112 4186 obe
1146 4116 1288 4187 veneno
1318 4134 1488 4207 appresso
1523 4118 1631 4207 senno
1665 4116 1880 4202 aldeuanto,

701 4234 806 4328 idest,
818 4233 984 4309 similiter
1002 4238 1240 4308 retraxerunt
1256 4254 1307 4328 se,
1324 4254 1397 4307 non
1412 4237 1569 4327 sapanda
1584 4237 1613 4308 il
1622 4227 1763 4331 parcltd,
1775 4232 1879 4324 idest,

700 4354 914 4451 ignorantes
939 4374 1103 4448 causam,
1129 4352 1223 4427 sicut
1252 4353 1363 4449 paulo
1392 4360 1478 4427 ante
1503 4353 1666 4427 fecerant
1690 4352 1761 4427 alia
1787 4351 1879 4426 vice.

702 4475 748 4551 Et
772 4474 894 4549 subdit
919 4480 1026 4570 poeta
1053 4474 1152 4568 quod
1178 4472 1349 4570 Virgilius
1367 4474 1429 4568 qui
1447 4474 1558 4569 paulo
1575 4479 1663 4547 ante
1684 4477 1882 4547 monuerat

700 4597 749 4672 de
773 4602 942 4690 tempore
959 4617 1032 4670 non
1052 4594 1250 4690 perdendo,
1269 4614 1368 4669 nunc
1384 4594 1520 4671 iterum
1537 4593 1654 4669 noluit
1671 4600 1799 4668 tenere
1816 4610 1882 4665 eos

704 4736 912 4811 suspensos,
938 4736 1007 4791 nec
1032 4722 1229 4811 expectare
1254 4714 1353 4809 quod
1377 4720 1544 4811 peterent
1567 4713 1615 4788 de
1632 4732 1674 4787 re
1699 4710 1881 4803 mirabili;

705 4838 788 4912 ideo
813 4837 937 4914 statim
962 4837 1140 4932 prevenit
1165 4856 1228 4910 eos
1253 4841 1291 4910 et
1307 4836 1516 4911 certioravit
1532 4834 1580 4909 de
1595 4854 1708 4909 causa
1725 4830 1882 4925 umbrae,

767 5086 794 5150 i')
810 5085 842 5137 B.
859 5086 959 5138 oribus.
1283 5084 1310 5149 (¹)
1327 5086 1358 5137 Ε.
1375 5089 1437 5139 rirll
1452 5102 1535 5139 mare.
