4542 6842
713 962 852 1019 caurus
876 962 1034 1019 ominus
1058 962 1253 1019 securibus.
1495 950 1566 1018 331

391 1116 430 1184 et
453 1108 556 1183 ideo:
583 1114 617 1182 ct
638 1110 674 1181 io
699 1110 737 1181 rii
759 1128 893 1198 scupus
918 1110 941 1181 t'
954 1110 1080 1201 empto,
1096 1107 1143 1181 ad
1159 1106 1358 1183 sedandam
1377 1106 1485 1181 sitim.
1502 1106 1569 1181 llic

392 1228 575 1325 mperbus
600 1229 718 1325 Cyrus
735 1228 933 1323 superbam
951 1227 1188 1325 Babyloniam
1209 1228 1317 1323 cepit,
1334 1234 1372 1303 et
1388 1230 1567 1324 populum

393 1350 584 1425 bebraeum
611 1349 768 1425 restituit
793 1349 839 1424 de
864 1349 1072 1444 captivitate
1098 1348 1303 1445 Babylonis,
1322 1349 1369 1424 de
1389 1370 1466 1444 quo
1481 1350 1569 1424 dicit

392 1469 521 1545 lsaias:
552 1472 686 1543 curso
711 1490 787 1543 meo
816 1473 919 1559 Cyro.
933 1472 1191 1543 -Mostrauu
1213 1469 1279 1543 llic
1310 1475 1419 1564 poeta
1451 1468 1570 1566 tangit

393 1590 508 1667 alium
522 1583 559 1683 (¹)
587 1596 625 1665 et
648 1610 821 1665 amarum
848 1589 987 1665 exitum
1007 1588 1190 1684 superbiae
1208 1589 1334 1664 lractae
1351 1590 1482 1687 fraude
1498 1591 1568 1665 loe-

394 1711 527 1785 mineo.
554 1709 709 1785 Historia
734 1708 802 1783 ista
827 1708 998 1803 scribitur
1012 1699 1050 1801 (²)
1076 1707 1207 1783 dilluse
1227 1708 1266 1781 in
1292 1708 1386 1783 libro
1410 1709 1567 1805 speciali,

395 1831 459 1927 qui
484 1830 691 1905 intitulatur
715 1829 850 1923 luditb,
876 1829 982 1904 euius
1007 1849 1196 1903 summam
1220 1829 1399 1925 attingam
1425 1830 1568 1905 brevis-

395 1953 498 2045 sime,
523 1952 611 2045 quia
636 1958 691 2026 est
716 1950 904 2025 notissima
921 1950 1045 2047 vulgo.
1065 1950 1128 2024 Est
1144 1970 1236 2045 ergo
1261 1950 1451 2025 sciendum
1469 1950 1569 2045 quod

394 2072 730 2148 Nabuchodonosor
752 2071 1025 2167 potentissimus
1042 2091 1108 2146 rex
1126 2071 1368 2167 assyriorum,
1385 2072 1493 2145 cuius
1511 2090 1571 2145 re·

394 2194 456 2289 gni
483 2192 587 2269 sedes
611 2192 681 2267 luit
706 2212 841 2288 magua
861 2191 1001 2286 Ninive,
1020 2191 1056 2265 in
1074 2198 1215 2266 tanum
1233 2176 1442 2287 superbiam
1464 2192 1571 2265 inau-

394 2313 507 2389 ditam
533 2313 651 2388 elatus
677 2319 744 2408 est,
770 2311 869 2407 quod
895 2313 1021 2387 uolens
1046 2312 1146 2386 solus
1175 2312 1244 2385 dici
1276 2313 1375 2386 Deus
1399 2312 1437 2385 in
1463 2312 1572 2387 terris

395 2435 581 2511 constituit
606 2434 815 2509 Oloiernem
842 2432 1042 2528 principem
1069 2432 1205 2506 militiae
1232 2454 1320 2526 suae,
1348 2440 1390 2506 ut
1419 2452 1568 2507 omnem

397 2564 535 2632 terram
562 2576 631 2629 suo
660 2553 877 2650 subiugaret
906 2553 1072 2649 imperio,
1108 2552 1172 2647 qui
1204 2553 1340 2627 multas
1371 2559 1500 2649 gentes
1535 2562 1574 2629 et

398 2675 564 2751 nationes
588 2674 625 2748 vi
651 2680 688 2749 et
715 2679 857 2747 terrore
882 2671 1036 2747 subiecit
1067 2672 1146 2765 sibi,
1172 2679 1319 2746 vastans
1351 2681 1389 2748 et
1413 2672 1574 2768 spolians

399 2806 517 2873 terras
542 2802 580 2869 et
604 2794 819 2890 provincias.
846 2792 918 2867 Sed
943 2792 1005 2867 lilii
1022 2793 1133 2869 lsrael
1153 2793 1277 2893 territi
1290 2794 1461 2889 exemplo
1478 2793 1573 2867 alio-

398 2937 484 2991 rum
511 2914 750 2989 muniverunt
775 2912 940 2988 tortilicia
958 2932 1025 2987 sua
1042 2920 1080 2987 et
1096 2918 1373 3009 occupaverunt
1396 2913 1521 2989 lauces
1534 2903 1572 3003 (³)

399 3035 580 3111 montium
608 3034 844 3128 implorantes
868 3032 1047 3107 auxilium
1068 3032 1213 3107 Domini
1234 3054 1321 3108 cum
1348 3053 1482 3130 magna
1502 3034 1573 3106 bu-

399 3157 563 3233 militate.
589 3154 777 3229 olofernes
802 3155 872 3229 boc
901 3152 1027 3229 audito
1052 3154 1190 3228 exarsit
1219 3154 1257 3228 in
1291 3154 1384 3228 iram
1418 3161 1456 3228 et
1485 3174 1571 3227 cum

399 3277 526 3353 tirrore
550 3274 656 3349 duxit
686 3273 892 3348 exercitum
923 3281 1051 3348 contra
1083 3274 1289 3349 Betbuliam
1321 3273 1505 3349 civitatem
1536 3273 1574 3347 iu

400 3396 586 3473 montibus
611 3394 730 3487 sitam,
748 3400 785 3469 et
801 3393 957 3489 privavit
974 3414 1056 3469 eam
1076 3393 1178 3467 omni
1194 3415 1302 3488 aqua.
1328 3394 1421 3468 Cum
1447 3372 1574 3468 autem

400 3516 476 3593 sitis
502 3522 670 3591 extrema
701 3519 852 3610 cogeret
875 3513 1106 3588 betbulianos
1135 3513 1183 3587 ad
1214 3513 1447 3607 deditionem,
1474 3514 1521 3588 de
1536 3501 1572 3605 (⁸)

400 3636 551 3713 consilio
584 3635 681 3711 Oziae
714 3634 911 3709 sacerdotis
944 3634 1244 3709 deliberaverunt
1279 3641 1476 3728 expectare
1510 3654 1577 3729 per

401 3756 567 3851 quinque
592 3755 679 3831 dies.
706 3755 807 3829 Tunc
825 3752 949 3828 luditb
974 3754 1084 3827 vidua
1105 3752 1239 3827 mulier
1260 3754 1522 3829 formosissima
1539 3760 1577 3828 et

401 3876 698 3971 dominaque
724 3882 803 3950 erat
830 3876 991 3949 bonestae
1017 3873 1101 3947 vitae
1126 3880 1164 3948 et
1187 3873 1294 3947 bonae
1320 3873 1441 3967 lamae,
1463 3893 1576 3947 eror-

403 4018 495 4073 nans
519 4016 560 4071 se
584 3995 685 4071 omni
705 3995 820 4089 cultu,
838 3994 944 4068 cuius
961 3993 1133 4069 decorem
1154 3995 1252 4067 Deus
1271 3992 1471 4088 ampliavit,
1489 3993 1576 4088 quia

404 4137 477 4191 non
507 4135 554 4190 ex
587 4114 744 4209 libidine,
776 4115 838 4189 sed
871 4114 1008 4188 virtute
1040 4114 1254 4208 compositio
1286 4114 1353 4187 ista
1384 4113 1577 4208 pendebat,

404 4236 517 4313 exivit
540 4235 588 4310 ad
612 4237 735 4311 hostes
759 4255 846 4309 cum
875 4255 949 4308 una
974 4234 1051 4309 sola
1076 4234 1206 4308 ancilla
1228 4254 1312 4327 sua3
1333 4241 1372 4308 et
1395 4234 1505 4310 ducta
1529 4234 1577 4310 ad

403 4356 613 4433 Ololcrnern
639 4354 820 4451 sagaciter
845 4354 949 4429 finxit
973 4375 1014 4430 se
1040 4353 1233 4428 recessisse
1258 4354 1295 4426 in
1320 4361 1488 4429 extrema
1512 4374 1579 4429 ne-

404 4476 583 4569 cessitate,
608 4483 651 4550 ut
676 4476 885 4549 consuleret
909 4495 986 4549 suae
1013 4474 1132 4569 saluti,
1152 4482 1189 4547 et
1204 4474 1357 4548 doceret
1374 4466 1576 4566 moduml⁵)

404 4596 588 4693 erpmnuae
612 4596 790 4689 civitatis;
817 4603 855 4669 et
878 4594 1082 4669 admiscens
1099 4594 1188 4668 iulsa
1210 4595 1308 4669 veris
1326 4594 1468 4691 magnis
1484 4594 1579 4669 adu-

404 4718 599 4797 lationibus
618 4717 713 4813 cepit
731 4716 952 4809 Olofernem,
970 4716 1034 4790 sed
1052 4715 1170 4789 multo
1188 4715 1318 4791 lortius
1336 4716 1580 4811 pulcritudine

1475 4882 1582 4895 *un——

467 4951 495 5012 (¹)
513 4954 558 5003 117
574 4963 589 4999 c
605 4951 635 5001 E.
652 4951 732 5001 alium
749 4958 836 5001 actum
852 4956 878 5001 at
895 4964 1022 5001 amarum.
1149 4951 1177 5013 (¹)
1194 4955 1248 5011 117,
1266 4951 1429 5001 describitur.

468 5028 494 5091 (¹)
512 5030 566 5087 117,
584 5026 668 5079 lentes
685 5030 820 5079 montium.
1149 5027 1176 5087 (⁸)
1193 5027 1218 5077 S.
1234 5040 1267 5077 οι
1283 5026 1399 5077 comitto,

469 5105 497 5169 (¹)
513 5105 687 5166 1¹⁷,modun1
703 5104 819 5167 cupiendi
835 5104 972 5155 civitatem.

541 5212 581 5254 111.
917 5254 919 5258 ,
1419 5211 1446 5253 22
