4542 6842
729 968 800 1035 218
1088 976 1294 1032 mucnrurr
1318 976 1537 1031 runcaronn

725 1356 891 1440 CANTUS
921 1355 1126 1436 OCTAVUS,
1149 1356 1187 1421 ia
1212 1377 1273 1439 quo
1299 1361 1418 1423 tractu
1446 1357 1486 1423 de
1513 1356 1639 1435 eiam,
1670 1363 1702 1425 ct
1729 1358 1812 1424 mart
1836 1358 1898 1424 cro

803 1471 910 1555 angeli
943 1470 1158 1537 custodiebant
1186 1470 1301 1536 uallem
1331 1469 1424 1535 iliam
1457 1491 1479 1535 u
1512 1470 1649 1553 pwdcm
1678 1476 1837 1553 semem·
1868 1474 1899 1537 ct

799 1590 914 1667 postca
941 1586 1022 1649 aad
1052 1604 1121 1649 cum
1142 1582 1252 1665 judice
1279 1581 1377 1660 Nino,
1400 1586 1431 1647 et
1456 1602 1526 1649 cum
1549 1580 1692 1648 &nudo
1719 1583 1898 1649 marciliano

784 1676 843 1762 'ue
865 1694 1063 1777 aueum
1085 1693 1206 1761 roccus
1228 1698 1275 1759 ee
1294 1692 1396 1759 mua
1416 1698 1560 1761 venem

799 1990 934 2157 Era
960 2074 1021 2177 pid
1046 2087 1143 2157 l'orc
1166 2084 1227 2155 cte
1251 2086 1351 2175 volpe
1366 2086 1392 2155 il
1405 2085 1505 2157 dcto.
1531 2084 1730 2177 Postquam
1748 2084 1785 2156 in
1804 2104 1900 2178 pre-

725 2206 867 2281 cedenti
894 2204 1052 2300 capitulo
1077 2203 1258 2297 superiori
1284 2212 1390 2297 poeta
1421 2209 1546 2277 noster
1577 2204 1747 2278 tractarit
1772 2211 1810 2279 et
1832 2203 1898 2279 de

726 2324 937 2401 terminavit
962 2324 1008 2398 de
1034 2322 1163 2417 quinta
1187 2322 1308 2417 specie
1325 2322 1619 2418 postponendum
1645 2323 1896 2418 poenitentiam

725 2445 966 2540 occupatione
979 2444 1198 2539 dignitatum
1217 2451 1256 2517 et
1272 2450 1492 2536 potestatum
1507 2445 1784 2540 temporalium3
1799 2466 1897 2519 nunc

726 2570 994 2658 consequenter
1012 2564 1048 2637 in
1066 2564 1135 2637 isto
1151 2563 1227 2636 Vlll
1244 2564 1403 2659 capitulo
1419 2565 1494 2661 agit
1511 2571 1549 2639 et
1565 2571 1698 2639 tractat
1713 2567 1760 2641 de
1776 2566 1899 2661 dispo-

728 2686 857 2761 sitione
883 2684 1062 2759 dictarum
1088 2684 1311 2777 animarum,
1329 2691 1367 2759 el
1388 2690 1588 2779 pertractat
1602 2678 1639 2777 (¹)
1661 2686 1783 2781 aliqua
1804 2708 1900 2782 prce·

727 2807 876 2898 ambula
903 2806 1038 2901 praevia
1063 2804 1110 2879 ad
1136 2825 1267 2879 verum
1295 2804 1549 2901 purgatorium
1575 2806 1623 2880 ad
1648 2807 1745 2900 quod
1763 2828 1898 2901 appro-

727 2927 916 3021 pinquant.
943 2928 986 3002 El
1011 2933 1130 3001 totum
1157 2925 1251 2999 istud
1277 2927 1479 3021 capitulum
1504 2927 1650 3003 ridetur
1668 2949 1775 3022 posse
1790 2928 1897 3003 dividi

728 3047 765 3121 in
792 3053 866 3121 tres
890 3054 1013 3143 partes
1037 3048 1249 3143 generales:
1267 3047 1304 3120 in
1322 3046 1439 3141 prima
1457 3069 1617 3141 quarum
1635 3055 1741 3143 poeta
1762 3044 1899 3123 descri-

694 3226 696 3233 .
727 3167 781 3242 bit
804 3168 1008 3242 orationem
1036 3167 1190 3241 istarum
1216 3167 1426 3242 animarum
1454 3168 1650 3242 illustrium
1670 3176 1708 3244 et
1724 3170 1898 3243 orationis

728 3286 911 3364 ellectum.
943 3288 983 3360 ln
1012 3287 1174 3362 secunda
1204 3288 1376 3361 describit
1403 3289 1639 3385 singulariter
1676 3310 1790 3364 unam
1819 3290 1900 3364 ani-

727 3428 828 3481 mam
868 3407 1083 3481 modernam
1121 3407 1168 3481 de
1202 3428 1360 3482 numero
1397 3408 1668 3504 praedictarum,
1700 3432 1788 3485 cum
1823 3432 1899 3505 qua

727 3526 952 3601 familiariter
984 3526 1160 3621 loquitur,
1186 3528 1256 3600 ibi:
1290 3531 1450 3601 Sordello
1483 3549 1630 3602 umora.
1655 3530 1695 3603 ln
1722 3531 1829 3605 tertia
1863 3537 1900 3605 et

727 3646 857 3722 ultima
890 3646 1061 3722 describit
1095 3668 1258 3743 pugnam
1291 3647 1387 3721 inter
1423 3657 1631 3742 serpentem
1667 3650 1898 3725 invadentem

727 3767 869 3843 animas
894 3774 931 3841 et
955 3768 1106 3863 angelos
1135 3767 1389 3862 defendentes3
1419 3775 1457 3842 el
1481 3768 1651 3843 describit
1679 3771 1789 3845 aliam
1819 3772 1900 3845 aui·

728 3908 828 3961 mam
856 3888 1071 3962 modernam
1098 3908 1185 3961 cum
1210 3888 1531 3963 commendatione
1546 3889 1680 3963 domus
1699 3890 1806 3985 illius,
1824 3891 1897 3965 ibi:

731 4010 788 4081 Gli
802 4010 898 4080 occlrr'
921 4012 1008 4081 miei.
1036 4007 1088 4081 Ad
1114 4008 1276 4103 primum
1303 4008 1453 4083 veniens
1473 4008 1566 4103 dico,
1584 4011 1683 4104 quod
1709 4020 1816 4107 poeta
1832 4012 1906 4087 de·

727 4128 851 4203 scribit
885 4130 1089 4203 orationem
1124 4129 1271 4204 illarum
1308 4130 1517 4205 animarum
1553 4152 1638 4205 cum
1675 4132 1829 4227 effectu3
1857 4117 1938 4207 et'

623 4342 629 4349 ἡ
726 4248 846 4344 primo
871 4248 1041 4323 describit
1073 4256 1218 4344 tempus
1251 4271 1326 4345 quo
1358 4251 1452 4325 lacta
1486 4257 1542 4325 est
1572 4252 1714 4326 oratio:
1748 4260 1786 4327 et
1819 4254 1899 4326 vult

726 4370 888 4443 breviter
914 4369 1037 4443 dicere
1062 4368 1162 4464 quod
1187 4377 1268 4444 erat
1293 4371 1382 4445 bora
1405 4370 1521 4465 tarda,
1542 4393 1626 4466 quae
1647 4373 1762 4469 tangit
1786 4373 1897 4447 corda

728 4490 977 4585 navigantium
1013 4498 1049 4565 et
1081 4490 1407 4587 peregrinantium,
1434 4498 1472 4565 et
1504 4492 1588 4565 lacit
1617 4512 1681 4567 eos
1713 4493 1896 4569 recordari

727 4608 886 4683 filiorum
913 4616 949 4683 et
974 4609 1193 4684 amicorum.
1219 4610 1311 4685 llicit
1330 4631 1445 4707 ergo:
1473 4617 1548 4684 Ero
1572 4602 1633 4704 aid
1661 4616 1777 4704 loru,
1804 4612 1899 4688 scili·

727 4734 796 4823 cel,
824 4750 907 4804 sero
933 4730 1063 4826 primae
1089 4730 1180 4825 diei3
1197 4733 1256 4803 clre
1274 4734 1373 4822 volpe
1388 4734 1415 4803 il
1429 4733 1519 4804 disto
1535 4736 1573 4805 ui
1588 4736 1777 4824 macuati,
1795 4733 1898 4827 idest,

727 4849 881 4923 revolvit
905 4850 1129 4925 desiderium
1154 4850 1199 4924 ad
1227 4849 1380 4924 familias
1397 4870 1542 4945 eorum,
1559 4872 1651 4945 quas
1669 4852 1899 4946 reliquerunt

791 5104 819 5166 i')
835 5107 888 5165 117,
904 5102 1019 5155 declarat
1034 5104 1128 5169 aliqua.
