4542 6842
785 978 922 1033 caurus
948 978 1150 1033 vrcusruus
1489 960 1560 1031 tlt

394 1119 539 1197 viveres
552 1122 646 1197 sicut
662 1122 914 1219 dignissimum
933 1130 1024 1199 erat.
1043 1124 1151 1198 Certe
1169 1128 1268 1197 mum
1288 1121 1364 1195 sitis
1379 1122 1462 1197 auri
1482 1120 1561 1216 luit,

395 1246 435 1314 ut
460 1242 586 1317 scribit
609 1243 798 1338 Iosephus,
825 1244 924 1339 quod
948 1264 1035 1319 cum
1062 1244 1132 1318 iret
1156 1250 1285 1317 contra
1304 1244 1455 1338 parthos
1477 1263 1563 1337 per·

296 1411 301 1421 ·
393 1361 491 1435 venit
516 1362 563 1435 ad
595 1362 772 1456 Judaeam,
799 1370 836 1439 et
860 1364 1008 1437 abstulit
1038 1364 1254 1439 thesaurum
1281 1362 1417 1457 templi,
1449 1382 1562 1457 quem

392 1479 589 1575 Pompeius
615 1484 815 1577 reliquerat
833 1484 1029 1557 intactum:
1048 1482 1107 1557 cui
1125 1489 1250 1557 custos
1264 1474 1300 1573 (¹)
1319 1483 1560 1577 pecuniarum

393 1600 539 1675 tradidit
564 1601 705 1677 trabem
736 1623 889 1677 auream
921 1602 1044 1699 magni
1077 1601 1258 1697 ponderis,
1290 1609 1333 1675 ut
1364 1602 1562 1679 redimeret

393 1727 527 1795 caetera
545 1728 761 1795 ornamenta
788 1722 945 1817 pretiosa
962 1722 1099 1816 templi.
1120 1722 1316 1795 iuraverat
1333 1722 1431 1796 enim
1452 1723 1561 1797 Cras·

394 1860 456 1912 sus
483 1840 568 1915 nibil
594 1840 693 1915 aliud
718 1842 764 1916 de
790 1843 924 1936 templo
950 1843 1098 1932 tollere3
1117 1848 1155 1916 ct
1172 1848 1297 1917 tamen
1313 1842 1435 1937 rapuit
1451 1862 1562 1919 omne

393 1982 530 2035 aurum
557 1962 680 2057 templi
698 1963 796 2055 quod
814 1969 893 2037 erat
910 1963 1135 2056 marimum3
1154 1963 1328 2054 quoniam
1349 1984 1423 2048 nou
1441 1964 1562 2038 minor

394 2080 462 2153 luit
486 2082 638 2157 avaritia
664 2082 898 2157 bebraeorum
926 2103 1038 2177 quam
1064 2102 1316 2157 romanorum.
1337 2083 1381 2155 Et
1398 2083 1456 2158 bic
1477 2092 1562 2158 nota

394 2200 494 2295 quod
524 2202 740 2277 naturaliter
768 2201 951 2295 loquendo
981 2220 1130 2296 sapores
1161 2207 1199 2276 et
1230 2202 1363 2277 odores
1395 2203 1562 2277 omnium

394 2321 630 2397 metallorum
656 2327 742 2395 sunt
766 2321 972 2414 aliqualiter
997 2321 1109 2395 ioetidi
1133 2329 1282 2416 propter
1299 2323 1472 2417 sulphur,
1500 2322 1563 2397 sed

393 2460 528 2515 aurum
557 2440 719 2534 minime,
741 2440 828 2534 quia
854 2440 963 2517 babet
988 2440 1142 2535 sulpbur
1165 2440 1298 2517 subtile
1318 2442 1397 2516 siue
1414 2441 1562 2536 malitia,

393 2562 457 2635 sed
483 2581 614 2655 parum
642 2562 813 2633 immutat
837 2565 1001 2656 gustum,
1019 2567 1056 2635 et
1074 2560 1180 2653 quasi
1202 2582 1274 2635 nou
1295 2568 1350 2636 est
1375 2561 1562 2655 sensibile;

394 2680 456 2755 sed
484 2680 672 2756 moraliter
699 2680 883 2774 loquendo
909 2680 1180 2755 amarissimum
1209 2680 1276 2753 iuit
1300 2682 1442 2756 Crasso.
1464 2682 1561 2778 Ergo

396 2801 491 2877 bene
515 2802 666 2876 Crassus
692 2800 827 2875 claudit
852 2799 1013 2875 convicia
1039 2820 1252 2874 avarorum.
1273 2800 1327 2873 Er
1352 2800 1455 2875 dictis
1471 2822 1562 2898 ergo

397 2923 479 2997 vide
496 2944 608 3017 quam
622 2921 873 2997 amarissimus
890 2927 945 2997 est
963 2940 1070 3014 sapor
1087 2920 1236 2993 auri-
1247 2925 1365 2993 l'olor.
1378 2921 1444 2995 llic
1456 2923 1563 3017 [lugo

396 3044 586 3137 imponens
612 3042 722 3117 linem
748 3062 817 3115 suo
841 3042 951 3137 longo
976 3040 1138 3116 sermoni
1165 3047 1332 3115 removet
1357 3061 1468 3117 unam
1493 3041 1564 3116 du·

397 3164 630 3238 bitationem:
657 3162 744 3257 quia
769 3162 867 3237 enim
894 3168 1001 3256 poeta
1026 3160 1170 3236 dixerat
1194 3182 1322 3256 supra:
1341 3170 1376 3235 tu
1396 3164 1486 3253 solo,
1504 3180 1565 3236 ro-

397 3284 549 3379 spondet
573 3284 691 3379 Hugo,
717 3282 816 3376 quod
842 3303 914 3357 non
941 3289 1021 3357 erat
1045 3281 1145 3355 solus
1177 3301 1358 3356 renovans
1383 3282 1461 3355 illas
1486 3284 1566 3356 lau·

397 3404 472 3497 des,
499 3402 562 3478 sod
586 3404 686 3477 solus
711 3402 930 3478 audiebatur
954 3422 1001 3477 ex
1031 3402 1119 3495 aliis,
1151 3400 1238 3497 quia
1262 3402 1371 3476 altius
1395 3402 1566 3481 cantabat

396 3545 484 3599 cum
510 3522 640 3597 maiori
666 3522 867 3597 allectione.
894 3521 986 3596 llicit
1011 3542 1119 3619 ergo:
1149 3525 1258 3597 rator
1278 3525 1436 3615 portium
1462 3527 1484 3596 t'
1496 3544 1566 3597 mco

397 3648 505 3717 oltoc
526 3646 548 3717 l’
559 3646 654 3717 'mbo
671 3644 787 3735 bosso,
805 3642 841 3716 iu
858 3642 1038 3719 alterutra
1059 3643 1253 3735 cantilena,
1277 3645 1427 3716 secondo
1450 3646 1567 3736 tuffa-

397 3767 492 3856 zioo,
518 3762 697 3838 maiorem
725 3762 782 3837 vel
809 3761 1002 3855 minorem,
1028 3764 1079 3834 cb'
1092 3783 1117 3835 o
1148 3764 1207 3835 dtr
1235 3764 1438 3854 amona,
1463 3764 1567 3858 idest,

398 3884 667 3977 stimulatore
701 3903 726 3953 u
757 3885 920 3973 mayaco
950 3888 984 3955 ct
1011 3902 1079 3955 oro
1110 3903 1135 3955 o
1164 3885 1281 3955 minor
1306 3904 1429 3977 posco,
1463 3884 1565 3979 idest,

398 4023 497 4077 nunc
521 4002 565 4077 ad
592 4002 772 4095 altiorem,
799 4020 897 4076 nunc
921 4001 967 4076 ad
993 4000 1195 4076 bassiorem
1216 4022 1357 4078 vocem.
1376 4002 1461 4077 ideo
1477 4024 1567 4078 con·

399 4122 529 4198 cludit:
553 4114 641 4215 perd
664 4126 700 4195 io
724 4142 796 4195 raon
825 4142 890 4195 cro
919 4124 995 4195 solo
1025 4124 1175 4213 dinoot,
1200 4121 1303 4216 idest,
1327 4124 1438 4217 paulo
1468 4133 1565 4219 ante,

401 4243 497 4318 sicut
520 4248 560 4316 tu
587 4240 831 4335 existimabas,
850 4243 889 4313 ol
903 4242 967 4315 ben
985 4243 1088 4314 -cte'l
1110 4234 1148 4315 di
1171 4244 1204 4315 ct
1225 4244 1259 4314 st
1280 4232 1447 4335 ruptone,
1464 4244 1567 4342 idest,

398 4362 446 4439 ad
472 4361 825 4437 commendationem
857 4360 1079 4456 paupertatis
1108 4366 1146 4435 et
1175 4360 1362 4457 largitatis,
1395 4359 1479 4457 quae
1509 4360 1568 4442 bic

400 4482 617 4557 decantatur
640 4481 678 4554 in
702 4479 780 4573 die;
807 4500 865 4553 mo
894 4484 989 4555 otuu
1014 4500 1184 4574 peremto,
1214 4502 1327 4575 quam
1353 4502 1424 4580 ego
1449 4486 1568 4583 Hugo,

399 4624 473 4677 oen
497 4605 626 4677 manvu
653 4604 689 4677 lo
713 4622 795 4674 occe
825 4604 884 4695 qut
911 4603 960 4675 do
989 4624 1138 4695 press05
1168 4601 1256 4695 quia
1286 4602 1347 4677 alii
1379 4613 1568 4683 cantantes

399 4724 510 4797 simul
535 4744 684 4800 mecum
700 4714 737 4815 (²)
765 4723 965 4798 utebantur
989 4742 1081 4797 voce
1106 4724 1289 4819 depressa.
1324 4774 1329 4781 ,

464 5022 492 5083 (¹)
508 5022 540 5073 E.
557 5026 644 5075 custos
660 5024 750 5089 lampii
763 5024 877 5076 tradidit.

464 5096 491 5159 l¹l
507 5102 561 5159 tlt,
577 5112 676 5151 mcum.
