4542 6842
695 935 741 1004 32
1054 948 1260 1006 consensuri
1284 951 1520 1004 runouronu·

691 1116 853 1192 praesens
884 1094 961 1188 luit,
994 1095 1083 1168 Cato
1122 1116 1195 1169 non
1224 1096 1388 1170 interfuit
1421 1096 1551 1191 proelio
1585 1097 1683 1190 quod
1715 1097 1865 1172 feliciter

689 1217 802 1314 gessit
826 1216 947 1292 Caesar
964 1215 1001 1289 in
1018 1215 1138 1290 Airica
1157 1222 1284 1290 contra
1302 1215 1506 1311 Scipionem
1524 1236 1696 1291 socerum
1716 1217 1864 1313 Pompei

690 1343 727 1412 et
761 1336 893 1411 Iubam
931 1356 1056 1433 regem
1090 1335 1383 1430 potentissimum
1418 1337 1680 1431 Numidarum,
1709 1338 1757 1412 de
1789 1359 1865 1432 quo

690 1456 821 1552 proelio
845 1455 988 1530 dicetur
1018 1455 1179 1530 Paradisi
1200 1455 1358 1551 capitulo
1375 1457 1444 1528 vl:
1476 1463 1706 1531 remanserat
1731 1435 1864 1552 Uticae3

691 1583 729 1653 et
754 1577 839 1672 quia
866 1597 939 1651 non
960 1583 1040 1652 erat
1065 1575 1113 1650 ibi
1144 1576 1256 1670 sortis,
1283 1577 1408 1652 ridens
1433 1562 1575 1650 animos
1600 1577 1736 1652 civium
1761 1577 1864 1652 incli-

691 1697 771 1772 nari
788 1698 834 1772 ad
851 1697 1035 1772 Caesarem
1051 1696 1211 1771 eiecerat
1227 1697 1370 1791 plebem
1389 1696 1569 1771 inermem
1584 1703 1689 1770 extra
1711 1697 1863 1791 urbem,

691 1817 867 1892 Senatum
898 1836 987 1890 vero
1017 1815 1202 1891 detinebat
1231 1815 1413 1890 inclusum
1443 1816 1480 1890 in
1511 1815 1685 1890 custodia.
1715 1816 1864 1911 Equites

690 1937 864 2033 Scipionis
890 1935 953 2030 qui
970 1936 1142 2031 fugerant
1158 1957 1181 2009 a
1199 1937 1369 2011 conuictu
1385 1943 1634 2032 pervenerunt
1649 1929 1686 2028 (¹)
1709 1937 1863 2031 Uticam,

690 2078 804 2152 quam
838 2055 991 2152 ingressi
1016 2055 1251 2130 intendebant
1276 2057 1395 2131 solum
1417 2056 1508 2131 caedi
1537 2061 1574 2130 et
1599 2055 1747 2150 rapinae.
1774 2056 1864 2131 Cato

691 2177 813 2250 multis
848 2176 969 2250 verbis
998 2177 1201 2250 conabatur
1231 2177 1465 2272 persuadere,
1498 2183 1538 2249 ut
1564 2175 1675 2251 linem
1701 2177 1863 2251 iacerent
1982 2203 1987 2214 ·

689 2297 869 2370 mortibus
894 2301 931 2368 et
955 2295 1100 2389 praedae,
1120 2303 1158 2369 et
1183 2303 1420 2370 remanerent
1440 2316 1567 2370 secum
1593 2295 1640 2370 ad
1664 2295 1863 2370 detenden-

687 2416 773 2491 dam
799 2422 950 2490 terram.
969 2414 1039 2489 Sed
1058 2415 1184 2490 videns
1201 2416 1300 2510 quod
1319 2416 1419 2489 nullo
1443 2415 1590 2512 ingenio
1608 2421 1752 2510 poterat
1772 2415 1862 2490 reti-

688 2555 778 2610 nere
796 2526 833 2627 (²)
851 2555 926 2624 eos,
950 2533 1178 2609 intendentes
1194 2536 1315 2608 solum
1333 2534 1466 2629 praedae
1484 2556 1557 2610 non
1579 2535 1717 2629 virtuti,
1736 2535 1874 2610 videus·

688 2655 853 2730 similiter
879 2675 1007 2728 omnes
1038 2656 1338 2750 supervenientes
1369 2655 1641 2750 utplurimum
1671 2655 1860 2730 intendere

688 2775 796 2871 iugae,
822 2775 924 2849 omni
949 2797 1013 2870 spe
1037 2775 1191 2871 perdita,
1215 2777 1363 2851 tandem
1388 2777 1560 2851 omnibus
1586 2776 1697 2850 rebus
1722 2784 1861 2870 quanto

688 2895 893 2994 diligentius
926 2895 1044 2991 potuit
1077 2897 1114 2969 in
1146 2897 1207 2970 tali
1241 2897 1475 2972 extremitate
1506 2896 1691 2991 ordinatis,
1717 2903 1755 2971 et
1780 2895 1861 2970 liliis

688 3016 951 3092 commendatis
976 3016 1014 3089 L.
1041 3016 1186 3111 Caesari,
1204 3018 1268 3111 qui
1291 3024 1372 3092 erat
1396 3025 1558 3113 quaestor
1583 3017 1632 3092 ibi
1658 3037 1724 3112 per
1749 3016 1859 3090 fidem

687 3137 868 3230 amicitias,
901 3135 1001 3209 nullo
1035 3136 1139 3232 signo
1164 3142 1310 3212 ostenso
1339 3158 1417 3211 suae
1442 3137 1660 3232 intentionis,
1692 3138 1797 3211 vultu
1823 3142 1861 3212 et

688 3278 859 3332 sermone
884 3257 988 3330 solito
1004 3247 1041 3349 (³)
1067 3264 1104 3331 et
1130 3259 1328 3352 tranquillo
1353 3258 1415 3332 ivit
1432 3259 1469 3331 in
1487 3279 1687 3352 cameram,
1705 3264 1742 3331 et
1759 3256 1860 3330 clan-

687 3378 826 3454 destine
851 3377 1008 3472 portavit
1032 3398 1159 3452 secum
1186 3379 1321 3453 librum
1344 3379 1501 3453 Platonis
1521 3380 1768 3454 continentem
1788 3376 1861 3448 im·

687 3498 948 3572 mortalitatem
970 3496 1104 3571 animae
1120 3504 1160 3572 et
1175 3498 1338 3594 gladium
1356 3498 1478 3590 simul,
1494 3499 1653 3573 alterum
1672 3517 1747 3591 quo
1766 3496 1859 3570 mori

687 3619 808 3711 vellet,
833 3617 993 3692 alierum
1020 3637 1095 3711 quo
1120 3624 1253 3713 posset.
1276 3618 1385 3691 Lecto
1411 3616 1523 3714 igitur
1548 3617 1641 3690 libro
1666 3615 1712 3690 ad
1737 3615 1860 3690 lucer·
1983 3607 1986 3612 ’

687 3761 787 3832 nam,
806 3738 982 3833 quamdiu
1002 3737 1101 3812 visus
1127 3744 1181 3813 est
1207 3739 1273 3812 sibi
1296 3737 1476 3833 recepisse
1501 3736 1710 3811 firmitatem
1732 3735 1856 3829 animi,

687 3858 861 3934 subticuit
873 3878 1024 3952 parum,
1042 3864 1131 3932 tunc
1143 3857 1269 3932 stricto
1285 3857 1418 3954 gladio,
1432 3877 1546 3952 quem
1564 3855 1742 3950 usquead
1755 3854 1857 3928 illum

685 3981 782 4056 diem
801 3984 1014 4053 servaverat
1031 3978 1287 4073 incorruptum
1308 3978 1355 4052 ab
1372 3977 1473 4052 omni
1489 3977 1600 4072 caede,
1623 3975 1773 4051 confixit
1792 3995 1858 4070 pe-

687 4108 768 4176 etus
793 4098 892 4194 illud,
919 4097 1018 4192 quod
1045 4098 1222 4192 templum
1248 4098 1460 4174 constantiae
1485 4097 1702 4189 habebatur,
1724 4095 1857 4190 duplici

687 4221 850 4296 vulnere.
876 4218 1035 4292 Medicus
1061 4224 1098 4292 et
1123 4216 1320 4291 familiares
1346 4217 1492 4292 excitati
1520 4216 1644 4311 aliquo
1672 4215 1777 4311 signo
1802 4215 1858 4289 in-

684 4347 823 4415 trantes
848 4358 1035 4414 cameram
1061 4337 1291 4414 conabantur
1321 4338 1437 4434 ligare
1466 4338 1633 4429 vulnera,
1664 4335 1764 4430 quod
1798 4336 1857 4411 ille

683 4460 865 4557 patienter
890 4458 1097 4553 substinuit,
1115 4464 1157 4532 ut
1181 4478 1222 4533 se
1244 4458 1291 4531 ab
1312 4457 1460 4532 illorum
1487 4457 1653 4532 molestia
1671 4457 1854 4530 liberaret.

684 4583 769 4656 Post
794 4600 981 4655 recessum
1009 4599 1141 4654 eorum
1157 4566 1207 4673 (⁸),
1233 4577 1320 4672 quia
1345 4577 1441 4653 iorte
1465 4597 1577 4653 omne
1607 4577 1748 4652 ierrum
1775 4582 1857 4650 erat

683 4701 859 4792 ablatum,
886 4700 976 4775 Cato
1002 4698 1162 4773 rescissis
1187 4717 1301 4773 manu
1323 4696 1538 4772 vulneribus
1563 4716 1786 4793 generosum
1813 4696 1857 4768 il-

683 4822 763 4894 lum
789 4819 955 4914 spiritum
983 4839 1055 4892 non
1074 4823 1149 4891 mm
1168 4816 1288 4891 emisit
1304 4837 1417 4910 quam
1436 4816 1552 4910 eiecit,
1572 4823 1612 4888 ut
1638 4815 1689 4888 ait
1705 4815 1854 4889 Seneca.

747 5014 774 5076 (¹)
790 5012 821 5064 E.
838 5015 1122 5076 pervenerant-11⁷,
1140 5014 1327 5062 convenerunt.
1396 4981 1401 4992 ι
1487 5007 1515 5070 [¹]
1531 5009 1557 5057 s.
1574 5007 1701 5057 detinere.

748 5088 775 5152 (¹)
791 5088 823 5138 E.
839 5086 916 5138 solito
931 5089 977 5140 irit
992 5087 1018 5137 in
1035 5099 1175 5138 cameram.
1490 5083 1518 5146 θ)
1533 5083 1565 5134 B.
1581 5082 1697 5132 illorum.
