4542 6842
676 890 683 907 Ι
711 934 781 1002 186
1068 944 1273 999 cumeurn
1296 943 1516 998 ruaulroau

708 1095 802 1182 men,
840 1091 977 1180 undet,
1016 1090 1123 1180 meni,
1163 1088 1338 1181 crudelis,
1377 1086 1464 1182 quia
1485 1079 1523 1179 (¹)
1563 1086 1714 1183 negligit
1750 1106 1880 1161 curam

707 1211 961 1287 totuobilium
987 1208 1302 1305 privilegiatorum
1330 1209 1379 1282 ab
1409 1208 1569 1302 antiquis
1594 1207 1880 1302 imperatoribus

707 1332 880 1425 romanis,
907 1330 1005 1405 unde
1029 1328 1138 1404 dicit:
1170 1352 1190 1403 e
1221 1332 1299 1403 aedi
1322 1332 1359 1403 la
1380 1350 1552 1422 pressura
1582 1332 1635 1404 dd
1649 1331 1721 1403 moi
1748 1333 1879 1421 pendet,

707 1452 809 1545 idest,
835 1450 1109 1548 oppressionem
1135 1456 1287 1525 tuorum
1314 1449 1541 1545 nobilium,e
1566 1470 1655 1523 ctera
1675 1453 1731 1524 lor
1751 1472 1879 1541 mapu-

614 1583 617 1591 ’
706 1593 788 1665 pne,
813 1572 900 1665 quia
916 1578 1002 1646 suut
1023 1570 1101 1645 sine
1121 1590 1224 1663 cura,
1242 1576 1279 1645 et
1295 1569 1391 1645 inter
1407 1579 1580 1664 caeteros3
1606 1591 1625 1642 e
1647 1572 1770 1643 ocdroi
1784 1575 1879 1644 Son-

709 1695 815 1786 tafior
845 1685 966 1765 com'd
986 1694 1115 1765 sicera.
1141 1690 1203 1765 lsti
1227 1690 1380 1766 comites
1410 1688 1456 1765 de
1489 1690 1622 1765 Sancta
1657 1690 1764 1765 Flora
1796 1691 1876 1765 lue-

709 1821 798 1888 runt
815 1814 901 1888 olim
920 1811 1157 1907 potentissimi
1171 1812 1207 1884 in
1227 1810 1410 1886 maritima
1426 1810 1629 1905 Senarum3
1646 1818 1683 1886 et
1695 1812 1773 1908 jam
1790 1817 1879 1885 tunc

707 1954 879 2009 senenses
903 1931 1140 2010 destruebant
1165 1951 1240 2006 eos.
1261 1932 1315 2005 lle
1339 1951 1414 2026 qua
1439 1931 1594 2006 materia
1617 1931 1759 2006 dicetur
1785 1930 1878 2005 inira

707 2056 865 2150 capitulo
883 2054 941 2127 XI.
957 2092 1007 2107 -
1027 2056 1121 2125 Vinii
1145 2074 1170 2125 a
1194 2054 1308 2125 aeder.
1335 2051 1401 2125 llic
1428 2051 1557 2125 ultimo
1582 2052 1706 2126 obiicit
1730 2050 1879 2125 biberto

707 2177 806 2251 aliud
832 2175 950 2248 maius
975 2175 1126 2267 malum,
1144 2172 1244 2267 quod
1270 2172 1524 2267 preponderat
1549 2172 1704 2267 ceteris,
1730 2171 1878 2265 scilicet,

706 2294 966 2373 desolationem
1001 2295 1109 2368 almae
1141 2293 1255 2388 urbis,
1287 2311 1373 2388 quae
1403 2299 1458 2367 est
1489 2300 1600 2388 caput
1630 2292 1755 2385 orbis3
1780 2291 1879 2367 unde

706 2416 813 2492 dicit:
848 2418 941 2489 Vicat
970 2436 994 2487 a
1019 2416 1125 2487 aeder
1150 2417 1188 2487 la
1212 2421 1272 2487 tuo
1297 2418 1423 2505 Roma,
1450 2414 1537 2508 quia
1562 2412 1692 2487 diceris
1717 2433 1785 2487 rex
1815 2432 1878 2486 ro·

707 2556 917 2629 manorum,
934 2537 994 2607 cle
1015 2536 1160 2627 piupne,
1177 2533 1281 2628 idest,
1298 2532 1463 2628 deplorat
1478 2554 1585 2607 suam
1602 2532 1876 2627 desolationem,

707 2660 843 2732 acdona
873 2659 964 2747 solo,
998 2654 1076 2729 sine
1109 2654 1282 2749 principe,
1314 2674 1446 2750 sponsu
1478 2660 1516 2727 et
1547 2659 1756 2749 protectore
1785 2652 1875 2727 eius.

707 2778 810 2853 Sicut
834 2777 920 2852 olim
947 2774 1053 2870 primi
1075 2774 1254 2869 principes
1274 2773 1470 2869 alemanni,
1486 2774 1581 2849 sicut
1598 2773 1769 2866 othones,
1786 2792 1875 2847 nou·

707 2899 812 2974 solati
837 2903 921 2970 suut
947 2916 1042 2991 eam,
1069 2895 1151 2970 ideo
1175 2895 1320 2970 invocat
1344 2894 1523 2968 auxilium
1549 2901 1674 2988 tuum3
1700 2892 1798 2967 unde
1822 2891 1877 2967 di·

708 3019 779 3095 cit:
805 3040 824 3091 e
849 3010 884 3091 ul
908 3039 927 3089 c
955 3023 1047 3089 nolte
1076 3017 1227 3104 cbinma,
1260 3019 1387 3087 cesare
1415 3018 1498 3107 mio,
1528 3014 1631 3108 idest,
1664 3012 1874 3109 imperator,

701 3136 832 3233 percito*
854 3160 926 3212 aon
951 3140 1272 3229 m’occonrpapne?
1295 3136 1348 3210 Ne
1373 3135 1459 3209 fiam
1486 3136 1608 3232 preda
1633 3134 1819 3227 omnium3
1840 3140 1878 3209 et

708 3267 750 3333 ut
774 3259 847 3334 cito
871 3258 1011 3333 dicam:
1038 3260 1128 3330 ulem
1152 3278 1177 3329 o
1202 3259 1306 3329 ceder
1330 3259 1367 3330 lo
1390 3264 1502 3347 pente,
1528 3255 1674 3346 scilicet,
1707 3255 1876 3348 italicam,

546 3418 558 3426 -
706 3386 837 3474 quanto
866 3382 895 3451 s'
908 3400 1013 3472 umc,·
1040 3384 1077 3452 el
1108 3376 1195 3471 quia
1227 3376 1398 3450 libertus
1431 3381 1552 3470 posset
1584 3374 1707 3450 dicere
1738 3373 1784 3448 ad
1816 3374 1875 3447 sui

706 3499 1002 3575 excusationem:
1021 3519 1095 3571 uon
1121 3517 1207 3571 amo
1232 3516 1309 3590 rm,
1327 3517 1372 3571 ex
1399 3516 1474 3589 quo
1492 3516 1566 3569 non
1591 3494 1804 3568 amatistes
1822 3494 1878 3568 iu·

705 3620 836 3715 vicem,
863 3617 1081 3714 respondet:
1113 3638 1192 3689 ese
1223 3619 1321 3689 nullo
1350 3618 1388 3689 di
1416 3619 1477 3688 noi
1505 3606 1613 3708 ptetd,
1645 3616 1715 3688 buc
1749 3620 1815 3708 est,
1846 3614 1876 3687 si

705 3738 829 3833 aliqua
854 3736 1059 3834 compassio
1083 3743 1297 3811 nostrorum
1319 3734 1555 3829 miserorum,
1573 3738 1599 3809 o·
1617 3756 1751 3824 manoe,
1771 3733 1873 3829 idest,

707 3879 781 3933 uon
806 3857 916 3933 llectit
935 3865 981 3951 te,
1000 3856 1143 3952 saltem,
1163 3877 1188 3928 α
1210 3876 1414 3948 verpopnor
1434 3858 1459 3929 ti
1479 3858 1557 3928 nica
1576 3856 1669 3929 della
1685 3862 1745 3929 tun
1761 3858 1877 3950 somn,

707 3978 794 4073 quia
819 3978 1000 4073 reputaris
1025 3977 1116 4073 pius,
1143 3984 1181 4051 et
1205 3998 1279 4050 non
1304 3998 1368 4069 es3
1395 3982 1431 4051 et
1462 3976 1548 4070 quia
1576 3996 1748 4071 pressura
1779 3975 1874 4048 servi

706 4098 801 4173 cedit
826 4098 864 4172 in
888 4098 1046 4173 dedecus
1071 4096 1238 4171 Domino.
1261 4096 1332 4171 Sed
1349 4104 1451 4171 certe
1470 4096 1632 4191 praedicti
1656 4096 1731 4170 duo
1756 4096 1878 4170 eaesa-

708 4240 766 4294 res
791 4219 913 4293 minus
938 4219 1036 4293 male
1070 4218 1237 4292 lecerunt
1266 4216 1304 4290 iu
1337 4236 1411 4289 nun
1441 4216 1621 4291 veniendo
1653 4216 1691 4289 in
1723 4215 1875 4308 ltaliam,

707 4360 820 4433 quam
837 4338 896 4413 hic
917 4337 1116 4413 modernus
1141 4336 1342 4433 imperator
1362 4336 1516 4411 Carolus
1544 4336 1590 4411 de
1614 4336 1872 4432 Lucimborgo,

706 4478 819 4553 nepos
844 4458 929 4531 boni
955 4457 1098 4532 lleurici
1112 4456 1168 4552 Vl,
1189 4457 1236 4532 de
1261 4477 1337 4551 quo
1361 4457 1500 4531 dictum
1525 4464 1591 4551 est,
1613 4456 1675 4550 qui
1702 4456 1758 4530 bis
1778 4454 1877 4530 veuit

705 4578 741 4652 iu
765 4578 917 4672 ltaliam,
937 4578 1099 4652 maxime
1114 4577 1276 4653 secunda
1293 4576 1384 4670 vice,
1402 4583 1569 4672 tempore
1584 4575 1722 4651 Urbani
1740 4576 1770 4649 V
1788 4596 1874 4649 cum

706 4701 856 4777 terribili
882 4700 1059 4792 exercitu,
1085 4698 1132 4773 ab
1157 4698 1329 4772 omuibus
1353 4704 1583 4793 expectatus3
1610 4696 1673 4771 sed
1689 4688 1727 4789 (¹)
1752 4696 1877 4770 victri-

706 4842 766 4895 ces
792 4822 948 4916 harpyas
978 4820 1218 4915 praeselerens
1244 4819 1325 4892 loco
1349 4818 1626 4913 triumphalium
1653 4816 1875 4910 aquilarum,

767 5007 795 5071 (¹)
812 5013 866 5067 ill,
883 5010 942 5072 quia
959 5009 1065 5072 negligit
1081 5008 1178 5057 laruam
1193 5020 1282 5069 suam3
1300 5006 1421 5067 crudelis,
1437 5006 1498 5070 qula
1514 5003 1622 5069 negligit
1638 5018 1730 5055 curam
1746 5010 1793 5053 tot.

768 5083 796 5151 (⁹)
813 5086 843 5136 E.
859 5091 886 5135 et
902 5086 1046 5137 servitrices
1062 5085 1181 5149 harpyas.
