4542 6842
698 948 769 1015 210
1061 958 1265 1015 naumurum
1288 958 1507 1015 uunanronu

698 1108 776 1178 erat
802 1103 986 1178 Corradus
1012 1102 1178 1178 marchio
1201 1104 1409 1200 Mataspina,
1435 1104 1496 1177 cte
1518 1104 1547 1175 ε’
1559 1123 1625 1176 cro
1648 1106 1805 1177 raccolta
1833 1106 1872 1177 ot

695 1224 842 1313 ptodicc,
877 1222 979 1316 idest,
1011 1243 1096 1317 quae
1125 1230 1290 1302 traxerat
1321 1244 1361 1297 se
1390 1242 1520 1299 versus
1549 1221 1697 1317 Ninum,
1728 1226 1872 1316 pondo

696 1334 845 1433 etant,
871 1341 973 1436 idest,
993 1342 1148 1435 ¹quaudo
1173 1364 1220 1419 ex
1244 1342 1487 1419 admiratione
1512 1362 1625 1437 supra
1650 1343 1806 1435 vocavit,
1833 1350 1871 1417 et

696 1463 808 1539 dirit:
835 1464 966 1563 Surge,
992 1463 1166 1559 Corrade,
1192 1464 1288 1558 veni,
1313 1463 1417 1556 vide,
1443 1484 1516 1537 non
1537 1466 1578 1556 [a
1599 1471 1709 1555 ponto
1733 1465 1868 1550 sciotto,

696 1584 798 1679 idest,
825 1604 898 1659 non
925 1584 992 1659 tuit
1016 1584 1141 1679 aliquo
1167 1584 1278 1658 modo
1302 1589 1446 1658 remota
1471 1582 1691 1679 aspectante
1717 1602 1790 1674 me,
1818 1580 1868 1655 ita

696 1710 778 1779 erat
802 1703 912 1800 ligata
945 1703 992 1779 de
1023 1702 1095 1777 tiro
1126 1703 1258 1777 iutuitu
1287 1704 1325 1777 in
1356 1724 1428 1797 me,
1455 1726 1524 1797 pcr
1553 1711 1636 1779 totto
1665 1707 1776 1796 puello
1806 1724 1868 1777 os·

696 1828 800 1917 sotto,
826 1824 929 1919 idest,
962 1824 1140 1919 quamdiu
1176 1824 1323 1900 duravit
1355 1824 1416 1899 itte
1446 1824 1604 1898 insultus
1629 1823 1723 1898 iuter
1748 1843 1867 1903 unum

696 1949 903 2039 serpentem
937 1950 975 2019 et
1005 1945 1098 2020 duos
1130 1944 1304 2040 angelos,
1333 1944 1383 2019 ita
1414 1943 1515 2038 quod
1547 1943 1625 2039 ipse
1655 1948 1764 2037 poeta
1792 1962 1867 2017 non

697 2064 795 2138 stetit
821 2066 901 2159 ptus
926 2069 1087 2139 attentus
1112 2062 1159 2139 ad
1185 2063 1410 2139 cernendum
1437 2068 1626 2139 certamen
1659 2062 1755 2137 inter
1787 2082 1867 2137 ser-

696 2191 843 2280 pentem
869 2190 907 2258 et
930 2186 1093 2281 angelos,
1110 2203 1225 2279 quam
1242 2183 1383 2259 steterit
1400 2182 1461 2259 itte
1480 2182 1665 2262 Corradus
1685 2182 1733 2257 ad
1753 2182 1868 2277 respi-

695 2302 865 2378 ciendum
892 2324 992 2397 eum,
1010 2303 1098 2398 quia
1123 2324 1197 2377 non
1222 2309 1367 2400 poterat
1382 2302 1507 2380 satiari
1525 2302 1663 2379 visione
1686 2302 1780 2397 eius,
1797 2322 1867 2377 an-

693 2422 768 2497 dito
793 2423 892 2516 quod
917 2430 998 2498 erat
1023 2423 1129 2498 vivus
1154 2430 1192 2499 et
1222 2417 1414 2515 vicinus(¹)
1449 2446 1563 2499 suus:
1588 2425 1738 2520 optabat
1767 2422 1865 2498 euim

695 2544 789 2617 scire
814 2564 910 2618 nova
926 2542 972 2617 de
988 2544 1100 2618 domo
1125 2564 1193 2617 sua
1207 2534 1258 2638 (²),
1276 2550 1316 2619 et
1332 2564 1436 2617 mens
1453 2544 1533 2619 eius
1552 2552 1634 2620 erat
1650 2544 1754 2639 qnasi
1772 2564 1868 2638 praa-

695 2684 783 2759 saga
809 2664 907 2757 quod
934 2664 1002 2740 iste
1032 2670 1127 2739 esset
1156 2664 1321 2739 tacturus
1350 2664 1537 2761 singulare
1567 2664 1792 2759 preconium
1819 2663 1867 2739 da

695 2784 807 2879 stirpe
832 2804 999 2877 suorum,
1025 2782 1119 2856 sicut
1144 2783 1266 2857 statim
1291 2782 1443 2859 dicmur.
1458 2789 1561 2859 -Se
1577 2788 1614 2859 lo
1629 2788 1782 2859 lucano.
1800 2783 1866 2858 Hic

696 2910 803 3000 poeta
828 2903 928 2998 ponit
954 2903 1158 2978 orationem
1183 2902 1279 2977 ittius
1309 2902 1458 2997 spiritus
1488 2905 1535 2979 ad
1563 2924 1615 2998 se,
1642 2904 1706 2997 qui
1730 2904 1776 2978 ad
1802 2924 1867 2979 ca·

695 3024 866 3121 ptandam
880 3023 1173 3099 benevolentiam
1189 3024 1335 3099 adiurat
1351 3042 1439 3098 eum
1453 3044 1519 3120 per
1537 3024 1573 3099 id
1590 3026 1688 3121 quod
1703 3026 1867 3100 maxime

695 3151 783 3219 tuuc
808 3144 967 3241 optabat,
994 3151 1033 3219 ut
1059 3143 1156 3219 dicat
1180 3143 1247 3217 sibi
1272 3165 1370 3219 nova
1395 3145 1442 3219 de
1466 3145 1630 3239 partibus
1654 3147 1754 3241 suis3
1780 3145 1866 3221 dicit

695 3285 808 3361 ergo:
836 3256 1003 3339 comnmid
1028 3267 1109 3353 atto,
1135 3264 1282 3358 scilicet,
1314 3265 1448 3338 umbra
1473 3264 1648 3340 corradi:
1677 3288 1715 3339 sa
1744 3270 1782 3339 lo
1811 3270 1866 3341 to-

693 3407 814 3478 ocrao,
839 3385 942 3478 idest,
968 3374 1164 3477 scientiat3)
1192 3390 1268 3479 tna,
1295 3386 1355 3459 vel
1387 3386 1451 3459 tur
1484 3384 1635 3481 Virgilii,
1661 3387 1719 3461 vel
1743 3386 1865 3463 diviua

693 3506 885 3581 illustratio
910 3512 948 3581 et
970 3506 1101 3602 gratia,
1127 3508 1187 3580 cto
1211 3508 1237 3579 a·
1262 3528 1365 3581 meno
1388 3509 1427 3580 in
1452 3509 1537 3599 olto,
1560 3528 1690 3583 versus
1714 3508 1864 3603 coetum,

693 3630 786 3701 trom
810 3633 907 3699 muto
932 3646 1028 3717 cao,
1053 3625 1157 3720 idest,
1182 3624 1371 3719 virtutem,
1399 3625 1492 3701 idest
1506 3614 1544 3719 (⁴)
1570 3626 1864 3723 conspectionem

693 3753 731 3822 et
755 3744 1053 3841 speculationem,
1080 3746 1149 3839 vel,
1182 3753 1280 3819 tanto
1311 3768 1408 3838 cao,
1442 3745 1544 3839 idest,
1575 3753 1715 3823 tantam
1747 3753 1866 3823 mate-

693 3868 800 3962 riam,
826 3874 864 3943 et
888 3872 965 3941 tam
990 3866 1085 3941 bene
1106 3866 1327 3961 dispositam,
1353 3869 1412 3939 net
1434 3874 1493 3942 too
1517 3867 1680 3958 orditam,
1705 3868 1807 3961 idest,
1825 3866 1863 3940 iu

694 3995 761 4063 tuo
792 3986 949 4084 ingenio,
981 3992 1018 4061 et
1048 3986 1164 4063 libero
1194 3985 1358 4080 arbitrio,
1390 3982 1544 4079 pnont'd
1571 3988 1734 4079 mamam,
1759 3987 1863 4081 idest,

694 4108 901 4183 necessario
918 4107 1078 4203 exigitur
1102 4112 1141 4181 et
1166 4106 1367 4201 requiritur
1392 4105 1439 4181 ad
1463 4111 1608 4181 tantum
1630 4107 1699 4181 iter
1723 4117 1762 4183 et
1786 4113 1863 4182 tam

693 4228 845 4325 longum
871 4249 977 4323 opus,
1002 4227 1094 4303 idest
1118 4227 1164 4301 ad
1190 4226 1449 4323 perfectionem
1471 4226 1616 4304 finalem
1630 4227 1748 4300 ⁴huius
1772 4248 1865 4323 pur·
1973 4286 1977 4293 .

673 4349 843 4446 ‘gaterii3
870 4347 968 4431 unde
993 4348 1094 4423 dicit:
1113 4352 1152 4425 io
1163 4350 1218 4441 fin
1241 4351 1281 4421 ot
1301 4368 1436 4422 commo
1456 4346 1865 4443 contendamusque

692 4469 739 4545 ad
764 4490 955 4545 summum
981 4488 1161 4545 cacumen
1188 4467 1332 4561 montis,
1350 4486 1464 4561 quem
1484 4474 1594 4563 poeta
1619 4476 1725 4543 vocat
1748 4467 1864 4542 smal-

692 4595 772 4663 tum
799 4610 865 4686 per
891 4589 1056 4684 pulcram
1082 4589 1348 4684 metaphoram,
1374 4588 1459 4681 quia
1486 4588 1536 4664 ibi
1560 4595 1616 4663 est
1640 4590 1771 4663 hortus
1795 4588 1863 4663 de·
1985 4673 1989 4679 ,

755 4855 783 4916 (¹)
799 4854 829 4905 n.
847 4854 918 4905 virus
935 4854 1085 4907 convicinus
1100 4867 1171 4905 snus
1417 4892 1422 4903 .

754 4930 783 4993 (’)
798 4929 830 4979 u.
846 4943 861 4979 e
879 4933 933 4991 117,
949 4936 1039 4981 suaet
1055 4935 1173 4982 contrata
1188 4944 1243 4990 cua,
1259 4934 1287 4980 et
1302 4943 1376 4980 mena
1391 4931 1454 4981 etun

755 5006 782 5069 (¹)
799 5011 853 5067 117,
870 5008 891 5057 si
906 5008 1013 5059 scientia
1030 5013 1083 5059 tna.

757 5083 784 5148 (⁸)
800 5084 831 5133 E.
847 5084 912 5135 idest
929 5086 1179 5149 compecutnttouem
1195 5090 1222 5136 et
1238 5085 1454 5149 commodoucm.
