4542 6842
743 958 813 1027 536
1103 969 1307 1027 comaron
1331 972 1550 1027 runenroan

740 1116 835 1192 dicta
848 1115 1049 1209 firmarent,
1060 1122 1252 1210 coepernnt
1264 1122 1422 1191 tortores
1431 1115 1773 1213 singulisappouere
1785 1113 1908 1211 ignem

741 1234 858 1329 primo
884 1236 1033 1331 ungulae
1058 1234 1170 1333 pedis,
1196 1242 1232 1311 et
1258 1235 1433 1331 paulatim
1466 1234 1694 1310 ascendendo
1726 1235 1910 1309 deducere

740 1374 807 1452 per
832 1354 954 1430 omnia
973 1356 1153 1430 membra.
1172 1356 1223 1429 llli
1241 1361 1366 1431 antem
1380 1358 1561 1452 jactantes
1579 1375 1688 1430 voces
1704 1356 1741 1429 in
1759 1357 1908 1449 coelum,

741 1475 961 1568 clamabant,
974 1496 1014 1551 se
1028 1496 1137 1551 veros
1151 1476 1365 1551 christianos
1378 1483 1560 1551 eteorum
1579 1475 1792 1573 religionem
1810 1496 1912 1550 sem-

741 1616 807 1691 per
838 1596 1101 1671 sanctissimam
1135 1598 1256 1671 tuisse.
1289 1598 1365 1672 Nec
1394 1620 1491 1672 unus
1525 1597 1716 1691 usquead
1751 1602 1910 1671 mortem

742 1715 859 1808 potuit
893 1737 915 1789 a
947 1722 1022 1789 tam
1056 1717 1234 1791 constanti
1259 1718 1443 1813 proposito
1469 1718 1653 1792 removeri
1674 1710 1723 1809 (¹).
1754 1716 1911 1792 lacobus

742 1854 832 1909 vero
859 1836 1032 1931 magister
1058 1835 1167 1933 longo
1193 1858 1344 1912 earcere
1370 1842 1588 1930 maceratus,
1610 1838 1756 1911 tandem
1778 1837 1911 1911 ductus

741 1956 975 2052 Lugdunum,
1003 1957 1126 2030 multis
1151 1958 1464 2033 exhortationibus
1489 1978 1697 2053 persuasuS,
1724 1958 1911 2033 confessus

742 2078 809 2151 luit
826 2076 948 2170 aliqua
965 2077 1141 2153 Clementi
1159 2099 1272 2174 papae.
1290 2079 1414 2166 Quare
1432 2086 1615 2154 retractus
1634 2078 1805 2173 Parisios,
1824 2099 1912 2152 cum

739 2217 866 2270 coram
892 2197 1037 2271 duobus
1062 2198 1191 2293 legatis
1216 2218 1263 2272 ex
1290 2198 1405 2273 latere
1430 2205 1468 2273 et
1493 2218 1583 2294 rege
1608 2199 1786 2273 sententia
1812 2199 1914 2294 lege-

741 2323 855 2411 retur,
882 2316 917 2389 in
943 2338 1016 2410 qua
1043 2316 1299 2392 continebatur
1326 2317 1488 2414 magistri
1516 2318 1682 2407 liberatio
1713 2324 1750 2392 et
1775 2318 1913 2391 ordinis

739 2436 937 2530 damnatio,
964 2438 1040 2532 ipse
1065 2458 1151 2512 cum
1179 2460 1253 2513 uno
1280 2459 1324 2512 ex
1352 2438 1469 2533 sociis,
1494 2440 1558 2533 qui
1583 2445 1664 2513 erat
1689 2441 1803 2515 irater
1827 2440 1913 2514 Del-

741 2556 839 2653 phini
865 2556 1024 2649 Viennae,
1050 2556 1177 2652 petivit
1201 2558 1275 2631 alta
1299 2579 1390 2633 voce
1414 2558 1610 2633 silentium.
1628 2560 1709 2647 Quo
1725 2579 1912 2651 concesso,

741 2676 913 2751 audiente
939 2675 1171 2751 mullitudine
1196 2684 1392 2772 praesente,
1408 2677 1528 2753 testati
1553 2685 1650 2772 sunt,
1668 2679 1767 2773 quod
1792 2686 1914 2753 morte

744 2794 953 2892 dignissima
967 2802 1214 2890 morerentur,
1234 2818 1306 2871 non
1320 2797 1407 2891 quia
1421 2789 1732 2890 commisissentl2)
1746 2819 1912 2892 unquam

742 2936 787 2990 ea
828 2935 912 3009 quae
951 2916 1188 3012 legebantur3
1222 2916 1287 2992 sed
1320 2918 1406 3012 quia
1440 2918 1683 3013 permiserant
1715 2938 1755 2993 se
1788 2918 1915 2993 seduci

745 3034 976 3108 suasionibus
996 3035 1191 3110 Clementis
1213 3056 1316 3131 papas
1338 3043 1375 3111 et
1401 3038 1499 3133 regis
1524 3038 1680 3134 tyranni,
1698 3044 1826 3113 contra
1847 3040 1915 3111 lro-

743 3175 873 3230 norem
899 3155 1035 3230 ordinis
1060 3156 1116 3230 sui
1143 3163 1219 3230 tam
1245 3158 1359 3232 sancti
1385 3166 1423 3232 et
1449 3154 1502 3232 tot
1526 3166 1738 3233 sanctorum
1764 3166 1913 3254 patrum

743 3276 962 3351 auctoritate
987 3276 1149 3370 probati3
1175 3282 1213 3351 et
1237 3284 1291 3351 tot
1316 3279 1487 3375 egregios
1513 3279 1625 3354 sortes
1648 3279 1915 3354 commilitones

744 3402 782 3469 et
807 3394 923 3470 socios
947 3402 1033 3470 ante
1063 3416 1103 3470 se
1132 3416 1200 3490 pro
1229 3397 1384 3472 veritate
1408 3406 1644 3493 consumptos
1670 3399 1789 3473 viliter
1813 3400 1915 3473 irau-

742 3514 900 3590 dassent.
933 3516 1003 3590 Sed
1042 3515 1135 3591 dura
1174 3518 1353 3592 sententia
1389 3518 1659 3614 lata,lacobus
1688 3520 1916 3594 cumfratre

742 3636 906 3730 Delphini
935 3635 1010 3732 igni
1043 3636 1150 3711 datus
1164 3628 1201 3729 (³)
1229 3643 1294 3731 est,
1325 3638 1420 3713 sicut
1452 3639 1584 3735 primi3
1611 3646 1648 3715 et
1678 3640 1800 3733 ambo,
1826 3653 1944 3736 rege

742 3756 899 3849 vidente,
933 3762 1144 3831 constanter
1168 3763 1205 3831 et
1231 3757 1408 3852 intrepide
1437 3759 1474 3833 in
1508 3759 1724 3854 supplicium
1755 3760 1914 3835 iverunt.

599 3880 602 3887 '
742 3874 809 3948 Alii
835 3874 910 3948 duo
936 3875 1055 3949 uiliter
1081 3874 1294 3949 confitentes
1319 3884 1526 3950 evaserunt.
1553 3877 1824 3974 Quinquaginta
1849 3899 1914 3953 ser

743 3994 905 4086 luerunt,
938 3994 999 4086 qui
1031 4001 1220 4087 tamquam
1257 4002 1438 4091 martyres
1469 3998 1681 4072 innocentes
1712 3998 1913 4093 perierunt.

743 4114 844 4189 Hanc
869 4113 1025 4189 llebilem
1052 4114 1239 4188 historiam
1267 4116 1372 4189 multi
1390 4115 1460 4190 lide
1480 4116 1579 4213 digni
1601 4124 1832 4212 notaverunt,
1850 4118 1914 4193 sed

744 4255 819 4332 prae
836 4234 978 4308 caeteris
1004 4234 1223 4308 Boccaccius
1240 4234 1286 4309 de
1302 4236 1470 4311 Certaldo
1491 4238 1759 4332 elegantissime
1777 4240 1916 4314 descri-

744 4354 807 4447 bit,
841 4352 1069 4429 laudabiliter
1098 4355 1361 4429 commendans
1393 4357 1632 4432 constantiam
1666 4364 1705 4434 et
1734 4359 1917 4435 fortitudi-

745 4492 829 4548 nem
857 4474 1011 4546 istorum
1033 4474 1130 4546 ultra
1149 4472 1322 4548 virtutem
1343 4475 1507 4550 virorum
1526 4477 1675 4551 tortium
1697 4479 1917 4574 abantiquo

745 4592 991 4669 laudatorum.
1020 4591 1073 4665 lle
1098 4592 1174 4667 istis
1193 4602 1231 4667 et
1247 4592 1293 4668 de
1310 4594 1453 4692 origine
1470 4596 1607 4671 ordinis
1624 4618 1755 4673 eorum
1773 4600 1918 4674 dicetur

743 4713 903 4789 Paradisi
944 4711 1102 4807 capitulo
1143 4712 1262 4787 Xlllll.
1302 4716 1406 4790 Nunc
1430 4724 1487 4791 est
1521 4718 1568 4792 ad
1598 4718 1741 4795 literam
1767 4721 1919 4795 venien-

743 4833 851 4909 dum:
878 4831 963 4907 dicit
989 4854 1078 4929 ergo
1110 4834 1235 4931 Hugo:
1274 4838 1399 4927 Vepgio
1412 4839 1438 4909 'l
1465 4858 1582 4911 nnooo
1611 4843 1738 4932 Pilato,
1771 4841 1916 4936 scilicet,

810 5092 836 5158 (¹)
853 5098 907 5154 11⁷,
924 5095 1049 5145 revocari.
1127 5094 1156 5157 (Ἴ
1172 5096 1203 5146 Ε.
1220 5098 1408 5147 commisissent
1422 5111 1461 5148 es.
1539 5098 1566 5161 (¹)
1584 5105 1638 5161 m,
1655 5102 1790 5153 damnatus
1804 5108 1851 5153 aa.
