4542 6842
795 1001 932 1058 CANTUS
957 1003 1152 1061 SECUNDUS·
1513 993 1557 1059 71

384 1144 485 1242 quod
502 1144 697 1239 respondet
718 1145 869 1243 Casella,
887 1149 986 1242 quod
1003 1151 1167 1247 Angelus
1187 1151 1251 1244 qui
1268 1151 1379 1226 habet
1394 1151 1559 1226 officium

385 1265 653 1362 transportandi
677 1266 820 1342 animas
844 1269 901 1343 adt
916 1271 1187 1368 purgatorium,
1213 1272 1332 1346 notuit
1359 1272 1480 1369 ipsum
1506 1272 1560 1348 le-

387 1408 476 1462 vare
501 1387 625 1482 citius;
652 1393 688 1462 et
708 1388 796 1483 jure
821 1390 960 1485 optimo
985 1393 1055 1467 hoc
1081 1392 1177 1487 iecit,
1196 1394 1283 1487 quia
1307 1394 1385 1490 ipse
1410 1416 1484 1469 non
1503 1394 1560 1468 di-

386 1507 525 1604 sposuit
549 1526 590 1583 se
614 1507 731 1602 citius,
758 1509 822 1584 sed
847 1510 1003 1586 finaliter
1029 1512 1065 1586 in
1091 1513 1152 1586 illo
1177 1533 1275 1587 anno
1300 1514 1441 1610 jubitaei
1470 1515 1559 1609 ipse,

386 1626 482 1702 sicut
505 1633 544 1702 et
569 1627 674 1701 multi
699 1628 771 1723 aiii,
797 1628 944 1705 reduxit
969 1651 1010 1706 se
1034 1631 1080 1707 ad
1106 1632 1237 1726 Deum,
1257 1638 1294 1706 et
1318 1633 1498 1706 contritus
1522 1639 1560 1708 et

386 1746 573 1822 confessus
599 1746 663 1821 ivit
687 1749 844 1823 Romam
862 1770 929 1844 pro
945 1750 1183 1848 indulgentia,
1201 1757 1238 1825 et
1255 1752 1461 1847 paulopost
1479 1773 1561 1826 me·

387 1867 462 1942 ruit
487 1867 602 1944 levari
627 1869 674 1941 ab
699 1867 848 1966 Angelo.
867 1869 960 1944 Dicit
977 1891 1068 1968 ergo
1095 1878 1202 1967 poeta
1227 1872 1368 1967 primo:
1395 1894 1455 1946 ma
1480 1893 1505 1944 a
1531 1879 1562 1945 tc

386 1984 507 2062 com'd
530 1995 628 2061 touta
653 2009 721 2062 cro
747 1993 864 2064 totto?
880 1990 982 2085 idest,
1001 1997 1039 2066 et
1055 1997 1096 2066 ιιι
1123 2012 1241 2086 quare
1266 1998 1367 2066 tanto
1393 1999 1561 2087 tempore

385 2109 551 2184 distulisti
578 2109 705 2184 venire
737 2111 842 2184 huct
874 2117 910 2186 et
942 2111 1116 2187 contiuuo
1150 2114 1251 2209 ponit
1285 2113 1558 2209 responsionem

385 2230 547 2324 (lacellos,
570 2231 712 2305 dicens:
731 2238 765 2304 et
786 2233 844 2305 etti
862 2253 887 2304 a
904 2253 978 2306 nte:
995 2233 1131 2308 scilicet
1147 2233 1288 2309 Caselta
1305 2241 1436 2309 cantor
1450 2235 1559 2309 dixit:

385 2371 513 2426 ιιιιιιιιι
537 2347 616 2424 m'e‘
635 2355 725 2445 lutto
750 2354 940 2444 ottrcppto,
967 2353 1069 2449 idest,
1096 2355 1196 2430 nulia
1222 2354 1368 2450 iniuria,
1386 2355 1486 2430 nulia
1502 2355 1560 2429 in-

386 2471 533 2566 iustitia,
558 2494 596 2546 se
620 2475 711 2564 quet,
732 2472 879 2568 scilicet,
900 2474 1061 2572 Angelus
1085 2475 1243 2570 Domini,
1263 2479 1324 2549 cte
1349 2479 1440 2568 teuc,
1465 2477 1562 2551 scili·

386 2603 456 2687 cet,
482 2593 640 2686 iuuari,
666 2597 809 2685 wando
833 2615 852 2666 e
876 2597 932 2667 cut
963 2597 989 2667 lt
1018 2597 1131 2686 piace,
1161 2615 1249 2669 cum
1282 2597 1402 2690 gratia
1425 2596 1559 2691 divina,

383 2707 445 2806 ptd
471 2714 560 2785 volte
590 2714 694 2784 m’tc
725 2719 851 2804 nepotc
883 2719 953 2787 esto
978 2718 1187 2807 passcppio,
1214 2716 1300 2810 quia
1326 2716 1463 2790 scilicet
1486 2736 1560 2790 non

387 2831 582 2931 promovit,
609 2853 681 2907 non
708 2833 873 2908 invitavit
899 2855 960 2908 me
984 2834 1030 2909 ad
1056 2834 1152 2908 istud
1177 2837 1446 2932 purgatorium,
1466 2836 1561 2910 sicut

387 2961 428 3029 tu
454 2973 551 3048 saepe
568 2952 745 3026 invitabas
764 2973 824 3028 ure
840 2954 887 3027 ad
903 2961 1064 3028 cantum.
1083 2954 1127 3028 Et
1144 2955 1203 3030 hic
1223 2962 1309 3030 nota
1326 2956 1425 3050 quod
1442 2956 1560 3052 gratia

387 3096 461 3150 non
485 3074 595 3148 detur
620 3072 665 3168 ei,
692 3073 755 3167 qui
783 3094 855 3147 non
880 3094 920 3148 se
946 3074 1128 3169 habilitat3
1146 3073 1194 3149 de
1214 3095 1288 3168 quo
1314 3080 1466 3170 possunt
1481 3074 1562 3148 dari

387 3197 504 3270 multa
529 3193 708 3290 exemplu,
735 3193 829 3268 sicut
853 3194 891 3266 in
917 3194 977 3268 iilo
1003 3195 1066 3288 qui
1099 3215 1252 3269 manum
1277 3195 1324 3269 ad
1350 3196 1558 3291 largitatem

385 3337 459 3392 non
486 3316 641 3390 ostendit
656 3309 705 3410 (¹),
732 3315 817 3410 quia
843 3316 941 3390 oeus
966 3321 1148 3408 quantum
1174 3315 1278 3389 inse
1302 3322 1357 3389 est
1387 3316 1449 3393 dat
1477 3337 1560 3390 om-

386 3437 494 3512 nibus
519 3435 738 3511 affluenter:
757 3436 793 3510 in
819 3435 880 3509 illo
906 3435 968 3530 qui
994 3435 1121 3510 ocutos
1147 3441 1275 3510 contra
1301 3437 1428 3511 lumen
1455 3439 1559 3512 otau-

385 3557 447 3651 dit,
475 3577 562 3632 eum
588 3563 712 3630 tamen
738 3556 836 3630 Deus
862 3555 975 3630 solem
990 3547 1028 3648 (¹)
1054 3576 1164 3629 suum
1194 3555 1284 3629 oriri
1316 3557 1424 3630 iaciat
1448 3577 1561 3652 super

385 3678 502 3752 honos
527 3684 565 3751 et
590 3677 724 3749 matos:
743 3677 781 3748 in
806 3676 867 3750 itio
892 3677 956 3770 qui
981 3676 1119 3750 iontem
1140 3676 1329 3750 inveniens
1349 3677 1457 3773 erigit
1474 3678 1560 3750 iun-

386 3798 476 3872 dum
502 3795 598 3870 vasis
623 3817 785 3888 sursum,
812 3796 898 3889 quia
923 3797 1033 3890 Deus,
1062 3801 1101 3869 ut
1131 3794 1183 3869 ait
1210 3795 1448 3892 Augustinus,
1479 3819 1561 3872 mu·

386 3937 459 4014 gna
484 3916 701 3991 iiberalitate
726 3922 764 3988 et
790 3916 959 3990 ubertate
983 3935 1111 3990 omnes
1136 3922 1329 3990 creaturas
1355 3918 1470 4012 replet
1494 3939 1560 4012 pro

386 4035 588 4132 capacitate
613 4056 757 4128 earum,
782 4035 819 4108 in
845 4055 891 4110 eo
917 4035 980 4129 qui
1005 4035 1159 4109 domum
1186 4056 1292 4109 suam
1312 4035 1424 4130 cingit
1449 4037 1561 4132 spinis

387 4177 435 4234 ue
458 4155 686 4252 ingredictur
711 4156 864 4250 amicus,
891 4157 966 4250 ipse
997 4155 1096 4230 enim
1123 4156 1223 4230 Deus
1247 4176 1394 4250 semper
1419 4163 1490 4232 stat
1513 4157 1561 4232 ad

387 4275 523 4352 ostium
555 4282 593 4352 et
625 4277 768 4371 puisat:
804 4276 840 4349 in
878 4295 923 4350 eo
962 4275 1026 4368 qui
1057 4275 1184 4351 lotium
1217 4295 1291 4349 non
1324 4276 1481 4370 extirpet
1514 4297 1561 4351 en

386 4419 479 4494 agro
503 4417 584 4490 suo,
610 4402 759 4492 propter
784 4396 883 4490 quod
907 4396 1050 4468 fructus
1075 4415 1243 4470 crescere
1269 4415 1343 4470 non
1361 4402 1504 4490 potest:
1523 4397 1561 4470 in

385 4539 432 4593 eo
458 4518 522 4612 qui
554 4517 704 4614 negligit
736 4516 881 4612 aperire
910 4537 952 4590 os
983 4515 1028 4590 ad
1063 4515 1285 4590 sumendum
1310 4517 1447 4611 cibum,
1474 4517 1561 4611 quia

386 4637 466 4712 talis
493 4636 625 4712 merito
650 4636 759 4712 debet
783 4636 882 4711 fame
908 4635 1025 4710 mori:
1053 4635 1177 4708 initio
1209 4635 1273 4728 qui
1299 4641 1465 4731 tempore
1492 4659 1562 4732 pu·

385 4779 468 4854 guse
493 4779 600 4834 arma
624 4758 746 4832 abiicit
761 4749 810 4852 (³),
825 4757 912 4852 quia
938 4756 1018 4832 talis
1043 4777 1141 4851 saepe
1166 4755 1322 4850 capitur,
1343 4757 1562 4831 vulneratur

386 4879 445 4954 vel
471 4878 671 4954 occiditur:
698 4878 821 4953 initio
856 4879 918 4972 qui
953 4897 1100 4952 remum
1132 4896 1207 4950 non
1237 4881 1362 4950 movet
1394 4883 1562 4971 tempore

449 5139 477 5200 (¹)
493 5137 524 5189 Ε.
541 5139 662 5190 extendit.
806 5137 834 5202 (²)
849 5138 874 5190 S.
891 5137 981 5189 iumen
997 5149 1082 5188 mum.
1224 5135 1251 5198 ι’)
1267 5135 1298 5187 Β.
1313 5135 1414 5186 abiecit.
