4542 6842
809 974 946 1031 onnrns
970 978 1114 1032 ssxrns.
1479 966 1548 1033 187

376 1116 424 1193 ab
449 1118 620 1193 omnibus
637 1118 813 1215 pecunias
829 1122 980 1217 accepit,
998 1128 1036 1197 et
1055 1120 1223 1196 omnium
1242 1122 1439 1217 libertates,
1457 1142 1550 1217 quas

375 1238 504 1333 potuit,
543 1238 724 1313 vendidit:
764 1240 863 1315 vivat
905 1262 995 1339 ergo
1034 1237 1182 1317 infamia
1211 1262 1358 1340 sempor
1394 1243 1550 1318 eius.-

377 1362 410 1430 E
431 1380 469 1431 se
492 1360 584 1433 licito
609 1362 654 1432 ρι’
668 1356 696 1435 ε’.
723 1360 828 1435 Nunc
852 1371 959 1457 poeta
985 1361 1100 1436 iratus
1125 1368 1163 1437 et
1188 1364 1359 1438 turbatos
1383 1383 1429 1438 ex
1455 1384 1549 1459 prae·

374 1477 487 1573 dictis,
515 1500 599 1574 quae
624 1479 794 1555 videntur
819 1482 1032 1579 contingere
1056 1482 1135 1557 sine
1161 1484 1236 1556 ulio
1262 1484 1390 1559 ordine
1414 1483 1548 1559 divinae

374 1598 621 1693 providentiae‚
648 1620 732 1693 quae
762 1620 836 1673 non
866 1600 1011 1676 ridetur
1040 1622 1177 1677 curare
1200 1604 1367 1698 jacturas
1396 1604 1547 1679 naufra-

374 1718 493 1815 gantis
518 1720 639 1814 ltalia7
667 1720 849 1796 exclamat
872 1720 919 1794 ad
937 1721 1067 1815 Deunn
1084 1721 1231 1796 dicens:
1249 1727 1282 1795 E
1297 1744 1335 1794 se
1350 1725 1442 1797 licito
1462 1721 1546 1815 m'd,

374 1840 513 1936 supple,
531 1840 664 1935 dicere,
689 1847 727 1915 et
751 1840 835 1915 tacit
852 1841 1028 1935 colorem,
1047 1840 1109 1935 qui
1127 1841 1260 1945 dicitur
1285 1840 1441 1936 licentia,
1459 1842 1547 1937 qnia

374 1980 448 2033 non
483 1960 589 2038 licet:
623 1982 646 2033 o
678 1980 812 2033 sommo
849 1963 967 2052 Giove,
1000 1960 1101 2054 idest,
1138 1961 1369 2056 omnipotens
1407 1968 1547 2037 aeterne

374 2079 493 2153 Dens:
521 2085 559 2154 et
583 2079 745 2174 loquitur
771 2079 924 2175 poetice,
952 2100 1036 2155 nam
1070 2088 1189 2175 poetae
1217 2081 1372 2177 gentiles
1398 2082 1548 2178 capiunt

373 2197 499 2272 lovem
527 2218 594 2294 pro
619 2218 768 2273 summo
792 2200 893 2294 De03
919 2204 1084 2295 caelesti
1105 2204 1144 2274 in
1165 2208 1264 2274 terra
1285 2224 1353 2295 per
1376 2207 1438 2276 noi
1461 2224 1546 2276 oru-

373 2321 499 2411 oifisso,
525 2326 563 2393 et
587 2318 670 2393 ideo
695 2339 769 2394 non
794 2318 948 2396 deberes
973 2321 1022 2397 ita
1047 2328 1219 2397 avertere
1252 2323 1379 2397 ocutos
1410 2330 1494 2398 tuos
1524 2344 1546 2397 a

373 2438 488 2514 nobis,
514 2440 616 2515 Unde
642 2440 750 2535 petit:
776 2462 842 2514 son
867 2444 893 2515 li
915 2444 1020 2533 piasti
1040 2445 1137 2517 occdi
1162 2447 1234 2517 tuot
1260 2446 1378 2518 rivolta·
1398 2447 1546 2535 ottrooe,

373 2560 485 2655 qirarn
512 2559 558 2635 ad
574 2559 742 2635 ltaliam?
759 2560 862 2655 qnasi
880 2561 996 2637 dicat:
1020 2583 1067 2636 an
1086 2562 1219 2637 videris
1238 2562 1438 2638 removisse
1454 2584 1547 2637 ocu-

373 2680 428 2754 los
443 2686 517 2755 tuae
530 2680 671 2775 pietatis
684 2678 732 2754 ab
749 2680 861 2775 ltalia,
880 2688 917 2756 et
934 2681 1113 2779 benignus
1130 2682 1314 2778 respicere
1330 2683 1439 2757 aliam
1459 2704 1545 2778 par·

373 2805 475 2876 terni
499 2800 555 2873 An
580 2810 636 2877 est
660 2820 805 2894 verum,
832 2802 931 2895 quod
963 2808 1004 2875 tu
1036 2800 1122 2877 iacis
1148 2802 1279 2876 hocin
1310 2809 1375 2875 tuo
1401 2808 1545 2877 secreto

373 2922 534 3015 consilio,
552 2921 639 3015 quia
664 2920 810 3017 scilicet,
828 2920 1008 3017 permittis
1024 2922 1147 3017 aliqua
1165 2924 1262 2997 maia
1280 2922 1370 3018 fieri,
1390 2934 1432 3001 ut
1460 2922 1545 2997 inde

372 3042 494 3118 elicias
518 3041 678 3137 aliquem
704 3042 844 3117 bonum
862 3042 1034 3117 effectum
1053 3045 1241 3119 occnltnm
1262 3050 1299 3119 et
1315 3043 1541 3140 incognitum
1571 3115 1578 3129 ,

372 3163 505 3238 nobis?
529 3164 632 3237 Unde
657 3162 763 3237 dicit:
797 3185 819 3236 o
848 3160 886 3237 ἐρ
905 3168 1163 3256 preporozion,
1189 3164 1292 3259 idest,
1318 3164 1542 3260 preordina-

371 3284 433 3379 tio,
454 3286 514 3357 cite
537 3286 593 3378 soi
616 3286 694 3356 neit
707 3284 835 3376 abisso,
854 3283 957 3379 idest,
975 3284 1012 3357 in
1029 3284 1286 3379 profunditate,
1305 3284 1391 3378 quia
1403 3283 1542 3378 judicia

372 3404 436 3479 Dei
463 3404 617 3501 abyssus
645 3404 771 3497 multa,
801 3407 858 3477 dei
885 3410 942 3478 tao
967 3406 1149 3496 constpliO,
1178 3403 1281 3498 idest,
1306 3402 1541 3499 providentiae

369 3531 454 3598 ture.
480 3524 524 3598 Et
549 3544 636 3599 ecce
662 3544 800 3619 quare:
825 3527 1011 3617 perdicam
1031 3524 1114 3597 bene
1133 3525 1172 3595 ic
1193 3530 1278 3596 tato
1300 3525 1421 3613 scisso,
1438 3522 1540 3616 idest,

369 3644 527 3718 totaliter
551 3642 709 3719 divisum
727 3650 764 3719 et
780 3643 954 3737 alienum,
972 3646 1021 3717 do
1038 3646 1060 3716 i'
1070 3664 1241 3735 cccorper
1257 3648 1392 3731 nostro,
1411 3642 1502 3716 idest
1517 3662 1541 3716 a

368 3764 575 3861 cognitione
601 3772 737 3858 nostra,
756 3764 842 3859 quia
868 3764 997 3837 oculus
1016 3770 1140 3837 noster
1161 3762 1329 3836 infirmus
1349 3782 1422 3836 non
1443 3763 1540 3838 valet

369 3906 534 3959 cernere.
561 3884 638 3958 Alia
665 3890 789 3958 tamen
814 3882 919 3957 litera
945 3882 1078 3958 habet:
1100 3886 1138 3956 in
1160 3890 1243 3956 tutto
1259 3904 1326 3975 per
1350 3904 1541 3973 correppcr

368 4013 490 4079 nostro
514 4008 635 4097 scisso,
661 4003 762 4099 idest,
782 4010 824 4077 ut
849 4003 998 4077 omnino
1016 4004 1180 4100 corrigas
1204 4010 1368 4077 nostram
1394 4003 1542 4077 divisio-

370 4151 473 4225 nem3
501 4130 564 4205 sod
591 4130 708 4227 prima
734 4130 839 4204 litera
860 4136 915 4204 est
936 4128 1065 4203 melior
1083 4136 1120 4204 et
1138 4129 1255 4225 magis
1272 4129 1318 4204 de
1340 4127 1540 4203 intentione

368 4256 496 4345 poetae.
524 4250 568 4323 Et
592 4250 752 4347 assignat
777 4254 884 4345 poeta
910 4268 1060 4322 causam
1087 4248 1362 4323 exclamationis
1382 4247 1486 4322 iacta
1502 4249 1541 4323 in

368 4368 500 4465 Deum,
527 4390 573 4446 ne
599 4370 766 4446 videatur
792 4368 898 4443 nimis
925 4368 1162 4462 temerarins;
1182 4368 1280 4441 unde
1295 4358 1399 4441 dicit:
1423 4371 1540 4441 ciete
1594 4387 1597 4392 ⁴

367 4480 448 4563 aad
481 4492 643 4583 d’Itolia,
675 4510 747 4564 non
782 4488 939 4563 aliarum
973 4487 1245 4583 provinciarum
1280 4488 1540 4582 communiter,

366 4630 431 4683 son
463 4615 543 4685 tutte
564 4615 665 4705 mene
689 4612 727 4685 di
758 4612 902 4699 ίίναρρί,
936 4608 1012 4682 imo
1043 4608 1153 4685 etiarn
1185 4607 1409 4703 tyrannuiis3
1443 4608 1542 4683 unde

366 4729 462 4825 dicit,
481 4738 519 4805 et
544 4732 642 4826 quod
659 4731 777 4805 multo
798 4729 901 4826 peius
919 4735 985 4822 est,
1004 4736 1037 4803 et
1059 4750 1107 4802 no
1132 4730 1269 4802 Marcei
1292 4730 1431 4800 diventa
1456 4732 1542 4819 opni

365 4854 473 4925 aiilon
490 4854 549 4925 cte
562 4854 822 4945 porteppiondo
840 4852 946 4922 tiene.
968 4849 1032 4925 Hic
1054 4856 1151 4942 nota,
1170 4850 1296 4942 lector,
1314 4847 1413 4941 quod
1432 4856 1538 4943 poeta

368 4992 438 5047 non
465 4972 629 5066 loquitur
654 4972 712 5046 hic
743 4971 789 5045 de
818 4970 880 5043 iilo
910 4970 1079 5043 Marcello
1112 4968 1356 5043 famosissimo
1387 4968 1539 5063 victore,

329 5165 336 5177 ,
368 5092 432 5187 qui
457 5092 555 5167 circa
580 5091 690 5167 tinem
716 5090 824 5187 primi
850 5089 934 5165 belli
959 5090 1080 5184 punici
1104 5090 1233 5165 occidit
1254 5109 1368 5162 mann
1390 5109 1457 5162 sua
1478 5088 1539 5162 Vi-
