4542 6842
753 970 892 1028 esurus
917 972 1073 1029 uncinus
1097 973 1266 1040 Qumuus.
1518 955 1591 1024 109

418 1118 584 1207 nnupptor
608 1135 804 1208 mupapna,
830 1116 932 1211 idest,
956 1118 1075 1214 culpa,
1094 1117 1180 1211 quie
1207 1117 1327 1192 maius
1343 1115 1474 1191 vitium
1493 1114 1593 1209 quod

418 1229 639 1331 habuerit(')
667 1235 705 1310 in
737 1255 779 1310 se
809 1236 877 1310 iste
907 1237 1025 1312 Guido
1056 1237 1123 1312 luit
1156 1237 1301 1332 invidia,
1330 1237 1413 1311 ideo
1444 1235 1549 1310 dicit:
1574 1255 1595 1308 c

414 1351 504 1451 perd
529 1377 601 1428 non
624 1358 816 1449 samniti,
847 1355 934 1450 quia
964 1378 1037 1441 nou
1067 1356 1177 1432 debet
1201 1356 1283 1452 quis
1314 1355 1453 1450 mirari,
1482 1376 1521 1428 se
1550 1375 1595 1427 nc

419 1479 598 1570 riprende,
624 1476 768 1570 scilicet,
795 1497 861 1551 nos
892 1477 1070 1573 homines,
1090 1475 1222 1571 percle*
1251 1498 1331 1551 men
1359 1499 1421 1551 sen
1439 1480 1593 1571 ptupno,

419 1597 522 1692 idest,
548 1597 714 1692 ploretur
740 1596 808 1692 liic,
834 1597 939 1691 quasi
960 1597 1074 1672 dicat:
1100 1597 1182 1672 ideo
1203 1596 1436 1694 reprehendit
1453 1617 1531 1691 nos,
1551 1601 1594 1669 ut

420 1717 533 1792 homo
558 1715 675 1812 magis
701 1723 829 1792 caveat
853 1716 1038 1811 iuvidiam,
1060 1723 1097 1792 et
1122 1737 1189 1813 per
1213 1737 1443 1811 consequens
1470 1716 1592 1790 minus

419 1836 604 1932 puniatur.
618 1837 662 1909 Et
675 1835 732 1912 hic
745 1841 831 1911 uota
844 1838 939 1912 bene
957 1837 1057 1930 quud
1073 1856 1163 1912 vere
1180 1835 1313 1911 invidia
1331 1843 1467 1932 praeter
1483 1837 1591 1911 istum

420 1979 568 2055 poeuum
583 1948 619 2050 (²)
647 1956 905 2052 voluntariam,
923 1978 1036 2052 quam
1060 1956 1116 2032 isti
1138 1956 1354 2052 poeniteutes
1371 1958 1506 2051 lerunt,
1525 1959 1593 2032 lra-

418 2077 481 2152 bet
506 2096 653 2173 semper
677 2097 824 2171 poeuam
852 2098 958 2152 suam
984 2098 1124 2152 secum.
1144 2077 1285 2152 Caetera
1301 2077 1400 2152 enim
1421 2079 1507 2152 vitia
1527 2079 1593 2153 lla-

417 2197 506 2272 beut
531 2189 658 2271 secum
685 2195 821 2290 aliquid
848 2197 1054 2293 voluptatis,
1081 2196 1175 2272 sicut
1206 2197 1390 2292 superbia,
1421 2197 1481 2272 cui
1512 2193 1594 2295 glo-

417 2318 559 2392 riosum
577 2317 722 2393 videtur
739 2317 938 2412 excellere3
955 2317 1121 2412 avaritia,
1134 2337 1219 2411 quae
1236 2318 1351 2392 credit
1368 2338 1435 2413 per
1451 2318 1593 2393 divitias

415 2439 542 2515 omnia
567 2437 762 2512 commoda
778 2437 888 2512 simul
905 2438 1091 2534 possidere
1104 2462 1114 2533 3
1142 2438 1290 2512 luxuria
1308 2445 1345 2512 et
1369 2441 1456 2536 gula
1483 2440 1591 2514 nimis

418 2560 627 2637 sensibilem
653 2558 814 2633 afferunt
839 2558 1128 2653 delectationem,
1147 2565 1185 2635 et
1205 2561 1254 2633 ita
1271 2560 1318 2635 de
1334 2561 1487 2636 caeteris.
1505 2560 1591 2636 Solu

421 2682 554 2759 invidia
568 2701 640 2755 non
656 2679 823 2774 delectet,
836 2680 900 2754 sed
915 2681 1084 2755 molestat
1100 2701 1212 2754 suum
1232 2701 1497 2776 possessorem;
1511 2681 1593 2755 ideo

421 2804 516 2879 bene
533 2799 682 2896 quidem
700 2799 870 2874 invidiam
885 2799 1125 2895 justissimam
1144 2807 1382 2875 vocaverunt.
1395 2801 1489 2890 Quid
1503 2820 1593 2876 veru

419 2929 508 3021 egat
532 2922 569 2995 in
594 2921 684 2995 ulios
709 2925 819 3016 patet,
846 2920 932 3014 quia
959 2920 1094 2994 nititur.
1116 2921 1302 3015 erpellere
1333 2920 1524 2996 centutem
1555 2927 1596 2995 et

418 3043 617 3118 amicitiam
644 3041 691 3115 de
715 3061 853 3136 genere
878 3041 1053 3133 humano,
1072 3045 1111 3114 ut
1136 3040 1216 3114 vult
1241 3039 1393 3134 Tullius,
1409 3041 1489 3115 sine
1510 3041 1594 3134 qui-

421 3164 491 3238 bus
516 3163 590 3237 vitu
607 3151 643 3254 (³)
672 3161 834 3234 humana
859 3159 997 3235 durare
1023 3180 1096 3234 nun
1122 3166 1251 3256 potest.
1271 3161 1315 3233 Et
1334 3161 1491 3235 ostendit
1510 3158 1595 3234 Vir·

421 3285 529 3381 gilius
554 3281 654 3356 unde
678 3280 812 3356 invidia
837 3281 990 3375 oriatur,
1016 3280 1159 3356 diceus:
1176 3275 1306 3374 percite*
1318 3284 1333 3353 i
1348 3282 1459 3354 vostr·
1473 3281 1589 3370 didit

420 3407 513 3481 idest
530 3407 715 3478 humanus
726 3390 762 3495 (ὅ)
781 3402 974 3499 appetitus,
987 3405 1233 3496 s'appuntuno,
1251 3400 1354 3495 idest,
1373 3390 1594 3492 tundaturt⁶l

418 3534 458 3603 et
483 3526 653 3600 firmatur
679 3523 776 3599 circu
806 3529 965 3617 terrena,
998 3544 1075 3614 eve,
1104 3522 1208 3617 idest,
1234 3523 1272 3595 in
1303 3520 1449 3616 quibus,
1474 3527 1593 3613 purte,

420 3646 567 3740 scilicet,
593 3644 727 3738 alique,
753 3645 785 3716 si
807 3663 924 3716 scema
944 3665 1012 3736 per
1036 3645 1272 3735 compopniu5
1298 3641 1384 3735 quia
1410 3640 1510 3734 quod
1535 3646 1592 3715 est

421 3769 532 3842 unius
558 3765 774 3840 diminuitur
800 3763 830 3838 si
855 3763 1096 3838 distribuatur
1120 3763 1158 3836 in
1183 3762 1327 3857 plures3
1353 3760 1435 3836 ideo
1459 3763 1594 3834 nundin

423 3909 546 3962 muove
568 3890 597 3960 il
618 3892 781 3959 montano
807 3888 844 3957 ai
866 3885 1007 3976 sospiti,
1027 3883 1132 3977 idest,
1150 3882 1316 3958 accendit
1335 3888 1373 3956 et
1392 3882 1596 3958 inllammat

423 4009 589 4105 spiritum
621 4007 668 4081 ad
696 4005 954 4101 suspirandum
990 4011 1027 4079 et
1056 4003 1254 4080 dolendum
1288 4004 1335 4078 de
1366 4003 1463 4078 bono
1494 4005 1595 4099 quod

423 4128 521 4204 videt
546 4127 671 4220 alteri3
698 4132 735 4199 et
759 4125 810 4200 sic
835 4125 949 4200 habes
970 4145 1016 4200 ex
1037 4145 1113 4219 quo
1133 4123 1296 4199 nascitur
1311 4121 1593 4199 invidio-Ma.

422 4249 489 4324 llic
514 4246 683 4344 Virgilius
709 4244 865 4320 ostendit
886 4245 985 4340 quod
1012 4244 1239 4320 contrarium
1264 4244 1394 4320 accidit
1419 4245 1456 4318 in
1483 4243 1595 4320 rebus

421 4365 680 4466 spiritualibus,
707 4365 849 4440 dicens:
876 4369 940 4438 Mn
964 4386 1001 4438 se
1025 4368 1166 4438 tamor
1181 4367 1274 4438 della
1290 4384 1398 4456 spera
1414 4385 1594 4458 supremo,

422 4490 525 4586 idest,
556 4487 650 4581 coeli,
683 4493 832 4559 tornense
860 4489 898 4560 in
927 4505 1009 4558 suso
1037 4488 1066 4558 il
1093 4487 1267 4559 derideto
1297 4493 1430 4577 oosno,
1459 4485 1596 4562 scilicet

421 4610 469 4687 ad
493 4627 652 4704 superna
666 4595 717 4700 (⁶),
742 4625 815 4678 nont
840 4608 875 4678 ot
899 4605 1044 4678 suredbe
1068 4608 1108 4678 ot
1126 4612 1220 4698 petto
1245 4608 1361 4697 puella
1385 4613 1490 4698 nmo,
1507 4607 1594 4702 quia

497 4881 503 4910 l

486 4885 513 5020 {¹}
529 4881 561 5007 ξ
576 4879 687 5020 mim,
704 4969 783 5021 quum
799 4955 946 5008 voluntarie
961 4955 1004 5007 isti
1019 4956 1182 5020 punitam

487 5033 514 5095 t'l
531 5037 586 5093 ¹¹⁷,
603 5038 695 5083 nutura
711 5033 833 5084 numme.
1096 5033 1123 5096 (¹1
1141 5038 1188 5085 11⁷
1203 5047 1219 5083 e
1234 5033 1266 5083 u
1278 5029 1391 5081 nummi
1406 5029 1544 5093 appetitur.

487 5111 513 5173 (⁵)
532 5113 575 5160 117
592 5121 607 5159 e
623 5109 655 5160 B.
671 5109 813 5161 mudantur
828 5115 855 5160 et
870 5109 1018 5161 diruuntur.
1096 5109 1124 5174 Γ)
1139 5111 1172 5162 E.
1188 5110 1221 5162 td
1236 5119 1367 5174 suprema.
