4542 6842
764 962 903 1019 cnnrus
928 964 1130 1019 vrousrnus.
1461 954 1532 1020 529

359 1114 436 1183 cat:
462 1108 509 1182 ad
534 1108 828 1183 emendationem
862 1108 1109 1202 occupationis
1139 1109 1336 1203 provincia
1361 1109 1534 1186 mactavit

359 1228 558 1302 inhumane
572 1218 608 1319 (¹)
649 1228 907 1303 Conradinum.
947 1229 990 1301 Et
1028 1228 1086 1303 hic
1123 1235 1226 1324 nota,
1264 1231 1395 1324 lector,
1434 1230 1532 1326 quod

360 1348 464 1423 valde
503 1348 617 1422 miror
654 1349 701 1424 de
738 1348 970 1444 quibusdam,
1002 1348 1065 1444 qui
1085 1357 1265 1445 ‘arguunt
1297 1355 1445 1445 poetam
1477 1350 1532 1424 di-

272 1538 276 1543 .
359 1472 493 1562 centes,
520 1466 619 1561 quod
645 1467 777 1543 iniuste
806 1467 958 1543 infamat
982 1468 1125 1564 justum
1158 1489 1296 1565 regern.
1328 1471 1398 1545 Sed
1431 1476 1532 1546 certe

360 1608 433 1663 non
459 1588 644 1683 culpatio
670 1608 715 1661 eo
741 1608 814 1663 non
847 1588 1037 1683 culpanda.
1065 1590 1193 1664 Nonne
1213 1590 1291 1685 jam
1318 1590 1436 1685 ipsum
1464 1610 1531 1687 po-

359 1708 432 1782 suit
456 1708 615 1805 gloriose
641 1706 735 1781 inter
760 1728 866 1803 reges
896 1714 933 1783 et
965 1709 1146 1806 principes
1177 1710 1403 1804 christianos,
1434 1721 1531 1787 tann-

360 1850 473 1923 quam
499 1826 660 1922 pugilem
687 1826 879 1901 Ecclesiaei
904 1828 975 1903 Sed
995 1834 1097 1903 certe
1114 1830 1212 1903 hunc
1229 1836 1355 1903 actum
1377 1829 1531 1904 damna-

359 1953 494 2043 verunt
518 1967 647 2022 omnes
672 1947 851 2041 sapientes
876 1953 914 2022 et
938 1948 1047 2021 amici
1072 1947 1202 2023 Caroli.
1230 1948 1322 2023 Nam
1348 1948 1531 2022 liebertus

359 2067 454 2142 lilius
474 2066 616 2143 comitis
631 2065 820 2161 Fiandriae,
837 2088 954 2164 gener
971 2068 1081 2163 ipsius
1099 2069 1231 2163 Caroli,
1248 2069 1428 2143 translinit
1446 2090 1531 2141 mu-

357 2208 471 2262 crone
505 2186 655 2281 impune
685 2186 847 2282 jndicem
884 2188 947 2281 qui
982 2189 1116 2263 tulerat
1153 2188 1263 2263 talem
1300 2187 1528 2263 sententiam.

358 2310 487 2384 Nonne
513 2308 571 2382 hic
596 2308 748 2382 Carolus
775 2308 994 2402 impunitum
1019 2309 1100 2382 tulit
1125 2309 1329 2384 Guidonem
1355 2309 1402 2383 de
1428 2308 1530 2382 Mon-

358 2430 451 2505 lorte
476 2428 540 2524 qui
566 2428 746 2503 interiecit
769 2429 1083 2525 consanguineum
1111 2430 1207 2525 regis
1232 2429 1370 2525 Angliae
1388 2430 1425 2502 in
1442 2448 1530 2526 gre-

358 2549 432 2624 mio
457 2549 547 2625 lleil
571 2549 700 2624 Nonne
725 2548 982 2624 condemnavit
1010 2548 1057 2624 ad
1088 2555 1307 2643 perpetuum
1339 2568 1527 2623 carcerem
1589 2584 1593 2597 ·

359 2669 549 2745 domiuum
577 2669 775 2743 Henricum
801 2670 952 2743 lintrem
980 2668 1077 2765 regis
1101 2668 1291 2763 Hispaniae,
1309 2668 1530 2764 consangui-

361 2810 473 2865 neum
500 2788 622 2886 ipsiuS,
648 2809 761 2883 quern
787 2795 911 2864 tamen
936 2789 1072 2865 lecerat
1098 2788 1164 2862 sihi
1190 2790 1332 2862 hostem
1351 2808 1417 2882 per
1439 2809 1530 2861 ava-

361 2909 495 3003 ritiam,
512 2929 598 2984 cum
617 2909 727 2983 nollet
747 2908 812 2983 sihi
830 2908 984 2983 reddere
1000 2926 1174 3003 magnam
1192 2906 1398 3002 pecuniam,
1416 2927 1528 2999 qnam

361 3034 492 3103 mutuo
525 3030 705 3105 habuerat
733 3030 781 3104 ah
810 3034 884 3103 eoi
913 3029 1041 3103 Nonne
1074 3027 1259 3122 prohibuit
1284 3032 1325 3099 ut
1351 3026 1410 3101 ille
1434 3026 1530 3101 ohti-

360 3156 465 3225 neret
490 3150 693 3227 Sardiniam
719 3151 766 3225 ah
796 3148 982 3223 Ecclesia?
1007 3148 1145 3221 Deinde
1171 3146 1285 3243 tangit
1316 3146 1425 3221 aliam
1452 3146 1531 3221 vio-

360 3270 509 3346 lentiam
540 3292 742 3347 enormem.
773 3271 826 3346 nd
856 3270 962 3344 cuius
987 3267 1261 3365 intelligentiam
1287 3268 1399 3343 dehes
1424 3269 1529 3363 scire,

359 3391 458 3487 quod
483 3392 635 3467 Carolus
660 3392 851 3487 praedictus
876 3390 1015 3464 hahens
1039 3394 1252 3483 suspectum
1278 3389 1457 3463 Thomam
1483 3389 1530 3463 de

358 3510 502 3606 Aquino
519 3512 654 3586 ordinis
670 3510 963 3607 predicatorum,
977 3510 1036 3583 vel
1053 3507 1141 3602 quia
1157 3506 1359 3582 offenderat
1376 3508 1529 3583 comites

358 3631 649 3728 consanguineos
665 3631 755 3725 eius,
776 3632 833 3705 vel
850 3630 937 3725 quia
953 3631 1111 3703 Thomas
1128 3629 1247 3702 iturus
1267 3628 1314 3702 ad
1334 3627 1528 3703 concilium

358 3752 532 3849 generale
557 3751 594 3825 in
615 3749 772 3839 ‚Galliam
804 3750 1026 3845 Lugdunum
1058 3748 1240 3823 hahuerat
1271 3748 1404 3841 dicere,
1431 3746 1529 3840 quod

359 3892 433 3947 non
459 3876 595 3946 laceret
620 3868 871 3967 oppressiones
902 3867 1186 3964 regnicolarum,
1218 3867 1349 3942 tirncns
1383 3866 1449 3940 sihi
1481 3865 1529 3940 ah

359 3993 432 4086 illo,
457 3992 541 4067 lecit
566 4012 654 4066 eum
682 3988 854 4065 venenari
880 3989 916 4061 in
943 3988 1001 4062 via
1028 4008 1093 4082 per
1111 3987 1309 4090 quemdam
1335 3986 1528 4082 physicum

358 4112 576 4188 familiarem
600 4130 732 4203 suum;
750 4108 813 4203 qui
831 4115 1000 4183 mortuus
1017 4114 1072 4182 est
1089 4108 1187 4202 apud
1203 4106 1391 4181 abhatiam
1408 4106 1529 4179 Fossae

359 4236 471 4310 Norae
496 4233 533 4306 in
558 4250 685 4327 regno.
711 4230 803 4304 llicit
834 4250 948 4325 ergo:
974 4230 1088 4320 epol,
1114 4228 1176 4301 ille
1207 4227 1371 4319 Carolus,
1399 4228 1530 4317 atpinse

360 4357 400 4428 al
413 4357 478 4427 ciel
498 4358 694 4440 Tommoso,
713 4350 799 4445 quia
817 4347 873 4421 vir
890 4353 1037 4421 sanctus
1055 4346 1184 4421 redivit
1200 4346 1247 4420 ad
1264 4346 1412 4437 ooelum,
1431 4343 1529 4417 unde

360 4479 524 4568 venerat,
544 4494 613 4566 per
646 4472 834 4544 ummanda
845 4494 861 4563 ,·
890 4467 1053 4561 loquitur
1091 4465 1239 4560 ironice,
1271 4466 1376 4559 quasi
1408 4464 1527 4539 dicat:

359 4596 406 4671 ad
432 4592 725 4671 emendationem
751 4588 880 4684 primae
906 4585 1072 4680 victime,
1093 4606 1207 4679 quam
1233 4585 1371 4660 fecerat
1396 4582 1527 4679 gladio,

245 4778 249 4787 .
361 4712 563 4789 immolavit
591 4710 705 4786 alium
730 4710 907 4806 juvenem
937 4707 1125 4782 doctorem
1158 4724 1310 4780 veneno.
1337 4702 1408 4777 Sed
1427 4704 1529 4798 justo

356 4833 493 4930 judicio
507 4824 544 4925 (²)
565 4832 718 4906 Carolus
742 4834 827 4903 ante
854 4832 1012 4901 mortem
1039 4825 1165 4900 hahuit
1191 4844 1324 4921 magna
1337 4814 1374 4914 (³)
1397 4821 1530 4897 adver·

423 5094 451 5157 t')
467 5099 522 5155 ill,
538 5093 722 5145 inhumaniter.
816 5088 843 5154 (¹)
860 5093 915 5149 ill,
927 5087 1027 5151 judicio
1043 5086 1089 5137 llei
1105 5085 1221 5137 Carolus.
1314 5082 1342 5146 (¹)
1357 5082 1383 5133 S.
1398 5081 1489 5133 multa.

493 5200 533 5245 lll.
1368 5190 1396 5231 84
