4542 6842
714 959 856 1015 caurus
882 957 1039 1013 nscruus
1064 956 1258 1011 snuuunus.
1502 945 1573 1013 339

402 1108 516 1184 ridem
554 1107 642 1181 vidit
673 1105 871 1203 superbam
903 1102 1087 1179 civitatem
1123 1102 1213 1177 lliorr
1251 1122 1317 1198 per
1353 1102 1572 1179 decennium

399 1230 448 1304 ab
480 1228 646 1304 hostibus
678 1225 847 1320 obsideri,
872 1223 1068 1299 Hectorem
1099 1224 1279 1319 optimum
1312 1224 1435 1298 virum
1462 1225 1575 1300 troia·

402 1370 536 1427 norum
562 1350 609 1423 ab
633 1347 771 1423 Achille
797 1344 945 1440 raptari,
964 1350 1002 1420 et
1018 1344 1181 1419 Troilum
1200 1345 1358 1419 alterum
1378 1346 1574 1423 Hectorem
1660 1349 1665 1365 '

402 1470 566 1545 eiusdem
594 1488 707 1542 manu
733 1472 984 1562 peremptum:
1010 1472 1049 1539 et
1078 1471 1159 1559 post
1186 1463 1326 1539 Paridis
1352 1472 1390 1541 et
1418 1467 1574 1541 aliorum

404 1610 533 1666 necem
559 1588 716 1685 patriam
742 1594 887 1683 captam
914 1585 1003 1661 vidit
1026 1585 1216 1660 ardentem
1236 1584 1323 1659 viris
1348 1595 1385 1664 et
1411 1587 1577 1662 mulieri-

404 1710 476 1784 bus
500 1708 711 1805 captivatis3
733 1714 776 1782 et
799 1707 876 1802 ipse
901 1706 1048 1783 tandem
1075 1724 1182 1779 more
1207 1703 1365 1779 victimae
1396 1714 1578 1798 mactatus

405 1828 451 1903 ad
478 1850 581 1904 aram
607 1848 718 1904 senex
745 1827 865 1902 infelix
894 1826 1092 1921 superbam
1117 1825 1281 1899 animam
1308 1846 1420 1899 manu
1447 1827 1579 1924 Pyrrhi

406 1948 541 2022 misere
576 1947 722 2023 efflavit.
756 1947 811 2022 lt
843 1946 987 2022 literam
1014 1965 1116 2042 ergo,
1152 1951 1259 2040 poeta
1291 1945 1407 2041 tangit
1433 1930 1579 2021 ruinam

408 2067 512 2163 regni
546 2074 582 2143 et
612 2067 745 2163 regalis
775 2065 929 2141 civitatis
962 2064 1110 2159 Priami,
1143 2070 1185 2137 ut
1216 2084 1282 2159 per
1314 2066 1383 2139 hoc
1414 2067 1582 2142 ostendat

408 2187 586 2261 maiorem
613 2186 860 2262 infelicitatem
888 2184 1035 2279 Priami,
1062 2184 1149 2279 qula
1178 2204 1244 2258 rex
1270 2184 1380 2259 simul
1406 2206 1494 2260 corn
1521 2208 1583 2263 re-

408 2327 482 2404 gno
508 2307 648 2381 cecidit.
674 2307 767 2381 Dicit
793 2328 906 2403 ergo:
940 2308 1073 2379 Vedeoo
1103 2308 1224 2395 Troia,
1251 2304 1448 2401 figuratam
1466 2307 1503 2381 in
1521 2308 1583 2384 illo

411 2427 631 2523 pavimento,
656 2430 694 2500 iu
719 2448 839 2501 canere
864 2450 883 2500 e
907 2430 943 2499 to
969 2446 1130 2516 caoctus,
1165 2432 1314 2520 propter
1347 2428 1481 2500 multas
1508 2434 1585 2503 ter-

412 2568 472 2622 ras
496 2567 656 2623 eversas.
687 2546 732 2621 Et
760 2548 997 2642 apostrophat
1025 2546 1071 2620 ad
1105 2545 1290 2620 civitatem
1316 2546 1440 2621 sedem
1467 2548 1584 2645 regni,

407 2666 535 2741 dicens
560 2686 648 2741 cum
673 2665 933 2741 admiratione:
965 2668 1123 2758 Oltiou,
1158 2665 1274 2739 altum
1305 2671 1342 2739 et
1370 2668 1586 2763 superbum,

413 2806 509 2861 come
540 2790 568 2859 u
593 2807 701 2877 sopho
727 2788 787 2859 otc
811 2778 836 2859 u
859 2790 892 2860 st
915 2788 1085 2879 dhonne,
1110 2785 1213 2880 idest,
1240 2785 1360 2882 ligura
1392 2808 1476 2881 qoae
1504 2809 1588 2864 cer-

416 2906 516 2980 nitur
540 2906 590 2979 ibi
616 2907 654 2979 in
679 2905 749 3001 via,
776 2913 958 2979 mostrooo
983 2913 1013 2979 te
1037 2906 1141 2979 bosso
1166 2928 1186 2979 c
1210 2909 1296 2981 orte!
1328 2908 1374 2984 Et
1402 2908 1461 2983 hic
1490 2915 1589 3003 nota,

415 3026 541 3121 lectur,
572 3025 670 3120 quod
700 3026 789 3101 llion
815 3026 882 3100 luit
907 3025 1033 3101 civitas
1059 3026 1177 3101 Troiae
1207 3033 1246 3101 et
1278 3047 1352 3101 non
1382 3048 1462 3122 arx,
1496 3028 1591 3103 siout

304 3220 308 3231 ,
416 3146 624 3227 communis
649 3166 756 3221 error
781 3154 837 3222 est
862 3147 1079 3243 multorum,
1099 3146 1195 3221 sicut
1219 3153 1338 3242 potest
1363 3148 1511 3241 probari
1537 3156 1592 3224 te-

418 3267 589 3344 stimonio
615 3266 809 3341 illustrium
838 3267 1107 3343 historicorum.
1131 3267 1233 3343 Sicut
1257 3267 1355 3342 enim
1382 3268 1507 3343 scribit
1532 3268 1592 3343 Ti·

418 3395 478 3463 tus
502 3386 643 3462 Livius:
669 3387 804 3463 Lucius
835 3387 954 3483 Scipio
985 3388 1104 3462 dictus
1128 3387 1319 3481 Asiaticus,
1344 3408 1430 3461 cum
1463 3390 1592 3463 consul

420 3528 597 3583 romanus
623 3528 709 3583 cum
736 3508 903 3604 Scipione
927 3507 1097 3583 Africano
1123 3508 1239 3582 tratre
1254 3528 1324 3583 suo
1340 3520 1490 3604 gereret
1515 3510 1595 3585 bel·
1659 3592 1664 3597 ,

420 3626 498 3702 lum
516 3634 645 3703 contra
665 3628 884 3703 Antiochum
912 3648 1039 3725 regem
1061 3628 1155 3704 nsiae
1180 3628 1347 3723 pervenit
1372 3648 1458 3703 cnm
1485 3650 1596 3707 exer-

421 3748 494 3823 citu
522 3748 567 3822 ad
594 3748 694 3844 llion,
714 3748 838 3844 positis
861 3750 989 3823 castris
1015 3749 1052 3823 io
1077 3748 1216 3844 campis
1245 3748 1417 3824 subiectis
1448 3750 1597 3845 civitati,

422 3869 609 3965 ingressus
622 3869 754 3943 urbem
773 3876 811 3945 et
826 3889 952 3945 arcem
972 3870 1055 3945 lecit
1070 3869 1291 3945 sacrificium
1310 3870 1493 3965 liticenve,
1512 3892 1597 3966 quae

423 3988 611 4084 potissime
635 3988 826 4064 colebatur
850 3990 911 4085 ibi,
938 3990 1136 4083 praeferens
1161 3989 1200 4063 in
1224 3989 1397 4064 omnibus
1424 3990 1535 4066 rebus
1562 3998 1599 4066 et

425 4109 658 4185 sermonibus
673 4109 878 4206 ilionenses,
891 4130 1061 4186 asserens
1076 4131 1250 4185 romanos
1267 4130 1314 4185 er
1332 4109 1400 4185 illis
1417 4110 1598 4208 originem

426 4227 607 4305 habuisse.
635 4231 712 4305 Hoc
736 4229 833 4305 idem
860 4230 985 4305 scribit
1016 4230 1161 4327 Trogus
1190 4229 1398 4325 Pompeius,
1426 4231 1495 4305 hoo
1523 4231 1601 4305 hu-

426 4348 606 4447 gustlnos,
623 4350 695 4424 hoc
719 4349 906 4446 llorosius,
924 4352 995 4425 hoc
1017 4349 1239 4446 Pomponius
1259 4350 1374 4425 Mella.
1392 4349 1485 4424 Dicit
1502 4352 1600 4425 enim

427 4469 550 4544 Livius
576 4468 675 4563 quod
696 4468 814 4565 Scipio
830 4476 1031 4565 antequam
1051 4469 1262 4565 perveniret
1286 4469 1333 4544 ad
1358 4468 1459 4563 llion,
1482 4470 1602 4566 primo

430 4595 582 4665 venerat
607 4588 819 4664 Dardanum
845 4588 1043 4685 civitatem,
1061 4608 1158 4685 quae,
1180 4597 1221 4663 ut
1240 4588 1363 4684 credo,
1381 4589 1489 4665 hodie
1505 4590 1604 4666 dici·

429 4717 492 4785 tor
516 4709 789 4804 Dardanellum,
807 4730 892 4804 quae
912 4709 1039 4785 civitas
1055 4710 1157 4785 venit
1180 4710 1247 4784 sibi
1266 4709 1414 4785 obviam
1435 4730 1523 4785 cum
1540 4711 1604 4784 lae-

432 4831 519 4907 titia.
545 4832 730 4905 Praeterea
755 4830 910 4905 Achilles
927 4831 1063 4906 multas
1085 4837 1205 4906 terras
1228 4830 1324 4926 oepit
1342 4831 1439 4905 intra
1457 4831 1604 4906 troiam

433 4957 470 5027 et
496 4949 640 5045 evertit,
657 4954 858 5044 antequam
880 4950 1090 5046 perveniret
1114 4951 1162 5026 ad
1187 4950 1289 5047 llion,
1312 4950 1406 5027 sicot
1430 4951 1605 5047 Thebem,

433 5070 601 5147 Lesbiam
626 5078 665 5146 et
688 5070 790 5166 alias,
815 5070 909 5146 sicut
934 5070 1058 5146 scribit
1082 5072 1267 5147 Homerus
1292 5070 1330 5145 in
1358 5070 1479 5147 Iliade.
1507 5071 1608 5146 Prae·
