4542 6842
741 975 813 1043 436
1103 985 1306 1044 nonnarum
1330 989 1549 1044 runoaronrr

739 1133 784 1206 Et
808 1133 878 1207 hoc
903 1130 1028 1226 inuitis,
1040 1153 1114 1224 pur
1139 1154 1234 1206 come
1249 1154 1287 1206 se
1303 1139 1386 1208 mtto
1403 1154 1556 1207 moveare
1574 1154 1665 1224 seco,
1687 1131 1807 1229 ipsum
1832 1153 1910 1208 coe-

739 1253 831 1346 lum‚
856 1254 894 1326 di
921 1254 1140 1344 naoessieare‚·
1165 1252 1271 1327 cuius
1295 1251 1523 1328 contmrium
1552 1252 1638 1327 dicit
1663 1253 1911 1348 philosophus,

740 1371 804 1468 qni
821 1370 1021 1466 dicitquod
1038 1370 1161 1465 aliqua
1178 1378 1263 1446 sunt
1286 1371 1412 1448 futura
1432 1372 1649 1465 necessaria,
1666 1372 1802 1448 scilicet
1822 1366 1912 1467 'quae

738 1493 875 1570 habent
899 1490 1256 1587 praedetermiuatam
1281 1511 1446 1586 causam,
1471 1491 1566 1567 siout
1590 1492 1777 1566 homiuem
1804 1492 1910 1587 mori,

740 1621 777 1690 et
802 1614 917 1689 solem
943 1633 1024 1688 cras
1049 1611 1155 1706 oriri,
1182 1619 1219 1686 et
1242 1612 1314 1687 alia
1331 1619 1418 1686 sunt
1435 1612 1560 1686 futura
1581 1611 1826 1708 contingentia
1843 1613 1911 1687 ira·

739 1733 862 1810 nantia
883 1753 924 1808 se
940 1733 986 1808 ad
1005 1731 1220 1807 utrumlibet
1238 1751 1323 1826 que
1339 1739 1492 1827 possunt
1509 1732 1659 1808 evenire
1675 1739 1714 1806 et
1730 1752 1804 1805 non
1820 1751 1909 1807 eve-

740 1855 831 1930 nire.
858 1854 902 1927 Et
926 1852 984 1927 hic
1010 1858 1106 1945 nom,
1133 1851 1232 1946 quod
1256 1851 1368 1946 aiiqni
1395 1852 1593 1927 voluerunt
1624 1851 1723 1946 quod
1754 1852 1909 1948 pianetae

740 1996 813 2050 non
839 1973 1028 2050 efficerent
1053 1972 1156 2046 nobis
1181 1973 1277 2047 bona
1303 1972 1361 2047 rel
1386 1973 1497 2068 mala,
1513 1973 1578 2048 sed
1598 1973 1829 2048 solummodo
1849 1993 1911 2048 es·

740 2100 821 2170 sent
845 2095 949 2191 signa
973 2113 1106 2168 eorum
1139 2112 1224 2187 que
1254 2093 1359 2168 nobis
1390 2093 1576 2187 eveniunt,
1608 2094 1702 2168 sicut
1735 2094 1908 2169 Piotinus.

739 2214 806 2288 Alii
832 2233 922 2289 vero
947 2213 1120 2288 dixerunt
1145 2232 1191 2287 ex
1209 2212 1343 2288 effectu
1362 2214 1593 2309 planetarum
1615 2213 1825 2288 hominibus
1841 2214 1910 2288 aii·

740 2334 827 2430 qnid
852 2333 937 2408 boni
951 2327 1003 2426 (¹),
1041 2331 1177 2426 aliquid
1213 2332 1298 2407 mali
1332 2332 1493 2428 evenire,
1527 2354 1602 2408 non
1627 2333 1675 2408 ita
1710 2338 1836 2409 tamen
1870 2342 1911 2408 ut

739 2455 985 2549 necessitaret,
1019 2453 1083 2528 sed
1119 2459 1161 2526 ut
1194 2453 1283 2528 illud
1315 2453 1414 2548 quod
1443 2460 1620 2550 operatur
1654 2461 1799 2549 natura,
1833 2455 1911 2529 sive

738 2577 858 2672 potius
883 2575 981 2649 Deus
1007 2593 1072 2670 per
1095 2580 1277 2668 naturam,
1296 2595 1342 2649 ex
1361 2573 1555 2650 efficientia
1571 2576 1803 2670 planetarum
1820 2596 1909 2651 con·

738 2696 907 2793 tingeret.
934 2695 987 2770 De
1012 2715 1085 2789 qua
1112 2694 1268 2768 materia
1288 2693 1395 2790 plene
1414 2699 1547 2770 tractat
1569 2695 1797 2792 Augustinus
1814 2686 1908 2788 (Μ’)

739 2817 891 2894 Ciuitate
911 2814 986 2889 Dei.
1013 2815 1057 2888 Et
1081 2814 1233 2888 damnat
1248 2814 1392 2888 Marcus
1416 2813 1528 2887 istum
1553 2833 1720 2889 errorem
1747 2834 1905 2910 pravum

738 2943 887 3035 propter
902 2927 938 3029 (³)
972 2956 1106 3031 magna
1141 2933 1431 3009 inconvenientia
1463 2955 1548 3029 qua
1580 2943 1826 3030 sequerentur
1859 2954 1906 3010 er

738 3058 811 3152 iilo,
837 3055 978 3130 dicens:
996 3077 1033 3129 se
1057 3047 1128 3128 cosi
1150 3059 1259 3148 losse,
1279 3062 1321 3130 ut
1345 3054 1495 3150 qnidam
1520 3057 1618 3130 maie
1643 3057 1851 3152 opinantur,
1867 3058 1905 3129 io

738 3181 795 3252 voi
816 3181 902 3272 sora
925 3179 1085 3251 aarum
1110 3177 1217 3250 libero
1243 3177 1404 3268 ardinio,
1426 3182 1464 3252 et
1488 3197 1555 3271 per
1579 3197 1809 3272 consequens
1833 3197 1906 3252 non

737 3302 833 3374 esset
858 3297 947 3372 dare
972 3297 1160 3390 virtutem,
1186 3317 1271 3390 que
1295 3303 1350 3372 est
1374 3296 1520 3371 habitus
1536 3297 1724 3390 electivus,
1741 3298 1906 3374 similiter

738 3439 805 3493 nec
831 3418 978 3512 vitium3
1004 3418 1117 3493 etsie
1143 3420 1277 3492 trustra
1303 3436 1526 3513 poneremus
1552 3417 1748 3513 infernum,
1769 3439 1908 3517 purga·

737 3539 888 3633 torium,
908 3545 945 3612 et
970 3537 1202 3633 paradisum:
1229 3543 1266 3612 et
1291 3535 1421 3612 eodem
1449 3537 1569 3632 modo,
1587 3559 1660 3610 aon
1682 3541 1768 3632 soro
1786 3542 1907 3630 giusti·

737 3662 810 3749 zio,
828 3678 896 3733 nec
915 3658 952 3731 in
979 3657 1117 3732 mundo
1134 3657 1215 3752 isto,
1234 3677 1302 3732 aec
1322 3657 1359 3730 in
1380 3657 1463 3752 alio,
1478 3678 1545 3750 per
1560 3657 1638 3748 deu,
1656 3660 1784 3749 leticia,
1802 3658 1903 3753 idest,

736 3800 803 3875 pro
821 3777 956 3852 virtute
971 3778 1108 3852 habere
1126 3777 1332 3872 proemium,
1351 3798 1450 3870 oper
1466 3780 1570 3870 mole,
1583 3800 1671 3851 noer
1687 3781 1784 3870 lutto,
1801 3779 1904 3874 idest,

737 3909 774 3976 et
798 3921 865 3996 pro
892 3897 1028 3974 malitia
1055 3898 1192 3973 habere
1217 3919 1379 3993 poenam,
1400 3898 1446 3972 ad
1472 3919 1585 3993 quam
1611 3899 1778 3992 sequitur
1802 3899 1908 3995 pian-

736 4027 839 4095 ctus:
859 4026 895 4095 et
912 4026 1000 4093 tunc
1021 4019 1156 4093 frustra
1173 4024 1294 4093 essent
1310 4017 1470 4113 consilia,
1488 4039 1627 4115 precer,
1646 4023 1684 4093 et
1700 4019 1771 4094 alia
1788 4020 1903 4094 muita

736 4137 1026 4215 inconvenientia
1051 4138 1273 4212 destructiva
1292 4137 1419 4212 mundi
1436 4145 1682 4233 sequerentur
1702 4138 1845 4234 exinde,
1863 4144 1904 4213 ut

736 4259 890 4334 ostendit
914 4256 1062 4332 Boetius
1088 4258 1123 4331 in
1141 4257 1182 4330 V.
1197 4297 1246 4312 -
1258 4262 1308 4330 Lo
1332 4259 1427 4331 ciclo.
1445 4258 1510 4333 Hic
1531 4259 1675 4333 Marcus
1693 4259 1816 4355 incipit
1832 4260 1906 4335 soi·

735 4400 825 4455 vere
849 4379 1023 4454 dubium:
1051 4384 1088 4453 et
1113 4378 1233 4474 primo
1266 4377 1422 4453 ostendit
1454 4380 1642 4473 quomodo
1674 4399 1735 4454 res
1765 4386 1852 4454 sunt
1881 4401 1905 4455 a

735 4501 840 4596 eoelo,
866 4505 903 4574 et
929 4498 1115 4594 quomodo
1147 4519 1231 4593 non,
1257 4498 1401 4573 dicens:
1434 4503 1469 4573 lo
1499 4501 1584 4573 oielo
1614 4503 1629 4574 i
1657 4504 1767 4573 oostt'
1796 4502 1906 4574 moni-

734 4623 838 4694 menti
860 4622 982 4712 im'zio,
1004 4620 1223 4714 corporales,
1242 4619 1335 4694 siout
1353 4619 1492 4714 sedere,
1510 4619 1725 4714 ambulare3
1744 4619 1809 4695 sed
1825 4619 1904 4695 ani-

734 4741 859 4834 males,
885 4737 979 4814 sicut
1003 4739 1109 4832 velie,
1135 4738 1340 4836 intelligere
1355 4727 1393 4832 (⁸)
1420 4759 1494 4813 non
1510 4739 1648 4820 cadunt
1663 4741 1733 4814 suo
1751 4739 1906 4837 imperio

734 4865 856 4932 motus
881 4857 1059 4952 coeiestis3
1080 4857 1162 4932 ideo
1185 4857 1371 4955 restringit
1386 4858 1524 4934 dictum
1542 4879 1653 4934 suum
1670 4859 1814 4936 dicens:
1831 4881 1904 4934 nort

746 5168 752 5183 ,
795 5118 822 5184 (⁸)
839 5119 870 5170 Ε.
887 5120 1032 5185 intelligere
1047 5126 1074 5173 at
1089 5121 1238 5173 huiusmodi
1253 5135 1306 5173 non
1320 5121 1424 5173 endum.
