4542 6842
709 941 796 1007 206‘
1067 948 1271 1005 couuuruu
1296 948 1515 1004 vunenronu

707 1095 831 1170 iamae*
847 1101 885 1169 et
913 1092 1145 1189 splendorem
1177 1093 1306 1167 inclitae
1341 1091 1467 1189 gloriae
1499 1091 1666 1166 istorum.
1700 1094 1793 1169 Nam
1821 1092 1879 1167 isti

707 1216 853 1312 spiritus
878 1214 1110 1291 illustrissimi
1131 1213 1347 1289 naturaliter
1367 1212 1568 1310 viguerunt
1584 1213 1717 1289 maiori
1733 1213 1880 1310 ingenio

708 1343 746 1411 et
770 1336 917 1410 virtute.
944 1335 997 1410 De
1030 1334 1203 1409 virtuosis
1233 1332 1329 1408 enim
1363 1332 1527 1427 loquitur
1552 1332 1611 1407 bic
1641 1340 1772 1429 poeta3
1799 1332 1881 1407 ideo

708 1464 878 1533 notanter
890 1455 980 1531 dixit
997 1456 1035 1529 in
1051 1454 1169 1549 litera,
1184 1454 1283 1549 quod
1297 1459 1430 1529 natura
1447 1450 1616 1547 pinxerat
1632 1452 1691 1527 ibi.
1705 1457 1878 1527 -Soloe

708 1566 774 1652 llic
799 1584 906 1673 poeta
931 1574 1112 1671 descripto
1144 1576 1225 1651 loco
1256 1571 1571 1649 delectabilissimo
1604 1575 1771 1649 virorum
1797 1575 1882 1649 illu-

709 1697 853 1792 strium,
886 1695 1057 1772 describit
1088 1700 1238 1769 cantum
1271 1693 1547 1768 devotissimum
1581 1695 1809 1791 eorumdem,
1844 1701 1880 1770 et

710 1819 838 1913 pulcre
863 1816 964 1914 lingit
990 1814 1088 1909 quod
1114 1814 1310 1888 cantabant
1333 1812 1432 1887 illam
1450 1812 1676 1908 oratiouem;
1701 1815 1801 1889 unde
1825 1813 1881 1888 di·
1999 1813 2005 1821 ’

710 1939 783 2014 eit:
809 1940 942 2032 quodi,
968 1935 1071 2029 idest,
1098 1955 1144 2009 ex
1161 1928 1198 2027 (¹)
1224 1934 1294 2009 isto
1318 1919 1448 2030 gradu,
1483 1936 1557 2006 addi
1580 1937 1706 2029 anime,
1734 1935 1882 2009 nobilis-

696 2060 833 2153 simas²
851 2061 951 2132 seder
975 2060 1012 2131 io
1036 2060 1093 2130 rol
1115 2058 1232 2147 verde,
1250 2053 1353 2148 idest,
1375 2054 1490 2128 herba
1510 2053 1736 2148 viridissima,
1753 2076 1772 2128 e
1787 2057 1825 2127 io
1840 2076 1883 2128 so

710 2182 838 2273 iptori,
865 2185 919 2253 tot
943 2179 1123 2270 colorum,
1149 2177 1344 2249 conando.-
1360 2175 1465 2248 salve
1480 2177 1629 2266 Regino,
1655 2195 1739 2270 quae
1763 2175 1883 2251 oratio

711 2320 858 2375 summe
888 2297 1059 2373 convenit
1087 2296 1188 2391 istis3
1220 2294 1350 2389 primo,
1382 2293 1468 2388 quia
1502 2295 1570 2369 ista
1604 2295 1722 2369 oratio
1756 2301 1884 2369 canta·

712 2428 774 2496 tur
805 2420 842 2494 in
875 2417 1028 2493 eeclesia
1060 2416 1107 2491 ad
1132 2414 1425 2511 completorium,
1451 2421 1489 2490 et
1514 2436 1612 2490 nunc
1641 2415 1751 2491 tiebat
1775 2435 1884 2509 ser03

713 2539 885 2633 secundo,
913 2536 999 2632 quia
1030 2536 1148 2611 oratio
1171 2535 1214 2618 ¹tit
1238 2535 1284 2610 ad
1309 2534 1494 2631 Virginem
1510 2526 1561 2629 (²),
1587 2536 1693 2610 cuius
1717 2536 1775 2609 isti
1800 2535 1883 2610 iue-

584 2646 585 2650 ‘
715 2666 803 2734 runt
837 2657 981 2751 devoti3
1015 2657 1139 2751 tertio,
1174 2655 1260 2751 quia
1294 2654 1362 2729 ista
1395 2654 1513 2728 oratio
1549 2654 1722 2731 admonet
1756 2675 1886 2750 super-

714 2778 791 2873 boS,
824 2777 888 2872 qui
912 2777 1038 2851 colunt
1072 2783 1109 2850 et
1138 2775 1309 2851 affectant
1337 2774 1447 2847 nimis
1480 2774 1640 2849 dominia
1666 2782 1703 2849 et
1731 2775 1885 2869 imperia

716 2897 941 2993 temporalia,
968 2895 1102 2991 quibus
1127 2896 1283 2971 credunt
1307 2893 1482 2988 felicitati,
1510 2901 1547 2969 et
1577 2900 1619 2968 ut
1645 2895 1885 2971 humilientur

716 3025 754 3093 et
778 3018 1073 3112 contemplentur
1103 3016 1328 3092 calamitates
1359 3014 1497 3108 muudi,
1523 3035 1610 3089 cum
1644 3014 1751 3091 dicit:
1783 3018 1888 3091 odta

716 3142 907 3214 clamatam
936 3141 1054 3212 caules
1079 3140 1146 3230 fittt
1178 3143 1271 3211 Eooe.
1296 3135 1390 3225 Quid
1422 3156 1513 3231 ergo
1546 3135 1593 3211 de
1625 3138 1781 3213 muliere
1811 3136 1887 3212 neti

716 3261 887 3335 laetantur
919 3265 957 3335 et
987 3258 1193 3355 gloriantur
1219 3256 1341 3353 regnis
1366 3256 1404 3330 in
1434 3257 1543 3332 exilio
1573 3256 1683 3331 buius
1709 3257 1823 3331 vite?
1848 3264 1887 3333 et

716 3380 824 3455 dicits
851 3382 911 3453 cle
930 3400 998 3473 per
1029 3382 1066 3451 to
1095 3380 1198 3469 autb,
1224 3376 1326 3470 idest,
1353 3396 1437 3471 quae
1466 3375 1600 3451 animae
1631 3376 1826 3452 existentes
1851 3377 1888 3451 in

717 3499 777 3576 illa
802 3499 950 3596 planitie
974 3504 1114 3593 cavata,
1141 3504 1179 3571 et
1203 3502 1480 3591 concamerata;
1502 3502 1540 3572 et
1559 3496 1611 3571 sic
1634 3496 1729 3572 bene
1752 3517 1890 3573 conve-

718 3622 771 3697 nit
796 3620 831 3695 id
857 3620 955 3715 quod
980 3619 1112 3694 dicitur
1144 3618 1182 3692 in
1212 3618 1272 3691 illa
1297 3617 1474 3713 oratione,
1499 3616 1646 3710 scilicet,
1676 3620 1713 3691 tn
1744 3620 1810 3690 tac
1833 3621 1889 3690 la-

718 3762 923 3835 crpmorom
949 3743 1040 3817 volte
1051 3766 1067 3834 ;
1084 3739 1168 3813 lieet
1193 3737 1291 3813 enim
1317 3738 1420 3814 vallis
1445 3737 1513 3813 ista
1537 3737 1582 3812 sit
1608 3738 1737 3813 vestita
1766 3738 1889 3813 herbis

719 3870 757 3939 et
773 3862 936 3957 tloribus,
957 3867 994 3935 et
1011 3858 1232 3935 delectabilis
1246 3848 1283 3952 (ἢ
1305 3859 1490 3934 coloribus
1509 3865 1546 3933 et
1563 3859 1747 3955 odoribus,
1766 3866 1891 3934 tamen

603 4000 605 4005 ·
719 3989 775 4059 est
793 3983 930 4078 repleta
947 3979 1118 4077 lacrymis
1133 3986 1175 4054 ‘et
1191 3978 1357 4073 miseriis,
1370 4001 1442 4053 non
1457 4000 1599 4071 porcae
1610 3982 1648 4054 dt
1661 3982 1772 4075 1111111,
1786 3979 1888 4073 idest,

719 4102 982 4201 perveniebant
994 4100 1040 4175 ad
1053 4099 1175 4174 visum
1188 4118 1316 4173 meum
1334 4105 1451 4194 extra,
1466 4098 1516 4174 ita
1530 4098 1627 4194 quod
1641 4100 1775 4175 Dentes
1792 4105 1892 4174 stans

720 4230 826 4298 extra
852 4221 889 4296 in
913 4221 995 4295 loco
1015 4208 1210 4295 altiuscule
1224 4206 1261 4312 (⁸)
1284 4218 1429 4293 videbat
1454 4219 1534 4294 illos
1555 4220 1723 4296 sedentes
1743 4225 1780 4295 et
1805 4240 1893 4295 can·

722 4350 839 4418 tentes
855 4342 952 4416 intra
972 4341 1071 4415 illam
1091 4338 1355 4415 concavitatem
1373 4338 1554 4415 virentem
1572 4345 1610 4416 et
1626 4340 1890 4435 splendentem.

796 4466 920 4537 Prima
945 4463 1005 4535 cte
1016 4464 1042 4536 ’t
1058 4482 1151 4555 poco
1176 4463 1257 4534 sote.
1284 4460 1354 4534 Ista
1380 4465 1435 4535 est
1460 4461 1568 4535 tertia
1592 4480 1677 4555 pars
1697 4458 1890 4558 generalis,

722 4584 760 4658 in
784 4603 859 4677 qua
883 4586 990 4693 poeta
1014 4579 1196 4675 descripto
1221 4579 1302 4655 loco
1327 4579 1569 4675 convenienti,
1595 4600 1694 4655 nunc
1722 4579 1895 4655 describit

721 4702 955 4801 singulariter
978 4700 1119 4795 aliquot
1144 4699 1291 4795 spiritus
1315 4698 1475 4774 illustres
1501 4699 1708 4794 modernos,
1735 4698 1798 4794 qui
1827 4698 1894 4775 visi

723 4830 808 4897 sunt
832 4820 898 4897 sibi
923 4819 1103 4896 memoria
1129 4819 1322 4916 digniores.
1350 4819 1394 4893 ut
1419 4818 1710 4913 primoquidem
1736 4817 1894 4894 ostendit

788 5010 816 5073 (¹)
831 5010 856 5061 S.
872 5022 905 5060 ex
920 5008 973 5060 illo.
1283 5003 1312 5066 (¹)
1327 5006 1359 5056 u.
1376 5005 1509 5069 Virginem
1524 5005 1643 5067 uariam,
1660 5006 1735 5057 culus
1749 5004 1800 5055 1111.

787 5086 814 5151 (b
830 5085 855 5136 S.
871 5096 887 5134 o
903 5084 934 5135 n.
950 5082 1152 5136 delectabilibus.
1283 5082 1312 5146 (⁴)
1328 5081 1358 5133 E.
1375 5081 1506 5133 aldulmo.
