4542 6842
708 933 779 1002 354
1072 943 1277 998 coarsnruu
1300 942 1519 998 nuncnnmn

707 1093 744 1166 in
771 1097 899 1167 morte.
927 1088 997 1164 Sed
1022 1089 1071 1162 illi
1093 1089 1157 1183 qui
1174 1095 1327 1184 peccant
1344 1107 1410 1183 per
1428 1087 1604 1161 malitiam
1623 1108 1710 1162 raro
1726 1087 1881 1164 veniunt

706 1212 753 1288 ad
775 1209 1030 1308 purgatorium
1057 1209 1094 1284 in
1118 1209 1193 1284 vita
1215 1208 1273 1284 vel
1288 1201 1326 1300 (¹)
1345 1214 1485 1300 morte;
1501 1207 1584 1282 ideo
1599 1207 1648 1282 de
1665 1209 1797 1284 talibm
1814 1229 1882 1283 no·

707 1333 774 1407 luit
799 1333 921 1407 lacere
946 1337 1145 1406 tractatum
1172 1351 1237 1424 per
1262 1350 1303 1404 se
1328 1329 1424 1402 sicut
1445 1327 1582 1403 lecerat
1606 1328 1645 1402 in
1670 1328 1883 1404 interno.—

711 1459 858 1543 ouanto.
885 1453 990 1526 Nunc
1015 1457 1122 1546 poeta
1147 1448 1316 1542 ostendit,
1343 1449 1530 1543 quomodo
1555 1449 1717 1544 precatio
1742 1450 1881 1546 Virgilii

708 1574 804 1669 justa
837 1571 957 1648 statim
995 1570 1105 1647 luerit
1135 1569 1321 1664 exaudita,
1353 1570 1439 1664 quia
1475 1571 1709 1644 intraverunt
1731 1569 1814 1664 iter,
1844 1579 1883 1646 et

710 1693 881 1788 quaedam
906 1712 1016 1766 voces
1042 1691 1206 1766 volantes
1223 1710 1434 1786 peraerem
1461 1690 1498 1762 in
1525 1710 1723 1764 occursum
1748 1711 1880 1766 eorum

712 1814 920 1904 monebant,
947 1819 989 1887 ut
1017 1819 1269 1908 praemverent
1302 1810 1473 1886 invidiam
1505 1831 1572 1904 per
1596 1811 1766 1906 exempla
1793 1810 1884 1886 dile-

711 1934 839 2008 ctionis
869 1941 906 2008 et
938 1933 1097 2007 caritatis
1129 1931 1323 2006 contrariae
1349 1930 1501 2006 invidiae.
1533 1931 1636 2006 Unde
1665 1932 1884 2008 continuans

710 2053 805 2128 dicta
830 2053 988 2128 dicendis
1009 2052 1111 2128 dicit:
1132 2056 1201 2126 Nol
1222 2072 1370 2125 moram
1388 2043 1450 2142 yid
1473 2055 1513 2124 iti
1532 2058 1628 2124 tanto
1648 2055 1687 2126 di
1712 2043 1762 2144 td,
1787 2053 1882 2129 intra

711 2175 814 2248 illum
833 2175 1013 2248 circulum
1032 2171 1236 2246 secundum
1255 2171 1471 2267 purgatorii,
1495 2175 1677 2262 quentari
1697 2179 1800 2246 conta
1817 2195 1885 2266 per

712 2316 759 2368 un
771 2297 939 2386 miyliaio,
956 2294 1057 2387 idest,
1072 2313 1139 2388 per
1157 2293 1256 2366 mille
1272 2311 1411 2386 passos,
1429 2295 1468 2365 di
1482 2313 1566 2383 orco,
1585 2292 1621 2365 in
1638 2291 1708 2367 isto
1733 2291 1884 2387 mundo,

712 2421 748 2492 in
770 2437 860 2510 poco
886 2423 1012 2508 ampo,
1026 2435 1093 2507 per
1119 2417 1156 2487 lo
1175 2416 1293 2504 oontia
1308 2421 1454 2505 prosto,
1475 2413 1561 2506 quia
1584 2420 1690 2487 erant
1709 2413 1804 2488 avidi
1829 2415 1886 2488 in-

713 2536 878 2615 veniendi
904 2537 977 2611 cito
1002 2537 1156 2628 animas,
1183 2535 1269 2628 quia
1291 2533 1509 2608 videbantur
1533 2533 1588 2608 ire
1612 2533 1886 2628 quodammodo

713 2659 847 2734 trustra
873 2657 1060 2753 perillam
1086 2656 1184 2730 viam
1206 2655 1404 2729 solitariam
1422 2661 1460 2728 et
1477 2654 1614 2728 nudam
1642 2662 1718 2729 tam
1744 2655 1886 2728 umbris

713 2801 824 2874 quam
853 2779 997 2876 liguris3
1023 2777 1086 2853 sed
1113 2783 1153 2850 tu
1172 2775 1289 2850 dices:
1308 2794 1425 2868 quare
1442 2775 1653 2849 habuerunt
1669 2782 1812 2850 tantum
1831 2776 1887 2851 ire

713 2907 913 2994 antequam
928 2897 1132 2972 invenirent
1140 2897 1283 2990 aliquos
1291 2896 1460 2990 spiritus?
1471 2895 1518 2968 ad
1527 2895 1776 2972 denotandum
1786 2897 1886 2992 qaod

713 3022 768 3094 isti
787 3019 896 3093 invidi
914 3025 1020 3092 erant
1040 3018 1149 3112 longe
1169 3038 1192 3090 a
1211 3015 1418 3112 cognitione
1437 3035 1568 3090 eorrrm
1589 3015 1735 3110 sepositi
1759 3017 1798 3090 in
1821 3037 1887 3091 oc·

713 3141 825 3233 culto,
835 3140 884 3213 ita
896 3139 994 3233 quod
1007 3138 1278 3232 oportuitquod
1288 3137 1447 3210 multum
1462 3144 1675 3231 quaererent
1685 3143 1885 3232 antequam

714 3261 930 3353 invenirent,
945 3280 1031 3334 cum
1047 3266 1171 3332 tamen
1185 3257 1390 3332 invenerint
1399 3249 1434 3350 (²)
1451 3258 1630 3352 superbos
1646 3259 1767 3333 statim
1780 3259 1818 3333 in
1831 3259 1888 3334 in-

715 3382 824 3456 troitu
842 3371 878 3472 (³)
905 3380 984 3453 viae.
1012 3380 1056 3452 Et
1081 3399 1169 3453 ecce
1185 3379 1407 3454 invenerunt
1423 3379 1543 3474 primo
1559 3379 1707 3474 spiritus
1723 3381 1888 3455 volantes

713 3523 780 3599 per
804 3521 950 3592 aerem3
975 3499 1072 3574 unde
1091 3499 1196 3573 dicit:
1214 3502 1375 3591 croniti,
1392 3519 1464 3572 oon
1478 3493 1567 3592 perd
1584 3503 1675 3591 vati,
1692 3500 1796 3593 idest,
1814 3521 1888 3576 non

714 3631 838 3698 minen
865 3621 930 3693 visi
956 3641 978 3693 a
1005 3619 1119 3712 nebia,
1145 3618 1240 3693 sicut
1264 3619 1324 3693 atii
1345 3620 1512 3693 solebant
1531 3620 1658 3714 videri,
1682 3625 1792 3715 aaron
1807 3641 1888 3694 sco·

714 3747 776 3834 titi,
802 3741 936 3816 scilicet
959 3739 1006 3815 ad
1039 3760 1160 3833 rocoa,
1185 3739 1290 3833 quasi
1317 3738 1423 3833 dicat,
1450 3739 1575 3834 auditi,
1602 3739 1686 3815 linet
1711 3762 1784 3816 non
1809 3743 1888 3835 risi,

716 3865 818 3936 colar
844 3881 945 3934 verso
970 3863 1043 3950 noi,
1069 3859 1114 3932 ad
1141 3859 1345 3934 doctrinam
1373 3868 1548 3933 nostram.
1574 3861 1678 3936 Unde
1702 3862 1806 3936 dicit:
1829 3883 1890 3936 mo

711 3983 907 4076 portando,
937 3980 1089 4054 luerunt
1122 3979 1254 4073 senili,
1279 3984 1406 4053 corteri
1433 3983 1550 4073 inviti,
1580 3981 1687 4075 idest,
1722 3982 1889 4059 liberales

717 4100 958 4193 invitationes
991 4103 1064 4173 olto
1097 4120 1217 4172 merrsa
1245 4102 1410 4189 donor,
1440 4099 1543 4194 idest,
1575 4100 1621 4176 ad
1658 4121 1825 4178 amorem
1850 4093 1889 4197 (⁸)

717 4221 888 4297 caritatis.
915 4221 959 4292 Et
984 4219 1035 4294 sic
1060 4226 1145 4293 nota
1171 4218 1271 4313 quod
1296 4218 1391 4292 sicot
1416 4240 1528 4313 snpra
1544 4226 1653 4316 poeta
1669 4221 1774 4296 tinxit
1790 4225 1890 4317 quod

718 4339 918 4418 admonitio
945 4339 1157 4414 humilitatis
1174 4338 1269 4413 lacta
1287 4339 1354 4411 luit
1371 4339 1424 4413 eis
1446 4347 1613 4434 patenter
1637 4348 1676 4416 et
1701 4342 1891 4419 manifeste

718 4466 845 4537 contra
872 4458 1103 4554 snperbiam3
1129 4458 1179 4532 ita
1205 4478 1305 4532 nnnc
1322 4457 1435 4555 tingit,
1453 4459 1553 4552 quod
1569 4461 1770 4536 admonitio
1794 4465 1891 4538 cari-

718 4582 801 4656 tatis
826 4581 889 4654 liat
914 4580 967 4655 eis
993 4580 1136 4655 occulte
1162 4585 1200 4655 et
1223 4578 1450 4654 invisibiliter
1479 4580 1528 4655 ad
1558 4581 1767 4658 evitandam
1800 4585 1893 4660 invi·

719 4701 829 4794 dmm,
843 4689 930 4794 ¹quae
956 4707 1011 4774 est
1036 4701 1191 4793 occulta,
1210 4699 1274 4772 obi
1293 4699 1466 4795 superbia
1482 4706 1539 4774 est
1563 4703 1763 4778 manifesta.
1777 4712 1892 4780 -La

717 4824 847 4913 nmmo.
874 4820 939 4894 llic
965 4826 1071 4914 poeta
1097 4818 1269 4893 describit
1294 4819 1450 4913 primam
1477 4839 1621 4913 vocem,
1647 4844 1760 4916 quam
1786 4827 1891 4900 andi-

783 5019 810 5082 (¹)
825 5021 857 5070 E·
873 5020 914 5070 rel
930 5022 956 5070 in
972 5026 1066 5072 morte.
1317 5021 1345 5082 (Ἴ
1362 5022 1392 5070 Ε.
1409 5022 1572 5073 invenerunt.

783 5097 809 5158 (⁸)
827 5102 881 5158 ¹¹⁷,
898 5099 925 5148 ln
941 5097 1050 5148 circuilu
1067 5097 1124 5148 vla·
1316 5098 1343 5160 (¹)
1360 5102 1413 5157 ill,
1431 5105 1588 5151 conventum
1605 5100 1727 5151 utitatis.
