<?xml version="1.0" encoding="UTF-8"?>
<!DOCTYPE html PUBLIC "-//W3C//DTD XHTML 1.0 Transitional//EN"
    "http://www.w3.org/TR/xhtml1/DTD/xhtml1-transitional.dtd">
<html xmlns="http://www.w3.org/1999/xhtml" xml:lang="en" lang="en">
 <head>
  <title>
</title>
<meta http-equiv="Content-Type" content="text/html;charset=utf-8" />
  <meta name='ocr-system' content='tesseract 3.04.00' />
  <meta name='ocr-capabilities' content='ocr_page ocr_carea ocr_par ocr_line ocrx_word'/>
</head>
<body>
  <div class='ocr_page' id='page_1' title='image "./comentumsuperda01unkngoog_0241.png"; bbox 0 0 4542 6842; ppageno 0'>
   <div class='ocr_carea' id='block_1_1' title="bbox 794 962 1554 1029">
    <p class='ocr_par' dir='ltr' id='par_1_1' title="bbox 794 962 1554 1029">
     <span class='ocr_line' id='line_1_1' title="bbox 794 962 1554 1029; baseline 0.001 -4"><span class='ocrx_word' id='word_1_1' title='bbox 794 972 932 1028; x_wconf 73' lang='lat' dir='ltr'><strong>caurus</strong></span> <span class='ocrx_word' id='word_1_2' title='bbox 957 974 1140 1029; x_wconf 79' lang='lat' dir='ltr'><strong>sarumus.</strong></span> <span class='ocrx_word' id='word_1_3' title='bbox 1483 962 1554 1029; x_wconf 72' lang='lat'><strong>21⁵1</strong></span> 
     </span>
    </p>
   </div>
   <div class='ocr_carea' id='block_1_2' title="bbox 384 1118 1557 2055">
    <p class='ocr_par' dir='ltr' id='par_1_2' title="bbox 384 1118 1557 2055">
     <span class='ocr_line' id='line_1_2' title="bbox 389 1118 1556 1214; baseline -0.003 -21"><span class='ocrx_word' id='word_1_4' title='bbox 389 1119 571 1214; x_wconf 83' lang='lat' dir='ltr'><strong>captivus3</strong></span> <span class='ocrx_word' id='word_1_5' title='bbox 598 1118 673 1192; x_wconf 91' lang='lat' dir='ltr'><strong>imo</strong></span> <span class='ocrx_word' id='word_1_6' title='bbox 695 1140 791 1193; x_wconf 90' lang='lat' dir='ltr'><strong>unus</strong></span> <span class='ocrx_word' id='word_1_7' title='bbox 808 1118 896 1193; x_wconf 87' lang='lat' dir='ltr'><strong>civis</strong></span> <span class='ocrx_word' id='word_1_8' title='bbox 917 1119 1061 1193; x_wconf 81' lang='lat' dir='ltr'><strong>saltavit</strong></span> <span class='ocrx_word' id='word_1_9' title='bbox 1079 1118 1277 1193; x_wconf 89' lang='lat' dir='ltr'><strong>crudeliter</strong></span> <span class='ocrx_word' id='word_1_10' title='bbox 1293 1138 1404 1214; x_wconf 80' lang='lat' dir='ltr'><strong>super</strong></span> <span class='ocrx_word' id='word_1_11' title='bbox 1421 1137 1556 1212; x_wconf 85' lang='lat' dir='ltr'><strong>corpus</strong></span> 
     </span>
     <span class='ocr_line' id='line_1_3' title="bbox 387 1235 1557 1334; baseline -0.004 -21"><span class='ocrx_word' id='word_1_12' title='bbox 387 1238 559 1334; x_wconf 82' lang='lat' dir='ltr'>defuncti,</span> <span class='ocrx_word' id='word_1_13' title='bbox 586 1244 623 1313; x_wconf 91' lang='lat' dir='ltr'><strong>et</strong></span> <span class='ocrx_word' id='word_1_14' title='bbox 647 1238 743 1333; x_wconf 91' lang='lat' dir='ltr'><strong>cepit</strong></span> <span class='ocrx_word' id='word_1_15' title='bbox 766 1245 876 1334; x_wconf 88' lang='lat' dir='ltr'><strong>caput</strong></span> <span class='ocrx_word' id='word_1_16' title='bbox 901 1238 980 1313; x_wconf 90' lang='lat' dir='ltr'><strong>eius</strong></span> <span class='ocrx_word' id='word_1_17' title='bbox 1005 1258 1091 1313; x_wconf 88' lang='lat' dir='ltr'><strong>cum</strong></span> <span class='ocrx_word' id='word_1_18' title='bbox 1119 1238 1298 1331; x_wconf 89' lang='lat' dir='ltr'><strong>manibus,</strong></span> <span class='ocrx_word' id='word_1_19' title='bbox 1319 1243 1358 1311; x_wconf 87' lang='lat' dir='ltr'><strong>ct</strong></span> <span class='ocrx_word' id='word_1_20' title='bbox 1378 1235 1557 1334; x_wconf 81' lang='lat' dir='ltr'><strong>percussit</strong></span> 
     </span>
     <span class='ocr_line' id='line_1_4' title="bbox 384 1356 1557 1454; baseline 0 -23"><span class='ocrx_word' id='word_1_21' title='bbox 384 1358 431 1431; x_wconf 90' lang='lat' dir='ltr'><strong>ad</strong></span> <span class='ocrx_word' id='word_1_22' title='bbox 457 1365 607 1433; x_wconf 87' lang='lat' dir='ltr'><strong>terram.</strong></span> <span class='ocrx_word' id='word_1_23' title='bbox 633 1358 866 1435; x_wconf 80' lang='lat' dir='ltr'><strong>Alexandrini</strong></span> <span class='ocrx_word' id='word_1_24' title='bbox 891 1359 988 1434; x_wconf 88' lang='lat' dir='ltr'><strong>enirn</strong></span> <span class='ocrx_word' id='word_1_25' title='bbox 1017 1364 1235 1454; x_wconf 87' lang='lat' dir='ltr'><strong>reputantur</strong></span> <span class='ocrx_word' id='word_1_26' title='bbox 1256 1358 1424 1431; x_wconf 87' lang='lat' dir='ltr'><strong>homines</strong></span> <span class='ocrx_word' id='word_1_27' title='bbox 1449 1356 1557 1431; x_wconf 91' lang='lat' dir='ltr'><strong>nimis</strong></span> 
     </span>
     <span class='ocr_line' id='line_1_5' title="bbox 385 1477 1555 1574; baseline -0.003 -21"><span class='ocrx_word' id='word_1_28' title='bbox 385 1480 572 1554; x_wconf 89' lang='lat' dir='ltr'><strong>temerarii</strong></span> <span class='ocrx_word' id='word_1_29' title='bbox 610 1479 646 1553; x_wconf 95' lang='lat' dir='ltr'><strong>in</strong></span> <span class='ocrx_word' id='word_1_30' title='bbox 679 1480 913 1574; x_wconf 70' lang='lat' dir='ltr'><strong>lumbardia,</strong></span> <span class='ocrx_word' id='word_1_31' title='bbox 949 1480 1012 1573; x_wconf 88' lang='lat' dir='ltr'><strong>qui</strong></span> <span class='ocrx_word' id='word_1_32' title='bbox 1047 1478 1311 1553; x_wconf 74' lang='lat' dir='ltr'><strong>interfecerunt</strong></span> <span class='ocrx_word' id='word_1_33' title='bbox 1344 1477 1555 1573; x_wconf 84' lang='lat' dir='ltr'><strong>episcopum</strong></span> 
     </span>
     <span class='ocr_line' id='line_1_6' title="bbox 385 1597 1555 1697; baseline -0.001 -24"><span class='ocrx_word' id='word_1_34' title='bbox 385 1620 507 1674; x_wconf 90' lang='lat' dir='ltr'><strong>suurn.</strong></span> <span class='ocrx_word' id='word_1_35' title='bbox 535 1600 611 1697; x_wconf 78' lang='lat' dir='ltr'><strong>Ego</strong></span> <span class='ocrx_word' id='word_1_36' title='bbox 637 1600 759 1695; x_wconf 81' lang='lat' dir='ltr'><strong>credo,</strong></span> <span class='ocrx_word' id='word_1_37' title='bbox 786 1600 885 1695; x_wconf 88' lang='lat' dir='ltr'><strong>quod</strong></span> <span class='ocrx_word' id='word_1_38' title='bbox 911 1599 1036 1674; x_wconf 86' lang='lat' dir='ltr'><strong>civitas</strong></span> <span class='ocrx_word' id='word_1_39' title='bbox 1063 1599 1157 1673; x_wconf 86' lang='lat' dir='ltr'><strong>lacta</strong></span> <span class='ocrx_word' id='word_1_40' title='bbox 1188 1597 1234 1671; x_wconf 86' lang='lat' dir='ltr'><strong>sit</strong></span> <span class='ocrx_word' id='word_1_41' title='bbox 1268 1616 1315 1671; x_wconf 81' lang='lat' dir='ltr'><strong>ex</strong></span> <span class='ocrx_word' id='word_1_42' title='bbox 1349 1598 1555 1687; x_wconf 64' lang='lat' dir='ltr'><strong>colluvione</strong></span> 
     </span>
     <span class='ocr_line' id='line_1_7' title="bbox 387 1717 1553 1817; baseline -0.004 -23"><span class='ocrx_word' id='word_1_43' title='bbox 387 1720 576 1795; x_wconf 85' lang='lat' dir='ltr'><strong>variarum</strong></span> <span class='ocrx_word' id='word_1_44' title='bbox 592 1718 629 1813; x_wconf 82' lang='lat'><strong>(¹)</strong></span> <span class='ocrx_word' id='word_1_45' title='bbox 665 1720 844 1817; x_wconf 84' lang='lat' dir='ltr'><strong>gentium,</strong></span> <span class='ocrx_word' id='word_1_46' title='bbox 870 1726 912 1792; x_wconf 89' lang='lat' dir='ltr'><strong>ut</strong></span> <span class='ocrx_word' id='word_1_47' title='bbox 945 1718 1086 1793; x_wconf 91' lang='lat' dir='ltr'><strong>dicetur</strong></span> <span class='ocrx_word' id='word_1_48' title='bbox 1116 1718 1211 1791; x_wconf 84' lang='lat' dir='ltr'><strong>inira</strong></span> <span class='ocrx_word' id='word_1_49' title='bbox 1245 1717 1405 1814; x_wconf 86' lang='lat' dir='ltr'><strong>capitulo</strong></span> <span class='ocrx_word' id='word_1_50' title='bbox 1432 1717 1553 1790; x_wconf 87' lang='lat' dir='ltr'><strong>lllllll.</strong></span> 
     </span>
     <span class='ocr_line' id='line_1_8' title="bbox 384 1833 1556 1937; baseline -0.003 -24"><span class='ocrx_word' id='word_1_51' title='bbox 384 1838 439 1913; x_wconf 80' lang='lat' dir='ltr'><strong>Ad</strong></span> <span class='ocrx_word' id='word_1_52' title='bbox 464 1840 606 1915; x_wconf 81' lang='lat' dir='ltr'><strong>literam</strong></span> <span class='ocrx_word' id='word_1_53' title='bbox 629 1861 731 1937; x_wconf 83' lang='lat' dir='ltr'><strong>ergo,</strong></span> <span class='ocrx_word' id='word_1_54' title='bbox 749 1840 834 1915; x_wconf 93' lang='lat' dir='ltr'><strong>dicit</strong></span> <span class='ocrx_word' id='word_1_55' title='bbox 858 1838 1065 1914; x_wconf 90' lang='lat' dir='ltr'><strong>Sordellus:</strong></span> <span class='ocrx_word' id='word_1_56' title='bbox 1092 1841 1178 1927; x_wconf 78' lang='lat' dir='ltr'><strong>(luel</strong></span> <span class='ocrx_word' id='word_1_57' title='bbox 1200 1840 1260 1910; x_wconf 83' lang='lat' dir='ltr'><strong>cie</strong></span> <span class='ocrx_word' id='word_1_58' title='bbox 1281 1833 1343 1931; x_wconf 81' lang='lat' dir='ltr'><strong>piri</strong></span> <span class='ocrx_word' id='word_1_59' title='bbox 1368 1838 1472 1909; x_wconf 75' lang='lat' dir='ltr'><strong>dacco</strong></span> <span class='ocrx_word' id='word_1_60' title='bbox 1497 1845 1556 1910; x_wconf 82' lang='lat' dir='ltr'><strong>tra</strong></span> 
     </span>
     <span class='ocr_line' id='line_1_9' title="bbox 385 1958 1557 2055; baseline -0.003 -22"><span class='ocrx_word' id='word_1_61' title='bbox 385 1968 502 2033; x_wconf 77' lang='lat' dir='ltr'><strong>corwr</strong></span> <span class='ocrx_word' id='word_1_62' title='bbox 518 1963 702 2051; x_wconf 80' lang='lat' dir='ltr'><strong>s&#39;atlerra,</strong></span> <span class='ocrx_word' id='word_1_63' title='bbox 717 1960 816 2055; x_wconf 85' lang='lat' dir='ltr'><strong>punit</strong></span> <span class='ocrx_word' id='word_1_64' title='bbox 834 1980 919 2035; x_wconf 88' lang='lat' dir='ltr'><strong>eum</strong></span> <span class='ocrx_word' id='word_1_65' title='bbox 939 1959 1153 2052; x_wconf 87' lang='lat' dir='ltr'><strong>bassiorem,</strong></span> <span class='ocrx_word' id='word_1_66' title='bbox 1167 1958 1254 2051; x_wconf 88' lang='lat' dir='ltr'><strong>quia</strong></span> <span class='ocrx_word' id='word_1_67' title='bbox 1269 1978 1342 2031; x_wconf 89' lang='lat' dir='ltr'><strong>non</strong></span> <span class='ocrx_word' id='word_1_68' title='bbox 1360 1958 1428 2031; x_wconf 90' lang='lat' dir='ltr'><strong>luit</strong></span> <span class='ocrx_word' id='word_1_69' title='bbox 1445 1963 1557 2031; x_wconf 78' lang='lat' dir='ltr'><strong>tantae</strong></span> 
     </span>
    </p>
   </div>
   <div class='ocr_carea' id='block_1_3' title="bbox 382 2078 1705 2177">
    <p class='ocr_par' dir='ltr' id='par_1_3' title="bbox 382 2078 1705 2177">
     <span class='ocr_line' id='line_1_10' title="bbox 382 2078 1705 2177; baseline -0.004 -22"><span class='ocrx_word' id='word_1_70' title='bbox 382 2080 565 2177; x_wconf 82' lang='lat' dir='ltr'><strong>dignitatis</strong></span> <span class='ocrx_word' id='word_1_71' title='bbox 591 2087 628 2156; x_wconf 91' lang='lat' dir='ltr'><strong>et</strong></span> <span class='ocrx_word' id='word_1_72' title='bbox 653 2081 849 2175; x_wconf 88' lang='lat' dir='ltr'><strong>potestatis,</strong></span> <span class='ocrx_word' id='word_1_73' title='bbox 867 2080 960 2155; x_wconf 91' lang='lat' dir='ltr'><strong>sicut</strong></span> <span class='ocrx_word' id='word_1_74' title='bbox 977 2080 1157 2177; x_wconf 83' lang='lat' dir='ltr'><strong>praedicti3</strong></span> <span class='ocrx_word' id='word_1_75' title='bbox 1176 2080 1258 2155; x_wconf 88' lang='lat' dir='ltr'><strong>etsi</strong></span> <span class='ocrx_word' id='word_1_76' title='bbox 1276 2079 1345 2153; x_wconf 88' lang='lat' dir='ltr'><strong>luit</strong></span> <span class='ocrx_word' id='word_1_77' title='bbox 1363 2078 1558 2174; x_wconf 83' lang='lat' dir='ltr'><strong>superbus,</strong></span> <span class='ocrx_word' id='word_1_78' title='bbox 1703 2126 1705 2129; x_wconf 23' lang='grc' dir='ltr'><strong><em>ι</em></strong></span> 
     </span>
    </p>
   </div>
   <div class='ocr_carea' id='block_1_4' title="bbox 381 2200 1558 4098">
    <p class='ocr_par' dir='ltr' id='par_1_4' title="bbox 381 2200 1558 4098">
     <span class='ocr_line' id='line_1_11' title="bbox 384 2200 1558 2293; baseline -0.004 -18"><span class='ocrx_word' id='word_1_79' title='bbox 384 2200 479 2276; x_wconf 93' lang='lat' dir='ltr'><strong>bene</strong></span> <span class='ocrx_word' id='word_1_80' title='bbox 504 2201 715 2275; x_wconf 88' lang='lat' dir='ltr'><strong>humiliatus</strong></span> <span class='ocrx_word' id='word_1_81' title='bbox 741 2200 857 2276; x_wconf 89' lang='lat' dir='ltr'><strong>estin</strong></span> <span class='ocrx_word' id='word_1_82' title='bbox 883 2201 957 2276; x_wconf 80' lang='lat' dir='ltr'><strong>vita</strong></span> <span class='ocrx_word' id='word_1_83' title='bbox 991 2208 1028 2275; x_wconf 86' lang='lat' dir='ltr'><strong>et</strong></span> <span class='ocrx_word' id='word_1_84' title='bbox 1057 2200 1093 2273; x_wconf 91' lang='lat' dir='ltr'><strong>in</strong></span> <span class='ocrx_word' id='word_1_85' title='bbox 1122 2207 1253 2293; x_wconf 90' lang='lat' dir='ltr'><strong>morte,</strong></span> <span class='ocrx_word' id='word_1_86' title='bbox 1279 2201 1495 2291; x_wconf 70' lang='lat' dir='ltr'><strong>qaardando</strong></span> <span class='ocrx_word' id='word_1_87' title='bbox 1519 2201 1558 2271; x_wconf 84' lang='lat' dir='ltr'><strong>in</strong></span> 
     </span>
     <span class='ocr_line' id='line_1_12' title="bbox 383 2314 1558 2415; baseline -0.003 -21"><span class='ocrx_word' id='word_1_88' title='bbox 383 2342 477 2411; x_wconf 74' lang='lat' dir='ltr'><strong>nnc,</strong></span> <span class='ocrx_word' id='word_1_89' title='bbox 499 2321 644 2415; x_wconf 83' lang='lat' dir='ltr'><strong>scilicet,</strong></span> <span class='ocrx_word' id='word_1_90' title='bbox 663 2321 709 2395; x_wconf 95' lang='lat' dir='ltr'><strong>ad</strong></span> <span class='ocrx_word' id='word_1_91' title='bbox 735 2321 871 2395; x_wconf 86' lang='lat' dir='ltr'><strong>coelum</strong></span> <span class='ocrx_word' id='word_1_92' title='bbox 898 2340 945 2395; x_wconf 84' lang='lat' dir='ltr'><strong>ex</strong></span> <span class='ocrx_word' id='word_1_93' title='bbox 969 2320 1175 2413; x_wconf 85' lang='lat' dir='ltr'><strong>devotione,</strong></span> <span class='ocrx_word' id='word_1_94' title='bbox 1192 2314 1214 2393; x_wconf 70' lang='lat' dir='ltr'><strong>e*</strong></span> <span class='ocrx_word' id='word_1_95' title='bbox 1230 2322 1435 2411; x_wconf 70' lang='lat' dir='ltr'><strong>Guiylielmo</strong></span> <span class='ocrx_word' id='word_1_96' title='bbox 1452 2324 1558 2393; x_wconf 83' lang='lat' dir='ltr'><strong>Mar·</strong></span> 
     </span>
     <span class='ocr_line' id='line_1_13' title="bbox 383 2439 1554 2537; baseline -0.001 -24"><span class='ocrx_word' id='word_1_97' title='bbox 383 2442 498 2535; x_wconf 79' lang='lat' dir='ltr'><strong>ciresc,·</strong></span> <span class='ocrx_word' id='word_1_98' title='bbox 524 2440 592 2515; x_wconf 85' lang='lat' dir='ltr'><strong>iste</strong></span> <span class='ocrx_word' id='word_1_99' title='bbox 616 2441 895 2537; x_wconf 83' lang='lat' dir='ltr'><strong>cognominatus</strong></span> <span class='ocrx_word' id='word_1_100' title='bbox 920 2446 976 2516; x_wconf 89' lang='lat' dir='ltr'><strong>est</strong></span> <span class='ocrx_word' id='word_1_101' title='bbox 993 2442 1258 2537; x_wconf 76' lang='lat' dir='ltr'><strong>spata-Longa,</strong></span> <span class='ocrx_word' id='word_1_102' title='bbox 1277 2462 1344 2532; x_wconf 82' lang='lat' dir='ltr'><strong>per</strong></span> <span class='ocrx_word' id='word_1_103' title='bbox 1362 2443 1430 2531; x_wconf 86' lang='lat' dir='ltr'><strong>cui,</strong></span> <span class='ocrx_word' id='word_1_104' title='bbox 1451 2439 1554 2533; x_wconf 74' lang='lat' dir='ltr'><strong>idest,</strong></span> 
     </span>
     <span class='ocr_line' id='line_1_14' title="bbox 385 2561 1556 2658; baseline -0.002 -23"><span class='ocrx_word' id='word_1_105' title='bbox 385 2567 534 2658; x_wconf 87' lang='lat' dir='ltr'><strong>propter</strong></span> <span class='ocrx_word' id='word_1_106' title='bbox 558 2561 663 2636; x_wconf 90' lang='lat' dir='ltr'><strong>cuius</strong></span> <span class='ocrx_word' id='word_1_107' title='bbox 689 2568 893 2657; x_wconf 86' lang='lat' dir='ltr'><strong>capturam,</strong></span> <span class='ocrx_word' id='word_1_108' title='bbox 910 2569 944 2635; x_wconf 86' lang='lat' dir='ltr'><strong>et</strong></span> <span class='ocrx_word' id='word_1_109' title='bbox 962 2563 1204 2653; x_wconf 79' lang='lat' dir='ltr'><strong>Alessundriu,</strong></span> <span class='ocrx_word' id='word_1_110' title='bbox 1223 2561 1370 2655; x_wconf 72' lang='lat' dir='ltr'><strong>scilicet</strong></span> <span class='ocrx_word' id='word_1_111' title='bbox 1395 2561 1556 2635; x_wconf 81' lang='lat' dir='ltr'><strong>Alexan-</strong></span> 
     </span>
     <span class='ocr_line' id='line_1_15' title="bbox 384 2681 1555 2779; baseline -0.002 -23"><span class='ocrx_word' id='word_1_112' title='bbox 384 2682 463 2756; x_wconf 86' lang='lat' dir='ltr'><strong>dria</strong></span> <span class='ocrx_word' id='word_1_113' title='bbox 489 2682 583 2756; x_wconf 90' lang='lat' dir='ltr'><strong>della</strong></span> <span class='ocrx_word' id='word_1_114' title='bbox 608 2682 731 2779; x_wconf 84' lang='lat' dir='ltr'><strong>Paglia</strong></span> <span class='ocrx_word' id='word_1_115' title='bbox 757 2684 792 2755; x_wconf 96' lang='lat' dir='ltr'><strong>in</strong></span> <span class='ocrx_word' id='word_1_116' title='bbox 819 2681 1048 2775; x_wconf 86' lang='lat' dir='ltr'><strong>Lumbardia‚</strong></span> <span class='ocrx_word' id='word_1_117' title='bbox 1073 2681 1202 2755; x_wconf 85' lang='lat' dir='ltr'><strong>civitas</strong></span> <span class='ocrx_word' id='word_1_118' title='bbox 1227 2682 1333 2757; x_wconf 85' lang='lat' dir='ltr'><strong>valde</strong></span> <span class='ocrx_word' id='word_1_119' title='bbox 1358 2702 1465 2775; x_wconf 84' lang='lat' dir='ltr'><strong>nova,</strong></span> <span class='ocrx_word' id='word_1_120' title='bbox 1483 2704 1503 2755; x_wconf 86' lang='lat' dir='ltr'><strong>e</strong></span> <span class='ocrx_word' id='word_1_121' title='bbox 1518 2684 1555 2755; x_wconf 86' lang='lat' dir='ltr'><strong>la</strong></span> 
     </span>
     <span class='ocr_line' id='line_1_16' title="bbox 384 2801 1556 2897; baseline 0 -22"><span class='ocrx_word' id='word_1_122' title='bbox 384 2823 450 2875; x_wconf 80' lang='lat' dir='ltr'><strong>suu</strong></span> <span class='ocrx_word' id='word_1_123' title='bbox 486 2824 632 2893; x_wconf 73' lang='lat' dir='ltr'><strong>yucrru,</strong></span> <span class='ocrx_word' id='word_1_124' title='bbox 659 2802 760 2896; x_wconf 85' lang='lat' dir='ltr'><strong>idest,</strong></span> <span class='ocrx_word' id='word_1_125' title='bbox 787 2802 898 2897; x_wconf 87' lang='lat' dir='ltr'><strong>ipsius</strong></span> <span class='ocrx_word' id='word_1_126' title='bbox 927 2801 1169 2896; x_wconf 81' lang='lat' dir='ltr'><strong>Alexandriae,</strong></span> <span class='ocrx_word' id='word_1_127' title='bbox 1197 2807 1240 2896; x_wconf 82' lang='lat' dir='ltr'><strong>su</strong></span> <span class='ocrx_word' id='word_1_128' title='bbox 1262 2806 1417 2895; x_wconf 69' lang='lat' dir='ltr'><strong>ptcnyer</strong></span> <span class='ocrx_word' id='word_1_129' title='bbox 1450 2807 1556 2876; x_wconf 81' lang='lat' dir='ltr'><strong>Mun·</strong></span> 
     </span>
     <span class='ocr_line' id='line_1_17' title="bbox 382 2922 1555 3018; baseline -0.001 -23"><span class='ocrx_word' id='word_1_130' title='bbox 382 2927 535 3016; x_wconf 82' lang='lat' dir='ltr'><strong>scrratc,</strong></span> <span class='ocrx_word' id='word_1_131' title='bbox 553 2922 640 3015; x_wconf 88' lang='lat' dir='ltr'><strong>quia</strong></span> <span class='ocrx_word' id='word_1_132' title='bbox 666 2922 839 3018; x_wconf 88' lang='lat' dir='ltr'><strong>spoliatus</strong></span> <span class='ocrx_word' id='word_1_133' title='bbox 865 2928 920 2997; x_wconf 86' lang='lat' dir='ltr'><strong>est</strong></span> <span class='ocrx_word' id='word_1_134' title='bbox 944 2922 1093 2996; x_wconf 90' lang='lat' dir='ltr'><strong>domino</strong></span> <span class='ocrx_word' id='word_1_135' title='bbox 1119 2942 1200 3017; x_wconf 80' lang='lat' dir='ltr'><strong>suo,</strong></span> <span class='ocrx_word' id='word_1_136' title='bbox 1218 2923 1282 3017; x_wconf 87' lang='lat' dir='ltr'><strong>qui</strong></span> <span class='ocrx_word' id='word_1_137' title='bbox 1306 2929 1476 2996; x_wconf 85' lang='lat' dir='ltr'><strong>mortuus</strong></span> <span class='ocrx_word' id='word_1_138' title='bbox 1500 2928 1555 2997; x_wconf 86' lang='lat' dir='ltr'><strong>est</strong></span> 
     </span>
     <span class='ocr_line' id='line_1_18' title="bbox 384 3035 1556 3139; baseline 0.001 -23"><span class='ocrx_word' id='word_1_139' title='bbox 384 3043 463 3117; x_wconf 91' lang='lat' dir='ltr'><strong>sine</strong></span> <span class='ocrx_word' id='word_1_140' title='bbox 488 3042 623 3117; x_wconf 87' lang='lat' dir='ltr'><strong>herede</strong></span> <span class='ocrx_word' id='word_1_141' title='bbox 649 3044 824 3136; x_wconf 89' lang='lat' dir='ltr'><strong>masculo,</strong></span> <span class='ocrx_word' id='word_1_142' title='bbox 851 3053 888 3119; x_wconf 94' lang='lat' dir='ltr'><strong>et</strong></span> <span class='ocrx_word' id='word_1_143' title='bbox 913 3043 1094 3117; x_wconf 88' lang='lat' dir='ltr'><strong>hereditas</strong></span> <span class='ocrx_word' id='word_1_144' title='bbox 1118 3044 1285 3139; x_wconf 77' lang='lat' dir='ltr'><strong>pervenit</strong></span> <span class='ocrx_word' id='word_1_145' title='bbox 1298 3035 1336 3135; x_wconf 85' lang='lat'><strong>(²)</strong></span> <span class='ocrx_word' id='word_1_146' title='bbox 1367 3043 1412 3117; x_wconf 92' lang='lat' dir='ltr'><strong>ad</strong></span> <span class='ocrx_word' id='word_1_147' title='bbox 1440 3042 1556 3137; x_wconf 87' lang='lat' dir='ltr'><strong>irnpe-</strong></span> 
     </span>
     <span class='ocr_line' id='line_1_19' title="bbox 385 3162 1556 3257; baseline -0.001 -22"><span class='ocrx_word' id='word_1_148' title='bbox 385 3169 548 3237; x_wconf 85' lang='lat' dir='ltr'><strong>ratcreru</strong></span> <span class='ocrx_word' id='word_1_149' title='bbox 574 3162 1023 3257; x_wconf 86' lang='lat' dir='ltr'><strong>Constantinopolitanum‚</strong></span> <span class='ocrx_word' id='word_1_150' title='bbox 1050 3163 1114 3257; x_wconf 90' lang='lat' dir='ltr'><strong>qui</strong></span> <span class='ocrx_word' id='word_1_151' title='bbox 1146 3164 1274 3237; x_wconf 88' lang='lat' dir='ltr'><strong>habuit</strong></span> <span class='ocrx_word' id='word_1_152' title='bbox 1304 3184 1418 3237; x_wconf 89' lang='lat' dir='ltr'><strong>unam</strong></span> <span class='ocrx_word' id='word_1_153' title='bbox 1444 3162 1556 3237; x_wconf 86' lang='lat' dir='ltr'><strong>liliam</strong></span> 
     </span>
     <span class='ocr_line' id='line_1_20' title="bbox 385 3282 1556 3357; baseline -0.002 0"><span class='ocrx_word' id='word_1_154' title='bbox 385 3282 592 3357; x_wconf 88' lang='lat' dir='ltr'><strong>Guillielmi.</strong></span> <span class='ocrx_word' id='word_1_155' title='bbox 619 3284 682 3355; x_wconf 87' lang='lat' dir='ltr'><strong>Est</strong></span> <span class='ocrx_word' id='word_1_156' title='bbox 698 3288 822 3357; x_wconf 88' lang='lat' dir='ltr'><strong>autern</strong></span> <span class='ocrx_word' id='word_1_157' title='bbox 843 3282 1104 3357; x_wconf 86' lang='lat' dir='ltr'><strong>Monsierratus</strong></span> <span class='ocrx_word' id='word_1_158' title='bbox 1121 3283 1158 3357; x_wconf 90' lang='lat' dir='ltr'><strong>in</strong></span> <span class='ocrx_word' id='word_1_159' title='bbox 1175 3283 1307 3357; x_wconf 90' lang='lat' dir='ltr'><strong>linibus</strong></span> <span class='ocrx_word' id='word_1_160' title='bbox 1326 3282 1556 3357; x_wconf 82' lang='lat' dir='ltr'><strong>Lomhardiae</strong></span> 
     </span>
     <span class='ocr_line' id='line_1_21' title="bbox 383 3401 1556 3493; baseline -0.002 -16"><span class='ocrx_word' id='word_1_161' title='bbox 383 3408 551 3477; x_wconf 85' lang='lat' dir='ltr'><strong>contrata</strong></span> <span class='ocrx_word' id='word_1_162' title='bbox 576 3422 736 3493; x_wconf 84' lang='lat' dir='ltr'><strong>amoenc,</strong></span> <span class='ocrx_word' id='word_1_163' title='bbox 763 3401 901 3477; x_wconf 89' lang='lat' dir='ltr'><strong>habens</strong></span> <span class='ocrx_word' id='word_1_164' title='bbox 926 3402 1063 3477; x_wconf 86' lang='lat' dir='ltr'><strong>infinita</strong></span> <span class='ocrx_word' id='word_1_165' title='bbox 1087 3403 1233 3477; x_wconf 87' lang='lat' dir='ltr'><strong>castella</strong></span> <span class='ocrx_word' id='word_1_166' title='bbox 1252 3403 1288 3477; x_wconf 92' lang='lat' dir='ltr'><strong>in</strong></span> <span class='ocrx_word' id='word_1_167' title='bbox 1309 3403 1461 3477; x_wconf 85' lang='lat' dir='ltr'><strong>collibus</strong></span> <span class='ocrx_word' id='word_1_168' title='bbox 1481 3402 1556 3477; x_wconf 87' lang='lat' dir='ltr'><strong>ler-</strong></span> 
     </span>
     <span class='ocr_line' id='line_1_22' title="bbox 385 3516 1557 3659; baseline 0 -64"><span class='ocrx_word' id='word_1_169' title='bbox 385 3522 517 3615; x_wconf 89' lang='lat' dir='ltr'><strong>tilibus‚</strong></span> <span class='ocrx_word' id='word_1_170' title='bbox 541 3544 560 3595; x_wconf 87' lang='lat' dir='ltr'><strong>e</strong></span> <span class='ocrx_word' id='word_1_171' title='bbox 580 3524 608 3594; x_wconf 79' lang='lat' dir='ltr'><strong>tl</strong></span> <span class='ocrx_word' id='word_1_172' title='bbox 630 3526 823 3647; x_wconf 64' lang='lat' dir='ltr'><strong>Canuueccs</strong></span> <span class='ocrx_word' id='word_1_173' title='bbox 840 3516 1012 3659; x_wconf 53' lang='lat' dir='ltr'><strong>llnntrata</strong></span> <span class='ocrx_word' id='word_1_174' title='bbox 1039 3529 1094 3597; x_wconf 86' lang='lat' dir='ltr'><strong>est</strong></span> <span class='ocrx_word' id='word_1_175' title='bbox 1119 3522 1346 3597; x_wconf 86' lang='lat' dir='ltr'><strong>contermina</strong></span> <span class='ocrx_word' id='word_1_176' title='bbox 1372 3521 1557 3596; x_wconf 88' lang='lat' dir='ltr'><strong>llontiler·</strong></span> 
     </span>
     <span class='ocr_line' id='line_1_23' title="bbox 383 3641 1557 3738; baseline 0.001 -23"><span class='ocrx_word' id='word_1_177' title='bbox 383 3650 476 3738; x_wconf 83' lang='lat' dir='ltr'><strong>rato,</strong></span> <span class='ocrx_word' id='word_1_178' title='bbox 503 3662 587 3737; x_wconf 81' lang='lat' dir='ltr'><strong>quae</strong></span> <span class='ocrx_word' id='word_1_179' title='bbox 616 3642 799 3717; x_wconf 87' lang='lat' dir='ltr'><strong>clauditur</strong></span> <span class='ocrx_word' id='word_1_180' title='bbox 831 3664 854 3717; x_wconf 93' lang='lat' dir='ltr'><strong>a</strong></span> <span class='ocrx_word' id='word_1_181' title='bbox 886 3642 1031 3718; x_wconf 86' lang='lat' dir='ltr'><strong>duobus</strong></span> <span class='ocrx_word' id='word_1_182' title='bbox 1065 3643 1222 3717; x_wconf 88' lang='lat' dir='ltr'><strong>brachiis</strong></span> <span class='ocrx_word' id='word_1_183' title='bbox 1254 3642 1426 3736; x_wconf 75' lang='lat' dir='ltr'><strong>flaminia,</strong></span> <span class='ocrx_word' id='word_1_184' title='bbox 1457 3641 1557 3735; x_wconf 86' lang='lat' dir='ltr'><strong>quud</strong></span> 
     </span>
     <span class='ocr_line' id='line_1_24' title="bbox 381 3762 1556 3858; baseline -0.001 -21"><span class='ocrx_word' id='word_1_185' title='bbox 381 3762 514 3837; x_wconf 89' lang='lat' dir='ltr'><strong>dicitur</strong></span> <span class='ocrx_word' id='word_1_186' title='bbox 540 3763 652 3855; x_wconf 87' lang='lat' dir='ltr'><strong>Dura,</strong></span> <span class='ocrx_word' id='word_1_187' title='bbox 673 3782 695 3835; x_wconf 94' lang='lat' dir='ltr'><strong>a</strong></span> <span class='ocrx_word' id='word_1_188' title='bbox 721 3762 827 3837; x_wconf 88' lang='lat' dir='ltr'><strong>tertia</strong></span> <span class='ocrx_word' id='word_1_189' title='bbox 853 3768 956 3858; x_wconf 87' lang='lat' dir='ltr'><strong>parte</strong></span> <span class='ocrx_word' id='word_1_190' title='bbox 981 3763 1164 3837; x_wconf 86' lang='lat' dir='ltr'><strong>clauditur</strong></span> <span class='ocrx_word' id='word_1_191' title='bbox 1185 3763 1294 3857; x_wconf 84' lang='lat' dir='ltr'><strong>Pado,</strong></span> <span class='ocrx_word' id='word_1_192' title='bbox 1312 3784 1334 3836; x_wconf 90' lang='lat' dir='ltr'><strong>a</strong></span> <span class='ocrx_word' id='word_1_193' title='bbox 1356 3770 1489 3857; x_wconf 85' lang='lat' dir='ltr'><strong>quarta</strong></span> <span class='ocrx_word' id='word_1_194' title='bbox 1507 3762 1556 3836; x_wconf 88' lang='lat' dir='ltr'><strong>ab</strong></span> 
     </span>
     <span class='ocr_line' id='line_1_25' title="bbox 382 3880 1555 3977; baseline 0 -22"><span class='ocrx_word' id='word_1_195' title='bbox 382 3880 542 3977; x_wconf 79' lang='lat' dir='ltr'><strong>Alpibus,</strong></span> <span class='ocrx_word' id='word_1_196' title='bbox 569 3888 606 3957; x_wconf 89' lang='lat' dir='ltr'><strong>et</strong></span> <span class='ocrx_word' id='word_1_197' title='bbox 632 3882 740 3957; x_wconf 86' lang='lat' dir='ltr'><strong>habet</strong></span> <span class='ocrx_word' id='word_1_198' title='bbox 765 3883 860 3957; x_wconf 88' lang='lat' dir='ltr'><strong>lorte</strong></span> <span class='ocrx_word' id='word_1_199' title='bbox 883 3882 1043 3959; x_wconf 86' lang='lat' dir='ltr'><strong>ducenta</strong></span> <span class='ocrx_word' id='word_1_200' title='bbox 1066 3884 1230 3958; x_wconf 89' lang='lat' dir='ltr'><strong>castella:</strong></span> <span class='ocrx_word' id='word_1_201' title='bbox 1252 3902 1338 3977; x_wconf 82' lang='lat' dir='ltr'><strong>quae</strong></span> <span class='ocrx_word' id='word_1_202' title='bbox 1362 3889 1417 3959; x_wconf 90' lang='lat' dir='ltr'><strong>est</strong></span> <span class='ocrx_word' id='word_1_203' title='bbox 1442 3882 1555 3959; x_wconf 88' lang='lat' dir='ltr'><strong>eliam</strong></span> 
     </span>
     <span class='ocr_line' id='line_1_26' title="bbox 384 4001 1551 4098; baseline 0.001 -22"><span class='ocrx_word' id='word_1_204' title='bbox 384 4001 489 4077; x_wconf 85' lang='lat' dir='ltr'><strong>valde</strong></span> <span class='ocrx_word' id='word_1_205' title='bbox 514 4001 656 4096; x_wconf 82' lang='lat' dir='ltr'><strong>lertilis3</strong></span> <span class='ocrx_word' id='word_1_206' title='bbox 674 4006 710 4077; x_wconf 92' lang='lat' dir='ltr'><strong>et</strong></span> <span class='ocrx_word' id='word_1_207' title='bbox 731 4001 805 4097; x_wconf 89' lang='lat' dir='ltr'><strong>ipsa</strong></span> <span class='ocrx_word' id='word_1_208' title='bbox 824 4002 988 4079; x_wconf 87' lang='lat' dir='ltr'><strong>similiter</strong></span> <span class='ocrx_word' id='word_1_209' title='bbox 1006 4005 1125 4098; x_wconf 87' lang='lat' dir='ltr'><strong>plorat</strong></span> <span class='ocrx_word' id='word_1_210' title='bbox 1143 4010 1301 4078; x_wconf 86' lang='lat' dir='ltr'><strong>mortem</strong></span> <span class='ocrx_word' id='word_1_211' title='bbox 1325 4003 1461 4078; x_wconf 90' lang='lat' dir='ltr'><strong>domini</strong></span> <span class='ocrx_word' id='word_1_212' title='bbox 1482 4003 1551 4077; x_wconf 86' lang='lat' dir='ltr'><strong>sui.</strong></span> 
     </span>
    </p>
   </div>
   <div class='ocr_carea' id='block_1_5' title="bbox 448 4251 1175 4319">
    <p class='ocr_par' dir='ltr' id='par_1_5' title="bbox 448 4251 1175 4319">
     <span class='ocr_line' id='line_1_27' title="bbox 448 4251 1175 4319; baseline -0.014 -3"><span class='ocrx_word' id='word_1_213' title='bbox 448 4251 476 4317; x_wconf 85' lang='lat' dir='ltr'><strong>l¹i</strong></span> <span class='ocrx_word' id='word_1_214' title='bbox 492 4254 523 4305; x_wconf 85' lang='lat' dir='ltr'><strong>E·</strong></span> <span class='ocrx_word' id='word_1_215' title='bbox 539 4254 691 4306; x_wconf 76' lang='lat' dir='ltr'><strong>maturum.</strong></span> <span class='ocrx_word' id='word_1_216' title='bbox 947 4254 974 4319; x_wconf 64' lang='grc' dir='ltr'><strong>ρ)</strong></span> <span class='ocrx_word' id='word_1_217' title='bbox 992 4259 1045 4317; x_wconf 80' lang='lat' dir='ltr'><strong>nr,</strong></span> <span class='ocrx_word' id='word_1_218' title='bbox 1063 4256 1175 4307; x_wconf 71' lang='lat' dir='ltr'><strong>devenir.</strong></span> 
     </span>
    </p>
   </div>
   <div class='ocr_carea' id='block_1_6' title="bbox 0 0 2279 6836">
    <p class='ocr_par' dir='ltr' id='par_1_6' title="bbox 0 0 2279 6836">
     <span class='ocr_line' id='line_1_28' title="bbox 0 0 2279 6836; baseline 0 0"><span class='ocrx_word' id='word_1_219' title='bbox 0 0 2279 6836; x_wconf 95' lang='lat' dir='ltr'><strong> </strong></span> 
     </span>
    </p>
   </div>
  </div>
 </body>
</html>
