4542 6842
688 913 760 981 236
1050 922 1254 979 connnrun
1278 924 1497 979 runnnronu

686 1069 776 1144 eius.
802 1068 847 1141 Et
871 1066 991 1162 primo
1016 1067 1165 1162 quidem
1190 1088 1258 1164 pro
1284 1067 1555 1143 continuatione
1581 1075 1683 1144 notat
1708 1068 1861 1165 disposi-

686 1192 823 1265 tionem
849 1200 976 1283 suam,
994 1188 1142 1263 dicens:
1173 1192 1229 1263 Gli
1252 1192 1348 1263 occdi
1371 1192 1450 1263 miei
1473 1192 1605 1281 yldodt
1635 1190 1739 1285 idest,
1764 1189 1860 1265 avidi

686 1308 841 1404 videndi,
868 1310 1037 1382 andavizn
1059 1330 1130 1401 pur
1156 1312 1196 1383 al
1217 1312 1314 1402 ciclo,
1332 1314 1370 1383 et
1386 1309 1600 1404 specialiter,
1620 1331 1695 1403 pur
1719 1300 1756 1384 ld
1772 1313 1860 1385 done

687 1432 718 1505 le
736 1432 830 1503 stelle
844 1451 909 1503 son
923 1425 985 1522 pirl
1003 1431 1117 1521 tarde,
1136 1428 1273 1504 scilicet
1288 1428 1334 1503 ad
1353 1431 1477 1523 polum
1498 1431 1753 1525 antarcticum,
1772 1429 1859 1524 quia

687 1551 801 1625 stellae
824 1549 922 1625 circa
948 1558 1153 1644 utrumque
1181 1551 1308 1646 polum
1337 1556 1536 1625 moventur
1561 1551 1711 1646 tardius,
1737 1558 1774 1627 et
1798 1551 1860 1626 ille

687 1671 792 1766 polus
818 1670 881 1764 qui
906 1677 961 1745 est
987 1670 1090 1744 nobis
1108 1690 1253 1765 semper
1270 1670 1447 1763 occultus,
1466 1676 1522 1745 est
1538 1668 1605 1743 illis
1630 1691 1776 1766 semper
1791 1690 1858 1767 ap-

686 1810 838 1886 parens3
865 1796 903 1865 et
927 1811 948 1865 e
972 1810 1152 1864 converso
1169 1794 1294 1864 noster
1317 1790 1423 1884 polus
1448 1790 1617 1884 arcticus,
1638 1790 1701 1883 qui
1719 1796 1775 1865 est
1791 1810 1859 1865 uo·

535 1990 539 2001 ,
686 1911 742 1985 bis
767 1929 913 2005 semper
938 1930 1130 2005 apparens,
1155 1914 1211 1984 est
1235 1909 1303 1984 illis
1328 1930 1474 2005 semper
1499 1912 1688 2006 occultns;
1714 1918 1752 1986 et
1776 1930 1860 2007 spe·

687 2032 803 2108 cilicat
830 2030 1036 2108 tarditatem
1058 2028 1262 2127 stellarum,
1280 2051 1364 2124 quae
1382 2038 1580 2106 moventur
1599 2031 1696 2106 circa
1714 2032 1853 2128 polum,

626 2184 630 2191 ·
686 2172 752 2249 per
778 2152 963 2246 propriam
987 2150 1470 2246 comparationem,dicens:
1496 2144 1527 2225 si
1550 2174 1645 2225 come
1669 2160 1775 2226 ructa
1793 2146 1859 2245 pirl

681 2292 806 2365 presso
831 2274 902 2344 allo
927 2273 1024 2362 stelo,
1042 2269 1133 2345 idest
1150 2270 1222 2365 axi,
1242 2276 1308 2365 est,
1327 2272 1464 2366 supple,
1486 2270 1647 2367 tardior;
1672 2274 1767 2348 sicut
1783 2274 1860 2350 cla·

686 2414 771 2467 rum
801 2392 1014 2485 exemplum
1040 2390 1153 2465 habes
1184 2390 1221 2464 in
1254 2391 1456 2488 horologio,
1488 2392 1575 2485 quia
1605 2391 1664 2468 ille
1695 2393 1856 2467 circulus

685 2512 749 2608 qui
775 2518 830 2586 est
855 2510 1006 2587 vicinior
1031 2510 1092 2584 axi
1118 2531 1191 2584 non
1219 2510 1364 2585 videtur
1389 2511 1494 2605 quasi
1520 2513 1661 2586 moveri
1688 2524 1858 2609 respectu

686 2633 804 2707 ultimi
830 2632 894 2727 qui
919 2632 1064 2707 videtur
1090 2631 1194 2725 quasi
1220 2630 1357 2705 volare.
1375 2632 1419 2705 Et
1437 2633 1593 2706 ostendit
1616 2634 1704 2727 quid
1729 2635 1860 2711 viderit

686 2753 746 2848 ibi,
765 2754 851 2846 quia
879 2759 953 2825 tres
978 2751 1260 2849 fulgentissimus
1278 2751 1410 2846 stellas,
1427 2751 1570 2825 dicens:
1589 2756 1646 2826 e'l
1659 2756 1750 2828 duca
1774 2759 1858 2849 mro,

687 2872 833 2966 scilicet,
846 2872 1017 2969 Virgilius
1033 2871 1160 2947 videns
1185 2892 1248 2946 me
1272 2870 1322 2946 ita
1348 2872 1573 2947 abstractum
1596 2893 1725 2948 versus
1750 2875 1852 2949 illurn

687 2994 825 3089 polum,
858 2992 1005 3087 petivit:
1037 2994 1276 3085 dalmateno
1307 2986 1401 3065 lassat
1430 2994 1597 3083 pnurde?
1627 2992 1723 3068 circa
1752 2995 1856 3069 illum

687 3115 834 3210 polum,
861 3120 894 3187 el
916 3116 951 3185 io
976 3134 1001 3186 α
1025 3116 1085 3205 lui,
1111 3113 1251 3207 supple,
1272 3112 1440 3207 respondi
1455 3136 1464 3185 :
1482 3133 1507 3185 α
1523 3116 1632 3205 puelle
1650 3122 1704 3187 tre
1719 3118 1857 3209 sacella,

685 3233 788 3328 idest,
814 3232 925 3307 stellis
950 3232 1173 3327 ardentibus,
1203 3234 1329 3305 dicte
1361 3236 1389 3306 il
1409 3236 1496 3325 polo
1528 3235 1567 3305 dt
1599 3254 1682 3329 qna,
1708 3234 1856 3330 scilicet,

684 3352 918 3447 antarcticus,
952 3359 1036 3426 tutto
1067 3359 1197 3445 poento
1231 3354 1332 3443 arde,
1369 3350 1472 3447 idest,
1507 3352 1679 3447 splendet.
1719 3354 1857 3429 Deinde

685 3474 842 3549 ostendit
868 3472 1054 3568 quomodo
1088 3471 1261 3569 Virgilius
1296 3470 1537 3547 declaraverit
1565 3472 1631 3548 sibi
1666 3481 1857 3567 permuta·

684 3594 822 3669 tionem
847 3594 1038 3667 stellarum
1064 3612 1146 3667 esse
1170 3592 1326 3686 iactam,
1344 3597 1382 3666 ct
1397 3590 1444 3665 ad
1460 3591 1730 3689 intelligendam
1749 3594 1856 3669 istam

684 3714 829 3789 literam
848 3712 1045 3788 recordare
1059 3707 1097 3806 (¹)
1114 3711 1214 3807 quod
1230 3719 1337 3808 poeta
1356 3720 1480 3786 noster
1496 3714 1638 3808 scripsit
1654 3716 1774 3809 primo
1793 3735 1857 3789 ca·

685 3834 800 3930 pitulo
819 3839 1018 3927 antequam
1038 3832 1193 3907 intraret
1208 3832 1463 3929 purgatorium
1485 3854 1526 3908 se
1546 3834 1677 3909 vidisse
1694 3842 1856 3929 quatuor

686 3944 808 4029 stellas
833 3973 907 4028 non
933 3953 1028 4028 visas
1054 3952 1119 4028 uisi
1145 3952 1244 4049 apud
1268 3952 1450 4047 antiquos,
1475 3974 1542 4049 per
1567 3976 1659 4048 quas
1684 3954 1857 4052 figuravit

686 4081 848 4169 quatuor
874 4074 1026 4147 virtutes
1052 4072 1307 4166 cardinales,a
1332 4072 1465 4167 quibus
1490 4074 1643 4148 tendens
1666 4076 1712 4150 ad
1738 4076 1857 4152 virtu·

686 4201 762 4270 tem
785 4194 896 4269 debet
913 4194 1106 4269 inchoare:
1126 4193 1223 4267 unde
1240 4192 1442 4266 introduxit
1454 4183 1492 4286 (²)
1510 4192 1559 4266 ibi
1580 4195 1755 4269 Catonem
1774 4216 1857 4271 mo·

686 4316 804 4391 ralem
830 4334 941 4407 quem
968 4313 1073 4388 dictae
1099 4313 1211 4387 stellae
1237 4312 1312 4385 suis
1343 4310 1452 4385 radiis
1485 4311 1724 4387 illustrabant.
1751 4315 1856 4390 Nunc

686 4454 776 4511 vero
802 4433 1004 4509 intraturus
1022 4453 1155 4507 verum
1173 4431 1428 4528 purgatorium
1453 4431 1556 4528 lingit
1573 4438 1647 4507 tres
1663 4433 1753 4509 alias
1769 4437 1857 4511 stel-

685 4556 738 4629 las
762 4554 967 4629 ascendisse
992 4552 1029 4626 in
1055 4553 1177 4626 locum
1204 4550 1364 4646 illarum,
1389 4550 1492 4646 idest,
1520 4559 1593 4627 tres
1623 4552 1777 4629 virtutes
1802 4554 1858 4630 di-

687 4673 801 4768 vinas,
813 4673 860 4747 ad
873 4690 1033 4767 quarum
1047 4671 1170 4746 lucem
1188 4672 1300 4745 homo
1315 4671 1425 4746 debet
1438 4672 1576 4747 intrare
1590 4673 1856 4773 poeniteutiam,

687 4800 723 4869 et
749 4794 818 4867 illae
844 4800 1004 4887 quatuor
1030 4792 1157 4888 primae
1183 4792 1459 4867 declinaverunt
1481 4793 1550 4866 sub
1569 4793 1656 4888 istis,
1674 4795 1761 4889 quia
1786 4797 1859 4872 sci-

750 5046 777 5110 (“)
793 5046 824 5097 Ε.
840 5058 855 5096 e
873 5050 926 5106 iil,
944 5047 1021 5097 debes
1037 5046 1179 5097 recordari.
1364 5046 1393 5109 (¹)
1409 5047 1440 5099 Ε.
1457 5048 1608 5101 introducit.
