4542 6842
836 1000 975 1055 esurus
999 1000 1142 1055 nnruus.
1530 987 1574 1056 31

402 1145 512 1220 babet
527 1139 562 1236 (⁴)
591 1145 758 1219 abutitur
784 1145 962 1220 libertate.
989 1144 1092 1220 Unde
1117 1145 1218 1218 Titus
1243 1144 1386 1219 Livius:
1407 1145 1492 1220 llaec
1512 1166 1581 1220 na·

402 1273 485 1354 tura
513 1265 752 1340 multitudinis
778 1271 844 1358 est,
871 1273 936 1338 aut
962 1265 1152 1339 humiliter
1178 1265 1302 1361 servii,
1327 1273 1394 1340 aut
1422 1266 1581 1362 superbe

401 1384 636 1481 dominatur3
662 1386 868 1460 libertatem
895 1391 1021 1459 autem
1047 1407 1131 1479 quae
1158 1385 1280 1459 media
1309 1393 1376 1480 est,
1402 1406 1525 1480 neque
1540 1379 1577 1479 ff)

403 1527 578 1601 spernere
592 1513 806 1602 temperate,
826 1527 893 1580 nec
910 1506 1048 1580 babere
1065 1506 1196 1580 sciunt.
1216 1507 1311 1581 Vera
1329 1512 1454 1581 tamen
1466 1509 1579 1583 liber·

401 1635 460 1712 ,tas
485 1634 539 1703 est
565 1628 713 1702 libertas
738 1627 863 1722 animi,
881 1621 944 1720 qui
970 1633 1025 1700 est
1050 1625 1189 1700 libera
1215 1626 1320 1720 vitiis,
1339 1632 1377 1700 et
1396 1629 1492 1702 banc
1511 1629 1578 1703 sibi

405 1748 563 1842 quisque
587 1755 705 1844 potest
729 1748 819 1822 dare
845 1754 1189 1841 quantumcumque
1207 1746 1305 1819 sitin
1322 1747 1502 1822 servitute
1521 1750 1578 1823 vel

405 1867 612 1963 captivitate
637 1868 789 1942 alterius
814 1867 963 1978 positus,
981 1873 1018 1941 et
1040 1868 1134 1940 banc
1153 1867 1275 1939 nullus
1292 1871 1411 1960 potest
1436 1868 1580 1963 eripere

405 1988 562 2062 babenti.
594 1989 695 2062 Hanc
725 2007 798 2061 non
828 1986 960 2081 eripuit
990 1986 1185 2082 Dionysius
1219 1992 1397 2082 tyrannus
1428 1987 1580 2083 sapienti

405 2107 555 2182 Platoni.
574 2108 675 2181 Hanc
701 2107 906 2181 libertatem
926 2108 1116 2200 querebat
1133 2105 1191 2181 bic
1211 2106 1338 2180 nobilis
1360 2108 1582 2201 [1331311311-

405 2232 471 2301 tes.
497 2228 541 2300 Et
568 2233 608 2301 ut
633 2227 705 2301 cito
731 2226 875 2300 veniam
901 2227 947 2301 ad
974 2227 1213 2321 propositum,
1240 2225 1410 2322 Virgilius
1436 2228 1582 2303 videtur

405 2347 456 2421 sic
482 2366 660 2444 arguere:
680 2347 710 2419 si
727 2348 816 2420 Cato
835 2346 1069 2440 philosophus
1087 2366 1252 2442 paganus
1270 2348 1439 2421 toleravit
1456 2349 1581 2424 omnia

404 2466 637 2540 incommoda
658 2465 867 2540 discrimina
881 2457 917 2558 (³)
937 2466 1103 2558 adversa,
1124 2473 1162 2540 et
1179 2467 1290 2540 etiam
1308 2475 1437 2562 sponte
1454 2488 1495 2543 se
1510 2489 1576 2542 oc-

406 2587 492 2662 cidit
525 2609 593 2683 pro
626 2587 795 2661 libertate
828 2586 1018 2681 temporali
1049 2585 1286 2680 defendenda,
1321 2589 1418 2683 quia,
1457 2595 1496 2663 ut
1529 2589 1582 2663 ait

405 2708 584 2801 ValeriuS,
612 2726 733 2801 neque
759 2706 906 2781 libertas
925 2705 1014 2780 vixit
1031 2711 1112 2801 post
1129 2708 1319 2801 Catonem,
1337 2716 1476 2802 quanto
1498 2729 1579 2784 me·

406 2827 477 2900 lius
502 2835 610 2923 poeta
636 2827 854 2901 christianus
881 2847 947 2922 pro
972 2827 1197 2921 acquirenda
1228 2827 1395 2903 libertate
1427 2837 1580 2924 aeterna,

406 2947 516 3022 debet
533 2949 608 3022 alto
625 2948 750 3022 animo
777 2947 935 3022 tolerare
953 2967 1082 3022 omnes
1100 2948 1256 3042 labores,
1275 2955 1312 3024 et
1328 2970 1470 3044 aspera,
1489 2956 1526 3026 et
1552 2952 1581 3025 si

407 3069 576 3164 expediat
601 3077 772 3162 mortem,
801 3076 840 3142 ut
865 3068 957 3142 liber
983 3069 1113 3144 evadat
1146 3089 1168 3143 a
1200 3070 1378 3146 servitute
1408 3072 1581 3165 bostium,

407 3189 543 3263 scilicet
568 3188 753 3284 vitiorum,
772 3210 856 3284 quae
882 3195 957 3262 tam
984 3188 1045 3262 diu
1068 3189 1289 3263 obsederant
1306 3189 1581 3265 illam'nobilem

407 3309 568 3383 animam
604 3308 641 3381 in
675 3329 825 3383 carcere
855 3309 1048 3402 corporis?
1081 3310 1186 3382 Nunc
1219 3309 1265 3383 ad
1301 3310 1468 3384 literam:
1497 3311 1583 3385 dicit

407 3430 579 3528 Virgilius
604 3430 731 3504 Catoni
756 3429 802 3503 de
827 3429 967 3504 Dante:
995 3421 1133 3502 Libertd
1158 3452 1205 3503 oa
1234 3434 1408 3504 recondo
1442 3429 1526 3506 ot'e'
1553 3425 1584 3504 si

407 3572 511 3642 cara,
544 3572 655 3645 quam
690 3550 839 3644 quidam
872 3549 1041 3646 gloriosae
1076 3551 1205 3625 mortis
1239 3551 1367 3646 praetio
1399 3559 1583 3646 emerunt,

408 3671 502 3745 sicut
527 3670 651 3744 scribit
676 3669 902 3765 Augustinus
918 3657 954 3762 (⁸)
982 3669 1027 3744 de
1045 3670 1199 3746 Ciuitate
1215 3672 1281 3746 liei
1298 3671 1345 3746 de
1361 3671 1583 3747 Theobrotto

408 3790 636 3886 philosopho,
675 3790 738 3883 qui
774 3790 868 3863 lecto
905 3789 999 3863 libro
1038 3790 1196 3864 Platonis
1229 3791 1275 3866 de
1309 3792 1584 3869 immortalitate

409 3911 543 3985 animae
569 3909 806 4006 praecipitavit
831 3930 871 3985 se
895 3909 942 3984 de
965 3911 1040 3984 alto
1067 3931 1188 4006 muro,
1208 3917 1248 3985 ut
1272 3913 1318 3987 ad
1343 3912 1454 3988 vitam
1474 3920 1584 3988 aeter-

411 4052 495 4104 nam
524 4052 568 4106 ex
597 4033 665 4104 bac
692 4030 765 4104 vita
792 4029 936 4104 mortali
963 4029 1120 4105 miseriae
1145 4031 1433 4128 transmigraret.
1458 4033 1583 4108 Simile

412 4151 496 4226 lecit
520 4151 630 4246 Cato;
657 4150 755 4225 unde
786 4150 934 4225 adducit
963 4150 1082 4245 ipsum
1117 4151 1155 4224 in
1185 4152 1409 4247 exemplum,
1435 4152 1582 4228 dicens:

411 4292 505 4344 conae
527 4275 569 4366 [a
593 4274 648 4344 oli
666 4293 735 4364 per
759 4273 802 4344 lei
828 4273 898 4343 otta
927 4273 1058 4362 riliuta,
1085 4271 1180 4344 sieut
1209 4278 1249 4346 tu
1280 4273 1369 4346 Cato
1394 4272 1519 4347 iecisti.
1534 4315 1583 4326 —

417 4397 466 4465 Tu
487 4395 516 4465 il
536 4395 602 4464 sai.
635 4392 699 4466 llic
724 4391 896 4488 Virgilius
927 4397 1197 4484 consequenter
1227 4393 1341 4488 tangit
1370 4413 1522 4468 causam
1547 4399 1585 4468 et

411 4532 530 4609 genus
544 4513 672 4587 mortis
690 4511 853 4605 Catonis3
874 4518 911 4585 et
930 4510 976 4584 ad
989 4510 1100 4584 huius
1117 4510 1232 4586 literae
1249 4511 1450 4586 claritatem
1465 4513 1585 4608 primo

411 4639 467 4706 est
491 4631 681 4707 sciendum
701 4638 777 4707 tam
797 4632 933 4706 utiliter
951 4652 1064 4726 quam
1082 4631 1354 4727 delectabiliter,
1373 4633 1472 4727 quod
1492 4633 1586 4709 sicut

411 4751 534 4826 scribit
560 4751 676 4826 lulius
701 4751 828 4827 Celsus
854 4751 975 4825 socius
1001 4749 1084 4824 lulli
1109 4751 1272 4846 Caesaris,
1294 4752 1358 4846 qui
1380 4753 1493 4827 rebus
1510 4754 1586 4828 istis

474 4978 502 5042 (¹)
518 4979 549 5030 E.
566 4979 643 5030 babet
659 4980 805 5032 libertatem
821 4981 936 5032 abutitur
952 4993 991 5031 aa.
1007 4980 1090 5031 Unde.

474 5055 502 5117 (¹)
518 5055 549 5104 Ε.
565 5067 613 5104 neo
629 5068 752 5119 spernere
769 5055 878 5117 modice,
895 5068 944 5106 nec
960 5055 1056 5105 bebere
1073 5055 1129 5106 solt.
1145 5057 1223 5108 Vera.

476 5129 503 5192 (⁸)
519 5131 550 5182 Ε.
567 5137 594 5181 et
609 5132 765 5183 discrimina.
953 5131 981 5196 (⁸)
997 5131 1028 5182 lt.
1045 5131 1209 5196 Augustinus
1224 5134 1310 5196 pulmo
1326 5131 1490 5183 decivitate.
