4542 6842
831 978 1124 1049 nrnrus'nonus.
1489 980 1561 1047 w

388 1140 538 1229 nquam
573 1141 759 1229 appareat,
786 1138 844 1209 del
869 1157 933 1213 suo
958 1139 1055 1211 dolce
1086 1139 1214 1228 undo,
1240 1136 1377 1212 scilicet
1400 1136 1559 1211 Tironis:

389 1260 427 1331 et
450 1254 576 1329 dicunt
600 1254 712 1349 aliqui
739 1256 839 1349 quod
854 1256 958 1331 Titon
983 1256 1130 1353 proprie
1146 1256 1278 1331 dicitur
1298 1278 1411 1352 vapor
1436 1258 1561 1333 elero-

389 1380 449 1449 tus
474 1380 511 1448 et
535 1394 697 1470 grossus,
723 1375 810 1469 quia
824 1368 861 1468 (¹)
889 1375 1055 1451 elevatur
1085 1396 1110 1451 a
1144 1382 1243 1452 terra
1275 1384 1313 1451 et
1345 1383 1417 1451 stet
1447 1396 1562 1472 prope

389 1500 553 1587 ierram;
579 1500 616 1569 et
641 1493 810 1569 describit
836 1494 981 1591 signum
999 1515 1085 1569 cunr
1104 1516 1180 1589 quo
1199 1496 1405 1590 oriebatur,
1418 1496 1561 1571 dicens:

390 1616 430 1689 lo
443 1618 658 1709 mosmale,
684 1614 779 1689 illius
803 1616 940 1710 pulcrae
962 1616 1103 1710 amnae,
1130 1636 1195 1689 ero
1214 1619 1342 1690 lucente
1358 1620 1397 1691 di
1414 1638 1562 1709 yemme,

307 1735 311 1745 “
390 1735 493 1830 idest,
519 1734 790 1830 splendentibus
806 1734 928 1831 stellis,
952 1743 1050 1828 poste
1065 1738 1102 1808 in
1117 1738 1251 1828 fipwa,
1269 1734 1371 1830 idest,
1396 1736 1433 1809 in
1458 1736 1562 1832 signo

267 1888 270 1894 ·
391 1854 491 1949 quod
515 1854 625 1933 habet
658 1861 829 1929 naturam
856 1861 892 1931 et
924 1854 1082 1951 figuram
1108 1854 1331 1950 scorpionis3
1356 1854 1438 1930 ideo
1466 1854 1563 1949 dicit,

391 1978 449 2051 del
472 1978 601 2069 [reddo
630 1978 793 2066 animale
821 1975 955 2051 scilicet
976 1966 1012 2067 (¹)
1053 1974 1230 2071 serpentis
1263 1975 1473 2071 scorpionis,
1503 1977 1564 2048 cde

317 2134 328 2147 -
391 2117 458 2171 con
474 2099 510 2169 lo
527 2098 617 2169 eodo
627 2103 791 2188 pereunte
816 2100 852 2170 lo
875 2103 985 2188 pente.
1010 2097 1057 2171 nt
1081 2096 1139 2171 hic
1164 2102 1250 2171 notu
1271 2097 1370 2190 quod
1395 2096 1491 2171 istud
1515 2096 1564 2170 si-

389 2238 506 2314 gnum
532 2216 731 2311 scorpionis
756 2236 829 2291 non
853 2217 917 2291 dat
942 2217 1079 2291 homini
1111 2216 1231 2291 minus
1261 2216 1409 2314 nigrum
1435 2224 1473 2291 et
1497 2236 1565 2321 pe·-¹

390 2335 557 2413 siiierum
584 2356 781 2430 venenum,
800 2358 913 2431 quern
938 2338 1082 2434 scorpio
1106 2338 1243 2413 animal
1260 2337 1444 2433 frigidum.
1463 2336 1563 2412 Scri-

389 2455 443 2531 hit
459 2456 556 2533 enim
574 2455 693 2531 Guido
705 2456 848 2531 Bonatti
870 2456 1109 2533 foroliviensis
1126 2478 1285 2553 mugnus
1299 2458 1507 2553 astrologus
1522 2446 1561 2547 (ἣ

390 2598 432 2653 se
457 2576 590 2653 vidisse
615 2576 652 2651 in
677 2577 811 2653 Arabio
832 2599 947 2652 unum
968 2578 1207 2653 astrolabium
1228 2576 1402 2653 mirabilis
1419 2577 1564 2673 magni-

389 2696 536 2790 tudinis,
553 2695 590 2770 in
608 2704 809 2790 quoerant
828 2696 986 2795 figurate
1013 2697 1136 2771 omnin
1162 2697 1265 2794 signe
1289 2697 1437 2792 zodiaci,
1463 2704 1501 2771 et
1525 2696 1562 2769 in

386 2786 495 2912 suno
511 2816 710 2911 scorpionis
737 2823 816 2891 erat
842 2816 1022 2913 figuratus
1040 2838 1138 2891 unus
1153 2818 1305 2912 aethiops
1324 2825 1451 2891 tenens
1468 2826 1562 2893 ster·

391 2956 458 3011 eus
474 2935 521 3011 ed
538 2956 682 3029 nasum,
699 2935 746 3010 ed
764 2935 995 3011 indicandum
1014 2936 1111 3031 quod
1129 2936 1205 3011 nan
1222 2938 1443 3013 ascendente
1459 2956 1561 3010 scor-

391 3056 499 3152 pione
523 3054 751 3129 delectentur
776 3055 902 3131 fodere
927 3056 963 3129 in
988 3056 1213 3131 stercoribus
1233 3064 1271 3132 et
1288 3058 1399 3133 rebus
1418 3055 1561 3150 ioetidis,

391 3178 519 3271 quales
545 3175 680 3253 mulos
704 3196 801 3271 saepe
827 3176 1004 3251 videmus.
1031 3178 1074 3251 Ει
1100 3176 1282 3271 specificat
1307 3179 1436 3253 horam
1465 3185 1560 3251 tern-

391 3296 501 3393 poris,
526 3295 671 3371 dicens:
698 3318 717 3370 e
741 3300 777 3369 ln
802 3304 906 3387 noue,
931 3296 1068 3372 scilieet
1084 3297 1215 3391 primo,
1230 3300 1402 3391 deposci,
1420 3318 1488 3370 con
1504 3298 1564 3370 ede

390 3420 477 3508 soie,
503 3417 660 3512 appellat
684 3418 794 3492 hores
812 3438 958 3513 possus,
984 3418 1118 3511 quibus
1149 3439 1220 3491 nox
1248 3417 1381 3493 incedit
1405 3418 1500 3492 sicut
1524 3424 1563 3492 et

290 3612 292 3615 ,
390 3536 478 3630 dies,
504 3543 542 3611 et
566 3543 655 3611 tunc
680 3536 780 3611 ibent
805 3536 954 3633 poribus
979 3536 1156 3633 passibus,
1178 3537 1265 3631 quin
1290 3544 1370 3612 erat
1394 3538 1562 3632 nequino·

391 3656 517 3749 etium,
540 3659 620 3751 saed
648 3677 738 3729 acea
770 3659 843 3748 dui,
874 3656 1008 3731 scilicet
1039 3677 1167 3752 passure
1202 3656 1308 3750 quasi
1335 3656 1452 3732 dicet:
1482 3658 1560 3753 jam

390 3778 529 3853 iecerat
563 3776 654 3851 dues
689 3778 816 3871 horas3
842 3779 908 3850 e’l
930 3784 1042 3868 terzo,
1064 3776 1202 3852 scilieet
1233 3798 1374 3873 pessus,
1404 3767 1466 3869 oid
1491 3780 1562 3851 ciri·

391 3918 488 3971 nuoo
512 3900 550 3969 in
573 3898 674 3987 pinso
699 3900 802 3989 iaie,
828 3897 915 3991 quie
940 3903 1085 3993 tempus
1111 3919 1185 3973 non
1210 3899 1337 3973 solum
1358 3899 1474 3973 currit
1499 3898 1561 3974 sed

392 4019 502 4111 uolat,
528 4017 634 4111 quusi
659 4018 776 4091 dicut:
804 4023 841 4093 et
866 4018 973 4093 tertie
999 4018 1088 4092 hore
1116 4018 1231 4093 noctis
1244 4018 1324 4114 jam
1346 4018 1563 4114 finiebatur3

393 4158 479 4214 nem
506 4136 800 4231 praeascendente
825 4136 931 4231 libre,
959 4156 1044 4231 quoe
1076 4139 1245 4233 apparuit
1276 4138 1323 4212 ibi
1356 4138 1393 4212 in
1427 4139 1562 4235 princi

394 4257 456 4353 pio
487 4256 612 4351 noctis,
639 4258 865 4351 sequebatur
889 4256 1032 4353 scorpio
1066 4257 1276 4334 immediate
1301 4278 1387 4333 curn
1412 4280 1563 4355 aurora,

393 4381 452 4451 nel
469 4380 545 4451 loco
564 4398 628 4451 one
651 4400 841 4473 navemn·
867 4378 969 4471 idest,
995 4377 1032 4451 in
1058 4378 1118 4453 iilo
1146 4378 1362 4473 hemisperio
1388 4378 1563 4475 inferiori,

394 4500 524 4591 quand
535 4498 584 4587 io,
611 4498 675 4593 qui
699 4501 798 4573 solus
823 4518 925 4575 eram
953 4498 1070 4593 vivus,
1094 4501 1154 4573 cire
1178 4521 1274 4573 meco
1298 4521 1388 4573 aveo
1416 4503 1454 4574 di
1486 4506 1566 4593 puel

393 4620 581 4708 d'ndnmo,
611 4616 758 4713 scilicet,
783 4639 933 4694 curnem
965 4624 1005 4692 ot
1031 4638 1179 4715 corpus,
1204 4623 1298 4693 oddo
1339 4622 1404 4693 dol
1436 4642 1563 4715 sonno,

392 4739 575 4834 sineque
610 4746 743 4815 nature
774 4743 936 4815 humana
952 4728 988 4833 (⁴)
1023 4740 1151 4815 vivere
1182 4760 1254 4813 non
1292 4746 1423 4839 potest,
1453 4744 1492 4814 ie
1523 4763 1566 4817 su

393 4860 514 4933 ierim
537 4862 703 4952 incisioni,
729 4860 831 4955 idest,
853 4860 956 4955 posui
975 4880 1037 4935 me
1053 4859 1098 4935 ad
1113 4860 1311 4955 jacendum
1329 4881 1440 4935 causa
1458 4862 1564 4954 quie-

455 5047 482 5109 (¹)
500 5053 545 5099 ¹1⁷
561 5062 576 5101 e
592 5049 623 5098 E.
639 5050 683 5113 qui
700 5049 825 5099 elevatur.
1080 5047 1107 5111 (¹)
1124 5049 1154 5099 E.
1170 5049 1271 5101 scilieet
1284 5050 1433 5113 concionis.

456 5123 483 5189 (¹)
500 5128 554 5185 ¹1⁷,
572 5125 741 5189 philosophus
755 5131 781 5177 ei
797 5125 953 5189 carolenum
1083 5124 1110 5189 (⁸)
1126 5125 1158 5177 E.
1174 5126 1286 5177 mmm
1302 5125 1347 5176 dio
1363 5126 1458 5177 virere.
