4542 6842
700 948 771 1017 336
1061 954 1265 1009 commun
1289 954 1509 1009 reuersurus

697 1123 794 1177 come
821 1106 835 1177 i
864 1102 953 1193 fipli,
987 1099 1051 1193 qul
1084 1099 1236 1173 luerunt
1265 1099 1350 1193 duo,
1380 1098 1529 1193 scillcet,
1561 1100 1804 1175 Adramelecb
1836 1104 1873 1173 et

698 1224 881 1316 Sarrasar,
907 1224 1097 1313 optumo,
1115 1241 1203 1295 cum
1225 1221 1377 1316 impetu,
1401 1240 1512 1313 sopra
1536 1222 1783 1312 Sennacherib,
1809 1240 1873 1315 pa·

699 1351 794 1418 trem
821 1363 945 1436 suum,
969 1345 1094 1415 dentre
1118 1344 1183 1415 dol
1204 1344 1353 1435 tcmpio;
1379 1342 1449 1415 boc
1474 1341 1542 1415 luit
1558 1342 1595 1416 in
1622 1343 1762 1417 lamosa
1783 1341 1872 1417 civi-

700 1470 773 1537 tate
798 1462 926 1537 Ninive
951 1462 988 1535 ln
1014 1461 1152 1557 templo
1176 1461 1242 1535 Dei
1267 1460 1337 1555 sui,
1370 1460 1434 1555 qui
1464 1460 1657 1536 dicebatur
1681 1463 1873 1555 Nasaretb,

697 1604 836 1657 ecorne
860 1590 974 1657 morto
998 1586 1048 1656 lui
1076 1585 1170 1674 putat
1193 1584 1371 1677 lusobr0,·
1396 1588 1433 1657 ot
1458 1582 1634 1679 fugerunt
1665 1583 1702 1656 in
1731 1590 1870 1658 terram

699 1706 823 1779 brath.
849 1706 894 1779 Et
919 1703 970 1779 sic
995 1702 1078 1777 vide
1094 1702 1281 1797 quomodo
1299 1703 1353 1776 ira
1372 1702 1437 1777 Dei
1454 1702 1661 1777 fulminavit
1679 1705 1791 1778 istum
1808 1724 1873 1777 su-

698 1826 855 1922 perbum
884 1825 1139 1919 blasphemum
1165 1823 1295 1898 lortius
1320 1844 1434 1917 quam
1460 1822 1686 1917 Capaneum,
1707 1831 1745 1900 et
1771 1825 1873 1898 exal·

699 1945 790 2020 tavit
815 1944 992 2019 humilem
1019 1942 1226 2037 Ezechiam,
1251 1942 1298 2017 de
1323 1963 1398 2037 quo
1422 1942 1565 2017 dicetur
1592 1943 1735 2038 plenius
1760 1944 1874 2018 Para·

698 2064 764 2139 disi
797 2062 956 2159 capitulo
989 2063 1066 2135 llll.
1085 2102 1134 2115 —
1154 2068 1347 2135 Mostrovo.
1377 2062 1443 2137 llic
1474 2069 1581 2157 poeta
1614 2063 1731 2159 tangit
1759 2063 1872 2137 alium

698 2191 823 2277 actum
842 2184 925 2257 altae
941 2182 1123 2278 superbiae
1137 2193 1175 2259 et
1189 2182 1433 2257 miserabilem
1452 2182 1638 2258 ellectum.
1653 2183 1707 2257 lld
1724 2183 1821 2277 quod
1835 2177 1872 2273 (¹)

699 2304 900 2398 sciendum,
925 2304 1024 2398 quod
1050 2302 1168 2400 Cyrus
1185 2304 1233 2377 ab
1251 2302 1398 2378 inlantia
1417 2303 1528 2399 impie
1548 2304 1736 2399 expositus
1761 2324 1874 2398 opera

699 2425 758 2501 avi
784 2425 841 2498 sui
868 2424 1033 2520 Astiagis,
1052 2423 1110 2519 pie
1130 2425 1287 2497 lactatus
1310 2444 1334 2497 a
1359 2442 1462 2515 cane,
1487 2423 1604 2497 victor
1628 2424 1688 2497 nvi
1713 2422 1873 2499 materni

700 2546 817 2619 lactus
850 2544 1122 2640 potentissimus
1152 2563 1218 2616 rex
1253 2562 1460 2638 persarum,
1485 2542 1569 2617 Asia
1599 2543 1806 2640 subiugata,
1837 2549 1875 2617 et

700 2666 875 2741 universo
896 2664 1038 2740 oriente
1058 2664 1095 2737 ln
1112 2670 1328 2759 potestatem
1347 2684 1453 2737 suam
1470 2662 1637 2755 redacto,
1656 2662 1778 2736 iutulit
1794 2663 1874 2739 bel·

702 2786 780 2859 lum
806 2784 952 2880 scytbiS,
970 2804 1130 2877 quorum
1155 2782 1281 2879 regina
1298 2782 1478 2857 Tbamiris
1495 2782 1593 2856 misit
1609 2782 1724 2855 filium
1738 2783 1875 2878 juven-

702 2906 829 2980 culum
847 2910 975 2978 contra
993 2902 1133 2998 ipsum3
1152 2924 1227 2996 quo
1243 2902 1424 2977 debellato
1437 2909 1475 2977 et
1486 2902 1620 2996 occiso,
1637 2902 1765 2998 regina
1774 2902 1873 2998 justa

701 3025 757 3101 ira
783 3024 945 3099 fremens
970 3044 1082 3119 super
1113 3031 1272 3097 mortem
1305 3022 1480 3119 unigeniti
1511 3022 1573 3097 filii
1607 3023 1677 3116 sui,
1707 3023 1873 3097 dolorem

633 3226 635 3229 ,
700 3145 867 3221 orbitatis
892 3166 965 3220 non
990 3144 1118 3220 effudit
1143 3145 1181 3217 in
1206 3146 1399 3242 lacrymas,
1424 3145 1490 3219 sed
1518 3144 1690 3219 solatium
1715 3145 1872 3220 ultiouis

701 3266 798 3361 llrgo
823 3266 945 3339 hostes
973 3265 1108 3339 recenti
1135 3264 1286 3339 victoria
1305 3266 1512 3341 exultantes
1535 3265 1779 3341 circumvenit
1795 3264 1875 3360 pari

701 3386 848 3480 iraudo;
874 3406 961 3459 nam
988 3386 1197 3479 compositis
1227 3385 1361 3460 insidiis
1390 3384 1427 3459 iu
1460 3386 1646 3460 montibus
1679 3386 1875 3462 trucidavit

699 3505 857 3581 ducenta
884 3505 996 3579 millia
1020 3524 1214 3600 persarum
1241 3525 1327 3579 cum
1355 3506 1432 3599 ipso
1459 3526 1559 3602 rege,
1584 3513 1621 3581 et
1650 3514 1761 3602 caput
1790 3506 1874 3603 Cyri

701 3632 913 3701 truncatum
940 3647 962 3700 a
988 3645 1147 3720 corpore
1172 3625 1358 3700 mandavit
1383 3626 1553 3722 immergi
1579 3624 1616 3699 in
1644 3634 1765 3702 utrem
1792 3648 1876 3701 san·

699 3746 814 3843 guine
837 3748 986 3842 plenum
1013 3768 1099 3821 cum
1127 3746 1195 3821 ista
1213 3746 1516 3841 exprobratione:
1541 3752 1682 3822 Saliare
1705 3754 1877 3840 sanquine

701 3884 800 3959 quem
831 3869 942 3958 obsti,
977 3875 1010 3940 et
1044 3869 1146 3941 cuius.
1171 3868 1378 3941 bumiobilb
1415 3887 1552 3959 semper
1584 3871 1684 3970 suisti
1696 3895 1712 3961 ;
1748 3875 1786 3943 et
1824 3868 1875 3942 sic

700 3985 910 4081 superbiam
945 3987 1113 4061 omnium
1145 3986 1331 4061 victricem
1363 4006 1496 4061 mauus
1528 3987 1701 4063 loeminea
1727 3988 1814 4063 vicit
1838 3994 1875 4063 et

701 4106 819 4202 fregit.
845 4106 899 4180 lld
924 4106 1068 4181 literam
1094 4127 1206 4203 ergo;
1231 4106 1317 4181 dicit
1343 4112 1473 4201 poetam
1506 4107 1594 4182 illud
1621 4108 1873 4202 pavimentum

700 4225 852 4321 durum,
877 4234 1071 4319 mostrovo,
1097 4228 1234 4302 scilicet
1257 4227 1306 4301 ibi
1338 4225 1554 4323 figuratum,
1585 4231 1622 4301 lo
1649 4231 1770 4320 ruina,
1804 4228 1875 4303 sci-

701 4345 795 4440 licet,
822 4354 984 4443 stragem
1012 4356 1049 4423 et
1074 4348 1212 4423 caedem
1243 4368 1416 4444 magnam
1446 4349 1644 4443 exercitus,
1676 4352 1737 4422 e'l
1764 4352 1876 4424 crudo

701 4470 863 4560 coempto,
889 4468 991 4562 idest,
1016 4477 1055 4543 et
1079 4468 1290 4563 exemplum
1317 4468 1467 4543 crudele
1493 4490 1565 4543 non
1600 4469 1787 4564 imitabile,
1816 4472 1876 4543 cle

698 4590 735 4681 se
773 4590 918 4679 Tombi,
958 4588 1085 4685 regina
1124 4594 1363 4683 tartarorum,
1405 4592 1549 4680 prande
1587 4592 1679 4663 disse
1715 4610 1740 4661 a
1781 4592 1876 4681 ciro,

701 4708 963 4801 superbissimo
990 4708 1068 4805 regi
1095 4728 1310 4804 persarum:
1334 4730 1470 4800 conpare
1486 4712 1599 4799 ubst,
1619 4709 1722 4803 idest,
1744 4708 1876 4784 babui-

701 4826 746 4900 sti
784 4826 881 4901 sitim
919 4835 957 4903 et
985 4828 1186 4924 appetitum
1218 4829 1370 4903 humani
1399 4829 1588 4926 sanguinis
1617 4828 1801 4905 alludeudi
1815 4820 1874 4922 (Ἲς

765 5084 792 5149 l')
809 5085 839 5136 E.
855 5086 898 5135 Ad
915 5087 984 5151 quod
1001 5089 1073 5148 selas,
1090 5090 1170 5153 quod.
1373 5089 1400 5150 (Ἴ
1415 5088 1441 5141 S.
1457 5089 1613 5143 effundendi.
