4542 6842
715 924 786 991 ffl
1044 950 1048 960 ·
1073 930 1278 989 COHENRJH
1301 926 1521 989 PUlle'fflllll

714 1308 878 1379 ennius
900 1308 1091 1381 DECIMUS
1113 1306 1319 1393 OCTAVUS
1342 1314 1380 1379 tn
1397 1323 1462 1396 otto
1482 1317 1601 1378 nocta
1619 1312 1717 1377 mrum
1739 1311 1887 1395 utiquo*

789 1404 1888 1507 mbmdeammmmoucdectaratnpouattqmmtm

791 1536 978 1603 temneat
999 1538 1134 1619 opium
1162 1536 1335 1605 αωὲὥίωω
1357 1537 1419 1607 oab
1446 1536 1539 1602 titulo
1567 1536 1731 1603 metuam
1763 1536 1889 1607 atoma

791 1647 1740 1729 veroueocisetaliorrmmuttmumotdemodom
1830 1647 1889 1731 “,.

788 1932 949 2105 Reno
972 2051 1063 2107 uveu
1084 2028 1155 2126 λικε
1177 2037 1220 2107 ut
1238 2050 1315 2107 ouo
1339 2035 1538 2129 Postquam
1563 2034 1600 2107 ln
1626 2033 1806 2129 superiori
1823 2048 1889 2109 en*

713 2150 828 2247 pitulo
854 2159 960 2248 poeta
985 2152 1250 2227 demonstravit
1280 2154 1439 2248 qualiter
1471 2154 1597 2228 omnia
1631 2153 1717 2227 vitia
1750 2153 1888 2228 babent

714 2272 894 2369 originem
920 2274 967 2347 ab
989 2290 1130 2367 amore,
1148 2284 1248 2348 nunc
1272 2273 1310 2347 in
1335 2273 1406 2347 islo
1429 2266 1590 2368 capitulo
1600 2274 1712 2347 -XVlll
1738 2269 1889 2347 inletidlt

713 2406 877 2489 purgare
903 2385 1033 2468 vitium
1059 2392 1206 2468 accidiae
1231 2394 1330 2487 quod
1355 2392 1476 2469 oritur
1499 2394 1547 2469 ab
1572 2410 1703 2469 amore
1735 2390 1888 2469 remisso

714 2515 792 2591 veri
818 2514 915 2589 boni.
942 2514 987 2588 Et
1011 2530 1172 2609 praesens
1186 2516 1390 2609 capitulum
1415 2522 1473 2589 est
1497 2514 1706 2590 distinctum
1725 2516 1761 2589 in
1779 2515 1889 2609 quin-

715 2655 790 2729 que
818 2642 940 2730 partes
964 2634 1167 2732 generales.
1195 2636 1235 2707 ln
1261 2634 1380 2729 prima
1405 2655 1565 2730 quarum
1591 2643 1700 2731 pocta
1719 2635 1805 2710 iacit
1819 2633 1889 2708 dil·

714 2754 915 2829 finitionem
941 2754 1089 2829 amon‘s.
1108 2754 1150 2828 ln
1168 2754 1330 2829 emunda
1348 2762 1473 2829 moret
1490 2776 1605 2830 unam
1621 2756 1886 2831 dubitationem

715 2896 800 2970 quae
824 2876 987 2950 nascitur
1012 2896 1059 2951 ex
1091 2876 1150 2950 illa
1181 2875 1395 2951 diffinitione
1406 2869 1457 2969 (¹),
1490 2876 1558 2951 ibi:
1593 2877 1640 2949 Le
1670 2884 1724 2950 tue
1750 2878 1886 2970 porob.

714 2994 756 3068 ln
782 2996 887 3069 tertia
917 2994 1087 3069 describit
1120 2995 1156 3068 in
1188 2995 1351 3091 generali
1377 3016 1524 3091 poenam
1557 3003 1596 3071 et
1626 2997 1883 3093 purgationem

715 3113 994 3208 accidiosorum,
1019 3113 1088 3187 ibi:
1117 3119 1168 3187 La
1193 3117 1288 3187 tunc.
1315 3115 1355 3187 ln
1382 3122 1514 3209 quarta
1546 3116 1742 3190 introducit
1766 3136 1885 3189 unum

715 3233 882 3328 spiritum
910 3233 1130 3307 modernum
1157 3234 1194 3307 in
1219 3233 1365 3329 speciali
1382 3235 1447 3327 qui
1466 3235 1645 3311 laboravit
1667 3236 1799 3311 morbo
1825 3257 1888 3311 ac-

714 3352 828 3447 cidiae,
854 3352 923 3426 ibi:
956 3357 1118 3444 egente.
1146 3354 1186 3426 ln
1211 3353 1338 3447 quinta
1363 3354 1556 3430 et‘ultima
1577 3355 1684 3430 docet
1703 3357 1888 3451 erpellere

714 3472 845 3548 vitium
871 3472 1030 3567 accidiae,
1057 3473 1126 3547 ibi:
1153 3478 1186 3546 Ε
1208 3476 1295 3565 quet
1319 3473 1373 3548 ud
1398 3473 1560 3568 primum
1578 3494 1669 3571 ergo
1689 3474 1771 3550 dico
1788 3476 1885 3569 quod

715 3600 822 3689 poeta
848 3594 936 3688 petit
956 3614 978 3667 a
996 3593 1146 3690 Virgilio
1162 3592 1416 3668 diffinitionem
1432 3594 1589 3688 amoris3
1607 3602 1646 3669 et
1662 3596 1782 3690 primo
1798 3615 1887 3670 uon-

713 3715 862 3787 linuans
886 3713 982 3789 dicta
1007 3714 1178 3808 dicendis,
1203 3712 1289 3789 dicit
1304 3705 1361 3806 (ἧς
1389 3717 1512 3789 L’utto
1537 3718 1686 3807 dottore,
1705 3715 1798 3791 idest
1823 3736 1889 3791 ex-

715 3834 850 3909 cellens
875 3842 981 3930 poeta
1007 3834 1178 3931 Virgilius
1202 3834 1267 3927 qul
1290 3835 1366 3909 alte
1381 3834 1560 3912 docuerat
1577 3842 1703 3910 ortum
1720 3836 1885 3911 omniurn

561 4027 563 4033 .
715 3954 901 4048 vitiorum,
922 3960 1022 4046 posto
1048 3975 1138 4027 uvea
1159 3957 1230 4046 fine
1254 3957 1294 4027 ut
1315 3976 1379 4029 suo
1403 3958 1684 4048 ramonammto,
1702 3956 1805 4050 idest,
1828 3977 1888 4030 ra-

715 4074 862 4149 tiocinio
887 4074 1011 4150 subtili
1032 4074 1130 4169 quod
1157 4074 1294 4151 iecerat
1318 4074 1366 4149 de
1389 4096 1530 4171 amore,
1564 4084 1597 4149 et
1625 4082 1754 4150 atone
1778 4096 1889 4167 guor-

715 4198 825 4287 dnua,
851 4195 938 4290 quia
963 4194 1010 4270 de
1035 4194 1190 4269 materia
1215 4194 1311 4289 lorti,
1336 4198 1429 4269 aeda
1463 4200 1536 4269 mia
1563 4199 1652 4270 abta
1676 4199 1753 4270 s'io
1771 4217 1889 4288 parea

715 4322 885 4407 conone,
910 4315 957 4389 de
981 4315 1210 4390 distinctione
1235 4316 1339 4390 lacta.
1365 4317 1411 4389 Et
1434 4316 1592 4391 ostendit
1611 4316 1797 4410 quomodo
1815 4336 1888 4390 non

716 4443 910 4512 contentus
935 4436 1055 4511 adbuc
1081 4436 1282 4529 dubitabat,
1299 4435 1444 4512 dicens:
1470 4444 1504 4511 et
1526 4441 1561 4511 to
1585 4441 1641 4511 citi
1664 4458 1783 4511 nuova
1806 4445 1887 4529 sete,

716 4558 818 4653 idest,
843 4557 997 4633 aviditas
1028 4556 1176 4652 sciendi,
1201 4578 1314 4631 accur
1341 4562 1512 4651 frugavc,
1544 4559 1726 4654 purgabat
1757 4564 1794 4632 el
1824 4578 1889 4633 cu-

715 4678 864 4773 quebat,
889 4680 928 4752 dt
947 4682 1033 4771 fitur
1059 4685 1194 4767 tcceoo,
1212 4696 1384 4752 sermone
1409 4677 1560 4771 verbali,
1580 4700 1601 4751 e
1622 4680 1747 4751 bubo
1771 4680 1890 4751 drea:

716 4816 888 4871 sermone
913 4795 1075 4890 mentali,
1097 4800 1198 4891 forse
1227 4799 1261 4870 to
1292 4804 1418 4889 troppo
1449 4799 1643 4872 dtmoodar
1670 4800 1770 4871 clt'io
1796 4802 1836 4892 so
1865 4801 1891 4871 tt

781 5054 809 5118 (¹)
827 5061 880 5118 tl'l,
897 5057 1067 5111 distinctione.
1316 5058 1344 5118 (¹)
1361 5059 1392 5111 ll.
1408 5058 1473 5110 dicit
1487 5060 1543 5109 cler
1558 5059 1657 5109 L'utto.
