4542 6842
817 990 955 1048 caurus
980 991 1175 1048 sccuunus.
1527 978 1570 1045 61

401 1133 592 1229 nunquam
619 1139 737 1228 potest
762 1135 951 1232 submergi
977 1135 1015 1210 in
1045 1135 1139 1210 mari
1170 1135 1280 1210 buius
1308 1135 1447 1210 mundi.
1473 1134 1575 1210 Unde

399 1255 489 1329 dixit
502 1247 539 1348 (¹)
567 1254 751 1328 Christus:
774 1259 912 1347 liopaui
929 1275 1003 1348 pro
1028 1262 1072 1347 te,
1099 1260 1213 1347 Petro,
1239 1262 1277 1328 ut
1303 1258 1392 1348 fides
1416 1262 1476 1329 trra
1502 1274 1574 1326 oon

399 1377 546 1466 deficat.
572 1374 658 1450 ldeo
683 1374 777 1450 bene
795 1381 849 1449 est
866 1375 950 1450 alba
967 1381 1005 1450 et
1020 1397 1114 1470 pura
1132 1376 1200 1451 ista
1224 1376 1336 1471 naris,
1354 1376 1449 1451 sicut
1474 1374 1575 1470 tides,

400 1494 465 1568 nbi
483 1493 585 1568 navis
602 1493 793 1569 charontis
811 1500 866 1569 est
884 1495 988 1591 nigra
1005 1500 1042 1570 et
1059 1495 1228 1590 obscura,
1242 1494 1289 1570 de
1304 1517 1380 1591 qua
1392 1495 1478 1572 dicit
1495 1494 1577 1568 Vir-

400 1613 509 1710 gilius
522 1616 567 1688 Vl
588 1614 760 1690 Eneidos:
779 1619 824 1688 Et
843 1617 1048 1708 ferruginea
1063 1615 1238 1688 movetur
1258 1636 1415 1709 corpora
1437 1617 1573 1709 cymba.

400 1735 445 1808 Et
469 1734 640 1809 describit
666 1734 817 1809 modum
844 1734 1036 1830 navigandi
1061 1735 1166 1809 istius
1192 1745 1314 1812 nautae
1339 1736 1499 1833 gloriosi,
1520 1735 1577 1810 di·

401 1875 516 1931 cens:
534 1859 562 1930 it
578 1858 729 1930 celmttat
743 1857 937 1946 rrocclriero,
955 1855 1091 1929 scilicet
1109 1856 1271 1952 Angelus
1291 1856 1424 1931 missus
1440 1875 1463 1930 a
1479 1855 1574 1930 coelo

401 1976 447 2050 ad
472 1975 679 2051 eruendum
694 1967 731 2068 (²)
752 1975 905 2050 miseros
921 1975 968 2050 de
985 1975 1156 2050 lluctibus
1183 1982 1453 2072 tempestatum,
1472 1983 1575 2048 stuoo

401 2097 451 2169 dc
471 2115 605 2188 poppa,
630 2095 725 2169 sicut
749 2101 805 2170 est
832 2095 878 2170 de
912 2115 1018 2170 more
1046 2096 1334 2192 gubernantium
1366 2097 1501 2172 navim.
1528 2095 1573 2168 Et

400 2214 499 2290 addit
523 2214 569 2289 ad
594 2219 837 2310 augmentum
864 2215 1012 2290 maioris
1037 2215 1291 2312 perfectionis:
1317 2221 1370 2290 tat
1392 2219 1452 2290 cte
1472 2217 1574 2310 soria

398 2337 498 2408 beato
522 2356 593 2428 per
623 2338 767 2426 borao,
795 2355 842 2410 ne
877 2335 967 2409 dum
998 2336 1107 2432 risus,
1140 2337 1236 2411 sicut
1267 2359 1380 2436 nunc,
1398 2357 1468 2434 ego
1500 2335 1572 2412 ridi

399 2451 499 2550 eum,
526 2456 610 2530 licet
634 2456 763 2530 oculus
788 2477 861 2530 non
887 2464 983 2533 esset
1002 2456 1104 2530 tortis
1129 2457 1174 2531 ad
1202 2464 1340 2532 tantam
1365 2457 1570 2532 claritatem
1603 2545 1607 2552 .

399 2574 668 2669 sustinendam;
695 2580 732 2650 et
757 2574 859 2649 dicit:
881 2571 982 2668 epit
1007 2579 1045 2649 dt
1068 2583 1166 2649 emto
1184 2579 1286 2670 sptrti
1309 2583 1409 2650 entro
1433 2580 1572 2670 sedero,

400 2715 468 2790 pro
493 2694 678 2789 sedebant,
705 2694 808 2789 quasi
833 2693 940 2788 dicat,
974 2695 1105 2789 multi,
1136 2703 1260 2770 tamen
1288 2696 1434 2771 Charon
1459 2697 1571 2772 babet

402 2815 581 2888 maiorem
610 2813 878 2889 multitudinem
906 2813 943 2888 in
968 2835 1036 2889 sua
1062 2813 1147 2889 nari
1171 2815 1357 2908 continuo,
1389 2815 1475 2910 qnia
1504 2835 1572 2910 pro

402 2955 478 3008 uno
504 2933 567 3028 qui
594 2933 708 3008 tendit
731 2933 777 3008 ad
803 2933 1065 3029 poenitentiam,
1092 2934 1192 3008 mille
1215 2942 1302 3008 sunt
1330 2935 1394 3029 qui
1419 2934 1573 3010 tendunt

400 3055 446 3130 ad
471 3055 709 3150 peccandum.
723 3059 828 3128 -lo
852 3058 958 3128 cartu.
985 3055 1050 3129 llic
1081 3062 1186 3150 poeta
1219 3054 1390 3131 describit
1420 3062 1571 3131 cantum

399 3175 546 3250 illarum
572 3174 792 3249 animarum.
827 3175 871 3248 Et
902 3175 949 3250 ad
979 3175 1251 3272 intelligentiam
1284 3176 1396 3249 buius
1419 3175 1574 3251 fictionis

398 3296 605 3371 artificiosa
623 3296 705 3370 volo
732 3303 768 3370 te
793 3295 912 3391 primo
929 3295 1034 3389 scire,
1053 3295 1152 3390 quod
1173 3295 1351 3392 AEgyptus
1370 3295 1455 3370 satis
1471 3316 1574 3370 com-

401 3417 597 3515 mendatur
622 3417 669 3490 ab
689 3416 900 3509 autoribus3
919 3422 956 3490 et
972 3416 1091 3512 primo
1109 3416 1258 3510 quidem
1276 3416 1325 3491 ab
1346 3416 1574 3511 antiquitate,

400 3538 498 3612 unde
531 3538 635 3612 Plato
667 3537 704 3610 in
736 3535 897 3611 Thimaeo
932 3538 1011 3610 vult
1040 3537 1141 3632 quod
1173 3536 1352 3612 diluvium
1382 3557 1456 3612 non
1489 3556 1575 3631 per-

400 3658 542 3734 venerit
567 3657 613 3732 ad
639 3677 713 3732 eos.
740 3655 966 3753 Augustinus
993 3664 1116 3732 tamen
1141 3657 1235 3732 libro
1259 3656 1306 3732 de
1331 3656 1484 3733 Civitate
1505 3656 1571 3730 Ilei

400 3785 529 3855 oontra
555 3779 624 3853 hoc
649 3777 745 3872 dicit,
771 3777 870 3870 quod
895 3779 965 3852 boc
990 3788 1046 3854 est
1071 3797 1204 3853 rerum
1229 3777 1276 3853 de
1300 3777 1437 3852 diluvio
1462 3776 1574 3872 parti-

401 3899 519 3974 culari
537 3897 636 3992 quod
657 3897 724 3973 luit
739 3897 777 3970 in
793 3897 934 3971 Graecia
955 3903 1123 3992 tempore
1141 3897 1372 3972 Deucalionis
1391 3902 1430 3972 et
1445 3895 1573 3993 Ogygii

402 4020 516 4116 regis,
530 4018 592 4093 sed
610 4017 788 4092 diluvium
807 4017 981 4113 generale
998 4017 1096 4111 quod
1114 4017 1183 4091 suit
1202 4025 1368 4113 tempore
1385 4019 1463 4093 Noe
1478 4018 1573 4092 bene

400 4138 566 4234 pervenit
595 4137 642 4212 ad
676 4137 851 4234 aegyptios
876 4135 984 4212 etad
1009 4157 1148 4212 omnes.
1174 4137 1219 4210 Et
1247 4137 1295 4212 de
1323 4137 1460 4211 diluvio
1489 4157 1575 4231 par-

344 4351 347 4361 f
401 4258 543 4333 ticulari
561 4257 725 4352 loquitur
742 4257 854 4332 etiam
871 4256 1082 4332 Aristoteles
1099 4257 1192 4331 libro
1206 4257 1494 4349 Problematum,
1508 4256 1575 4349 qui

400 4378 485 4453 dicit
510 4378 830 4471 quod-orientales
847 4377 998 4454 luerunt
1017 4377 1265 4473 sapientiores,
1284 4380 1371 4472 qnia
1393 4378 1572 4453 diluvium

401 4519 474 4574 non
499 4498 736 4595 pervenitad
769 4519 842 4574 eos.
873 4498 1164 4574 commendatur
1193 4499 1306 4574 etiam
1337 4499 1519 4596 AEgyptus
1550 4521 1574 4574 a

400 4617 594 4712 fertilitate,
621 4617 707 4712 quia
738 4625 780 4691 ut
803 4617 855 4692 ait
878 4619 1072 4691 Lucanus:
1104 4623 1217 4691 Terra
1235 4620 1309 4692 suis
1321 4622 1487 4712 scatade
1511 4621 1575 4691 bo-

400 4741 465 4811 nis.
492 4737 563 4812 Sed
588 4745 689 4813 certe
713 4745 814 4814 terra
835 4743 890 4812 est
909 4739 1016 4832 plena
1034 4737 1275 4832 serpentibus,
1292 4739 1417 4812 calore
1441 4747 1479 4814 et
1504 4739 1575 4813 sic-

399 4858 520 4952 citate,
554 4858 661 4953 plena
695 4859 866 4933 monstris
899 4866 937 4934 et
969 4858 1304 4954 superstitionibus,
1337 4859 1445 4934 cuius
1481 4879 1574 4955 gens

463 5127 491 5190 (¹)
507 5125 538 5178 R.
555 5127 619 5178 utxtt
635 5127 761 5180 Domims
776 5129 851 5180 larus
865 5128 991 5180 cbristus.
1132 5125 1161 5189 ζ’)
1177 5131 1231 5188 117,
1248 5126 1428 5178 circuendum.
