4542 6842
825 960 963 1017 caurus
988 962 1159 1018 ocruvus.
1508 954 1579 1023 237

409 1102 493 1179 licet
517 1111 603 1179 sunt
624 1104 796 1181 subiectae
814 1105 865 1181 eis
883 1112 1074 1201 tamquam
1091 1106 1232 1182 ancillae
1253 1108 1500 1186 ministrantes
1517 1112 1580 1190 eis.

408 1222 500 1297 Dicit
533 1243 647 1320 ergo:
683 1227 833 1301 ond’ellt'
865 1246 889 1298 a
920 1248 998 1301 me:
1028 1228 1167 1322 supple,
1202 1226 1374 1324 Virgilius
1406 1230 1517 1304 dixit:
1551 1234 1582 1305 lc

409 1352 548 1439 quottro
581 1347 699 1419 citiore
730 1348 836 1436 stelle,
868 1345 970 1441 idest,
1007 1348 1161 1423 virtutes
1196 1348 1378 1443 predicta
1410 1352 1581 1445 morales,

409 1465 542 1559 quibus
573 1458 764 1560 tamquam
795 1466 922 1560 primis
953 1467 1075 1542 anima
1109 1468 1208 1543 bona
1241 1469 1454 1565 adornatur,
1488 1470 1582 1545 sicut

409 1605 543 1681 corpus
562 1586 793 1679 componitur
820 1606 867 1661 ex
889 1594 1049 1680 quatuor
1073 1588 1277 1683 elementis,
1294 1592 1354 1663 elle
1373 1593 1493 1666 oedem
1505 1598 1581 1666 sto-

409 1726 524 1797 mune,
550 1705 586 1780 in
612 1715 696 1783 ortu
722 1726 881 1801 aurorae,
898 1728 964 1779 son
989 1710 1026 1781 di
1050 1697 1087 1781 td
1111 1708 1225 1799 basse,
1242 1708 1389 1803 scilicet,
1408 1710 1478 1783 sub
1504 1711 1579 1791 istis

408 1824 536 1919 tribus,
562 1846 581 1898 e
613 1832 738 1921 queste,
763 1826 910 1920 seilicet,
938 1832 1023 1920 tres,
1049 1847 1115 1901 son
1148 1830 1249 1901 solite
1272 1830 1327 1901 ου’
1343 1850 1433 1903 mun
1458 1833 1579 1921 quelle,
1676 1834 1687 1855 ‘

408 1944 553 2039 scilicet,
572 1945 618 2019 ad
637 1950 803 2020 nostrum
822 1946 948 2041 polum
965 1947 1219 2023 antarcticum.
1237 1947 1340 2024 Unde
1359 1948 1471 2023 debes
1487 1967 1577 2023 uou-

407 2063 569 2140 siderare
594 2066 694 2160 quod
719 2066 890 2163 Virgilius
915 2067 978 2161 qul
997 2087 1098 2141 nunc
1116 2065 1279 2161 loquitur
1297 2073 1353 2143 est
1369 2067 1406 2141 iu
1422 2067 1495 2142 alio
1512 2068 1580 2145 be-

407 2184 579 2279 misperio
605 2186 769 2280 opposito
795 2193 940 2281 nustro;
961 2186 1043 2262 ideo
1064 2187 1171 2281 polus
1186 2186 1419 2280 antarcticus,
1438 2188 1501 2282 qui
1522 2196 1580 2263 est

408 2302 511 2378 nobis
537 2306 714 2399 occultus,
740 2312 821 2380 erat
846 2326 1025 2401 apparens
1052 2307 1115 2401 eis,
1141 2311 1179 2381 et
1204 2312 1286 2383 erat
1309 2308 1414 2401 polus
1443 2328 1575 2382 eorum

406 2424 543 2518 iuuene,
569 2424 656 2519 quia
681 2434 909 2501 recesserant
938 2446 961 2500 a
993 2427 1146 2504 tenebra
1171 2427 1345 2502 vitiorum
1372 2428 1485 2504 nostri
1510 2429 1578 2503 be·

405 2544 577 2639 misperii.
591 2585 641 2599 —
656 2549 768 2618 Come.
794 2545 858 2619 llic
883 2552 991 2641 pocta
1011 2546 1182 2623 describit
1201 2548 1402 2625 adventum
1424 2568 1577 2643 serpeu-

406 2662 461 2758 tis,
480 2683 593 2758 quem
614 2684 725 2758 supra
751 2664 894 2739 dixerat
910 2665 1096 2743 Sordellus
1113 2687 1194 2743 esse
1212 2673 1410 2742 venturum
1427 2669 1475 2742 ad
1495 2675 1577 2743 ten-

407 2785 581 2861 tationem
606 2784 827 2859 animarum.
855 2785 899 2859 Et
928 2786 1046 2880 primo
1076 2786 1162 2862 dicit
1191 2788 1377 2882 quomodo
1403 2789 1574 2885 Virgilius

404 2904 603 2981 ostenderit
628 2904 747 2999 ipsum
774 2904 851 3000 sibi,
879 2905 976 2981 unde
1001 2906 1104 2981 dicit:
1131 2910 1266 2983 com'io
1280 2912 1453 3001 portum,
1471 2908 1574 3001 idest,

403 3026 494 3101 dum
518 3025 569 3099 sie
595 3024 774 3119 loquebar
799 3044 885 3100 cum
912 3025 1071 3122 Virgilio,
1089 3049 1107 3101 e
1131 3030 1291 3101 Sordello
1313 3050 1338 3100 a
1354 3050 1391 3101 se
1406 3030 1434 3102 e
1448 3036 1574 3119 nasse,

403 3148 549 3241 scilicet,
568 3145 689 3241 ipsum
705 3145 908 3242 Virgilium,
925 3150 1089 3238 mendo:
1107 3150 1186 3222 aedi
1204 3138 1241 3222 td
1259 3151 1288 3221 u
1305 3156 1427 3228 noctu
1444 3169 1574 3221 unom-

401 3289 502 3359 soro,
534 3266 683 3361 scilicet,
715 3274 924 3362 serpentem
959 3268 1190 3363 tentationis;
1222 3290 1241 3343 e
1273 3263 1401 3345 drizzd
1428 3274 1456 3343 il
1487 3273 1573 3362 dito,

402 3387 595 3463 ostendens
620 3387 687 3461 sibi
713 3389 836 3463 locum
853 3388 951 3464 unde
969 3386 1149 3483 veniebat,
1167 3386 1296 3481 percle
1309 3380 1346 3462 td
1359 3393 1568 3481 pandura.

401 3510 444 3584 Et
470 3509 520 3582 ‘sic
546 3515 632 3583 nota
658 3507 756 3602 quod
783 3528 869 3583 cum
895 3508 1054 3583 strictius
1085 3507 1310 3604 disponimur
1336 3509 1383 3585 ad
1406 3518 1573 3589 oontem-

401 3627 577 3723 plandum
596 3626 750 3703 virtutes
770 3626 909 3703 divinas
928 3648 1011 3721 quae
1032 3648 1097 3703 nos
1112 3628 1253 3704 ducunt
1267 3629 1314 3703 ad
1330 3630 1461 3724 Deum,
1484 3638 1574 3714 tuuc

400 3748 566 3823 diabolus
583 3746 779 3821 studiosius
800 3746 927 3822 nititur
946 3769 1011 3822 nos
1029 3768 1207 3824 revocare
1226 3749 1362 3823 insidiis
1378 3750 1469 3823 suis:
1488 3751 1571 3827 idco

400 3870 495 3945 bene
520 3874 628 3965 poeta
654 3868 756 3964 tingit
781 3868 879 3962 quod
899 3872 985 3942 sunt
1002 3869 1191 3945 retractia
1212 3872 1519 3966 contemplatione
1532 3865 1570 3963 (¹)

400 3990 547 4065 illarum
573 3991 774 4083 stellarum,
801 3995 837 4065 et
861 4010 884 4063 a
910 3988 1093 4087 locutione
1111 4011 1224 4083 quam
1242 3990 1423 4066 iaciebant
1439 3992 1486 4065 de
1506 3991 1569 4073 eis.

399 4110 445 4185 Et
468 4109 642 4185 continuo
666 4108 836 4185 describit
861 4128 946 4203 quae
971 4100 1144 4187 erat-ista
1168 4130 1332 4206 serpens,
1349 4116 1386 4190 et
1405 4112 1515 4205 uude,
1532 4118 1572 4187 et

356 4222 361 4231 '
399 4230 556 4326 qualiter
582 4230 761 4305 veniebat
787 4228 880 4305 llicit
904 4250 1018 4325 ergo:
1044 4250 1116 4303 unu
1133 4230 1240 4309 buda
1253 4235 1352 4323 forse
1372 4234 1457 4323 quui
1472 4234 1571 4307 dude

399 4352 449 4425 ud
472 4354 550 4423 Eoo
573 4352 601 4422 il
623 4350 697 4423 cibo
722 4364 863 4439 umero,
890 4348 978 4443 quia
1003 4347 1116 4423 suasit
1142 4356 1184 4423 ut
1208 4356 1376 4445 gustaret
1395 4349 1442 4425 de
1460 4370 1571 4445 pomo
1709 4394 1712 4400 -

399 4470 522 4563 vetito,
549 4468 648 4563 quod
672 4468 791 4545 visum
824 4473 879 4543 est
910 4467 1018 4543 dulce
1050 4472 1086 4543 et
1117 4488 1244 4563 suave,
1269 4468 1333 4543 sed
1366 4469 1403 4543 in
1435 4468 1571 4545 effectu

398 4591 465 4665 luit
482 4610 658 4665 amarum
681 4596 718 4665 et
744 4588 994 4683 mortiferum3
1013 4595 1050 4665 et
1066 4588 1152 4664 dicit
1168 4595 1337 4667 notanter
1355 4590 1462 4688 torte,
1484 4590 1571 4683 quia

398 4711 500 4785 nulla
526 4708 676 4785 tentatio
702 4714 924 4804 potestesse
949 4707 1074 4781 similis
1099 4708 1161 4803 illi,
1180 4730 1292 4803 quam
1318 4730 1468 4805 serpens
1486 4710 1571 4784 lecit

398 4829 526 4925 primis
552 4828 774 4923 parentibus,
806 4826 940 4921 quibus
970 4828 1162 4923 persuasit,
1193 4828 1293 4922 quod
1326 4836 1447 4905 essent
1476 4829 1570 4905 sicut

462 5077 489 5143 l¹l
506 5079 536 5129 Ε.
553 5078 585 5128 ab
600 5084 705 5143 aspectu
720 5080 834 5131 illarum.
